1878 2724
577 119 606 159 Ρ
619 121 647 157 Α
666 120 699 157 R
714 118 735 156 s
788 118 820 158 'r
837 119 861 159 Ε
875 116 908 158 R
925 125 956 159 T
969 124 984 158 1
999 124 1038 160 A.
1480 144 1491 167 2

106 172 290 223 ¹'opticorurri
318 168 470 208 concursu
488 169 570 206 intra
601 170 769 206 cerebrum
790 174 958 215 uniantur,
971 184 1008 207 ut
1023 171 1139 222 vulgus
1157 174 1364 212 Medicorum
1390 144 1493 225 put5a71.

112 226 197 260 Cum
207 224 293 258 enim
306 219 444 256 alterum
457 220 586 256 oculum
599 221 700 269 digito
712 219 873 269 paululum
886 221 1062 256 attollimus
1076 251 1087 265 ,
1102 234 1169 260 tum
1183 236 1230 258 res
1241 237 1279 258 ex
1291 225 1423 260 adverso
1435 240 1490 274 po-

110 272 166 309 fita
179 270 296 319 duplex
311 269 521 317 conspicitur:
548 281 608 305 nec
618 281 726 304 tamen
740 271 833 304 nervi
851 272 953 317 optici
964 281 1030 305 tum
1041 271 1251 309 divelluntur:
1262 272 1314 308 sed
1325 276 1400 321 quia
1410 276 1491 311 ima-

111 333 154 376 go
169 319 292 369 objeffl
306 320 337 352 in
358 318 472 354 eadem
487 320 634 368 regione,
649 317 700 354 seu
708 320 740 354 in
755 318 867 353 eadem
879 322 987 354 retinae
1004 331 1093 368 parte
1103 350 1113 364 ,
1127 322 1157 356 in
1168 334 1305 369 utroque
1316 322 1410 357 oculo
1422 338 1489 360 non

113 370 307 417 depingitur.

159 421 271 464 Itaque
290 415 368 450 illud
385 416 431 450 est
446 414 665 463 probabilius,
680 426 746 451 rem
764 428 883 459 unani,
895 421 929 452 δε
942 417 976 451 in
991 417 1107 453 eodem
1119 416 1175 452 fitu
1186 418 1228 453 ab
1238 431 1378 469 utroque
1393 420 1490 456 oculo

109 465 248 514 conspici
265 494 273 508 ‚
287 477 359 499 cum
370 476 523 512 uterque,
538 467 655 513 quique
671 464 851 500 irrefractus
867 465 996 501 oculum
1016 478 1164 514 penetrat
1185 471 1250 502 axis
1264 470 1387 504 visualis
1402 499 1411 514 ‚
1425 482 1492 516 quo

110 527 161 550 res
183 515 331 549 distincte
345 515 500 557 cernitur,
517 517 550 549 in
572 515 660 549 idem
682 512 807 560 objeifi
826 515 981 563 primirum
998 516 1152 563 dirigitur.
1177 517 1361 563 Quomodo
1383 529 1492 553 autem

111 563 199 598 oculi
220 561 326 597 muscae
344 560 400 596 fint
425 561 562 610 dispositi
575 591 584 605 ,
605 562 751 598 nonsatis
769 562 870 611 liquet
885 576 1009 611 ·,nuper
1025 575 1135 599 tamen
1155 565 1286 614 insignis
1310 569 1492 602 Geometra

110 617 146 650 &
161 610 374 658 Philosophus
390 612 436 646 D.
451 612 533 645 dela
547 613 631 645 Hire
641 614 673 647 in
683 613 788 661 Regia
798 612 975 647 Academia
988 624 1050 647 tres
1066 613 1177 647 muscae
1187 614 1297 649 oculos
1307 619 1340 651 in
1351 615 1492 650 formam

112 660 262 709 trianguli
273 671 400 707 aptatos
411 688 421 702 ‚
437 665 470 696 ὃ(
488 661 576 696 velut
589 662 621 695 in
632 663 743 708 capitis
763 664 880 696 vertice
896 660 1073 696 collocatos
1095 662 1233 698 ostendit
1248 678 1255 698 :
1270 665 1351 699 adeo
1369 676 1405 699 ut
1418 664 1493 698 hinc

111 709 236 758 liqueat
259 707 428 744 reticulum
457 708 533 744 illud
555 712 715 759 utrimque
731 708 869 759 positum
887 709 1072 759 multiplicis
1101 710 1186 745 oculi
1217 715 1305 748 vices
1324 726 1390 749 non
1417 712 1492 747 obi-

111 771 159 795 xe.

135 808 220 855 Opp.
234 811 276 852 4⁰
291 804 467 842 Gassendus
484 834 493 849 ,
505 806 666 855 utriusque
683 805 767 842 oculi
780 806 933 854 pupillam
954 809 987 843 in
1003 810 1177 843 contrarias
1197 820 1300 857 partes
1325 811 1440 858 dirigi,
1457 814 1491 846 &

110 866 269 902 quantum
281 868 342 890 una
359 855 398 889 ad
410 857 595 890 interiorem
608 855 761 904 angulum
774 856 898 889 accedit
910 884 919 898 ,
933 867 1059 890 tantum
1072 857 1206 892 alteram
1225 860 1257 892 in
1277 861 1470 892 exteriorem
1483 886 1493 901 ‚

111 904 165 939 seu
177 905 210 937 in
229 902 410 951 sylvestrem
426 902 574 940 deflecti:
586 904 669 938 adeo
683 914 719 938 ut
727 914 799 937 axes
811 903 971 951 utriusque
986 903 1069 938 oculi
1084 905 1207 954 semper
1224 905 1282 940 sibi
1300 918 1414 943 mutuo
1433 905 1492 942 fint

112 950 276 1001 paralleli,
286 964 394 1000 neque
414 954 447 987 in
457 965 559 988 unum
569 952 724 1002 punstum
736 963 863 988 coeant.

147 1002 234 1050 Refp.
246 1014 282 1036 10.
299 1003 384 1036 Rem
400 1002 537 1036 eandem
549 1001 570 1037 a.
582 1001 650 1037 visu
663 1002 801 1049 percipi,
813 1013 885 1035 cum
898 1011 1033 1048 uterque
1050 1002 1158 1037 oculus
1168 1003 1262 1037 radiis
1276 1002 1366 1039 velut
1379 1009 1492 1051 conju-

111 1052 194 1098 gatis
209 1077 219 1092 ,
235 1055 268 1086 &
282 1051 313 1084 in
323 1050 458 1084 eandem
476 1051 715 1098 perceptionem
725 1048 890 1083 destinatis
899 1050 1037 1097 attingit.
1049 1052 1101 1084 Sic
1112 1050 1169 1085 ubi
1183 1050 1350 1099 globulum
1366 1053 1492 1087 duobus

112 1099 219 1146 digitis
233 1097 396 1132 decussatis
416 1099 653 1134 contrectamus
664 1127 673 1142 ,
690 1096 776 1146 quasi
785 1097 944 1145 duplicem
964 1109 1094 1146 tangere
1107 1100 1267 1135 videmur.
1284 1102 1373 1136 Nam
1387 1101 1493 1136 facul-

113 1158 162 1181 tas
182 1159 253 1194 quae
271 1146 405 1181 cerebro
418 1147 500 1182 inest
512 1176 522 1190 ‚
538 1160 577 1182 ex
589 1147 710 1183 diversa
730 1157 901 1182 nervorum
916 1146 1119 1195 impreffione
1130 1177 1140 1190 ,
1155 1161 1222 1183 non
1236 1161 1334 1184 unum
1347 1177 1357 1192 ,
1374 1148 1426 1184 sed
1436 1149 1492 1184 du-

113 1195 232 1244 plicem
252 1197 388 1244 percipit
401 1194 579 1244 globulum.
593 1198 673 1232 Non
684 1193 822 1231 diffimili
838 1197 964 1230 ratione
976 1207 1049 1231 cum
1061 1196 1229 1231 oculorum
1251 1197 1390 1233 alterum
1411 1198 1494 1246 digi-

114 1255 150 1278 to
163 1243 340 1279 attollimus
352 1273 361 1288 ,
372 1249 406 1281 δι
418 1244 510 1279 radiis
520 1243 610 1280 velut
621 1243 782 1292 disparatis
799 1255 868 1278 rem
877 1243 1044 1291 aspicimus
1053 1274 1061 1288 ‚
1076 1255 1143 1279 tum
1157 1257 1229 1279 eam
1240 1249 1403 1294 geminam
1420 1259 1493 1294 per-

115 1295 250 1341 cipimus
263 1310 272 1336 3
287 1293 461 1341 superiores
475 1295 594 1342 quippe
604 1294 693 1328 unius
713 1291 798 1327 oculi
809 1292 888 1326 radii
897 1304 970 1328 cum
988 1292 1119 1328 alterius
1138 1294 1251 1329 itidem
1262 1294 1492 1344 superioribus,

114 1342 215 1377 medii
230 1354 302 1376 cum
312 1342 606 1386 niedii3‚inferi0res
617 1354 689 1377 cum
698 1339 905 1377 inferioribus
919 1339 1006 1376 fimul
1014 1354 1176 1390 agere‚aut
1185 1342 1342 1392 cospirare
1352 1345 1391 1379 ad
1403 1347 1492 1380 unius

116 1393 163 1424 rei
186 1392 428 1438 perceptionem
442 1390 557 1435 solent,
575 1403 641 1438 quo
652 1402 721 1426 rem
736 1403 834 1425 unam
845 1390 1023 1434 &seandem
1041 1393 1235 1427 renuntient.
1253 1394 1297 1428 At
1314 1391 1429 1428 fiforte
1448 1396 1494 1427 ita

113 1440 367 1486 detorqueantur
385 1439 492 1483 oculi,
503 1451 540 1475 ut
551 1440 654 1475 dextri
666 1441 757 1475 unius
769 1439 846 1473 radii
858 1450 931 1473 cum
944 1437 1071 1474 finistris
1082 1452 1156 1482 ‚aut
1173 1439 1338 1490 disparatis
1362 1441 1491 1476 alterius

114 1499 325 1530 concurrant,
346 1500 412 1523 tum
430 1500 478 1523 res
494 1489 588 1537 plane
605 1487 732 1523 diversa:
746 1487 939 1535 judicantur.
967 1488 1064 1526 Unde
1080 1488 1258 1536 hujusmodi
1276 1490 1443 1525 hominem
1463 1490 1493 1525 se

115 1535 225 1572 vidisse
245 1535 420 1572 Gass'endus
431 1549 685 1580 commemorat,
703 1541 787 1583 cujus
801 1536 881 1571 alter
893 1536 1003 1572 oculus
1011 1539 1102 1585 gravi
1118 1537 1277 1574 concussus
1290 1539 1382 1588 plaga
1394 1568 1403 1583 ‚
1413 1541 1492 1576 &in

116 1584 449 1620 diversumanaturali
459 1584 550 1621 litum
563 1585 738 1622 defleaens
753 1583 915 1621 efficiebat
928 1612 939 1628 ‚
954 1597 990 1620 ut
1008 1597 1055 1620 res
1073 1598 1184 1622 omnes
1199 1590 1370 1635 geminatae
1389 1590 1420 1624 ei
1435 1600 1492 1637 ap-

113 1645 275 1683 parerent.

144 1683 233 1730 qup.
251 1690 283 1718 20
309 1681 483 1731 Utriusque
506 1682 591 1718 oculi
616 1681 751 1731 pupillas
768 1682 873 1719 videri
896 1684 1061 1732 parallelas
1073 1714 1082 1728 ‚
1097 1696 1170 1720 cum
1189 1683 1354 1733 objectum
1367 1688 1490 1721 eminus

117 1730 275 1780 spec‘tatur
292 1746 299 1767 :
317 1742 382 1766 tum
408 1734 494 1767 enim
506 1731 665 1779 utriusque
679 1730 883 1766 intervallum
899 1744 982 1781 pene
1000 1733 1177 1770 insensibile
1191 1733 1235 1767 est
1253 1747 1326 1768 cum
1343 1734 1491 1769 distantia

118 1791 351 1828 comparatum.
367 1781 431 1815 Sed
441 1793 490 1817 res
501 1780 592 1815 aliter
603 1781 631 1815 se
643 1779 741 1820 habet
757 1778 812 1814 ubi
825 1791 873 1814 res
886 1784 1029 1817 cominus
1039 1784 1195 1824 cernitur,
1207 1793 1241 1816 ut
1261 1795 1333 1817 cum
1343 1782 1490 1831 legimus:

119 1839 187 1863 tum
204 1830 289 1863 enim
302 1830 345 1863 ita
355 1828 458 1863 ambae
472 1827 597 1877 pupillae
607 1830 781 1876 diriguntur
791 1857 801 1872 ,
819 1839 855 1863 nt
869 1841 976 1866 earum
985 1842 1060 1866 axes
1075 1833 1107 1866 in
1123 1831 1209 1864 idem
1229 1831 1383 1879 punicum
1400 1830 1493 1879 obje-

120 1878 163 1958 &li
180 1889 420 1914 convertantur.
441 1880 502 1915 His
513 1878 682 1933 explicatis
693 1890 759 1913 non
773 1878 835 1912 erit
844 1878 985 1915 alienum
1000 1881 1087 1916 varia
1108 1878 1187 1914 visus
1198 1880 1417 1927 phoenomena
1434 1891 1492 1915 ex-

120 1937 141 1972 p
156 1937 249 1962 leat?-

605 1975 637 2011 C
659 1977 688 2013 A
715 1978 739 2012 P
763 1976 799 2015 U
821 1978 853 2014 T
909 1979 967 2014 VI
982 1979 1007 2014 1.

300 2070 447 2118 Qaedam
463 2072 548 2119 vistis
565 2069 783 2120 phoenomena,
796 2082 852 2108 aut
865 2072 1062 2123 problemata
1083 2075 1305 2124 εκρίἱεανιιιιη

217 2170 359 2207 Uaeritur
375 2179 404 2204 10
426 2166 596 2217 quomodo
610 2180 714 2205 rerum
729 2169 884 2206 distantiae
903 2173 1121 2220 percipiantur.

253 2219 343 2267 Resp.
368 2219 537 2254 Distantias
551 2229 656 2253 rerum
672 2231 739 2254 non
758 2231 824 2255 tam
845 2220 866 2256 ἒι
883 2219 950 2256 visu
967 2220 1034 2269 ipso
1048 2251 1057 2265 ,
1075 2232 1172 2269 quam
1186 2217 1207 2255 ὲ
1223 2220 1256 2255 vi
1275 2218 1494 2267 imaginatrice

122 2266 255 2302 definiri.
283 2269 392 2302 Primo
407 2280 442 2301 ex
456 2278 627 2315 corporum
641 2279 711 2315 quae
737 2268 802 2305 visu
820 2270 1030 2318 percurrimus
1052 2269 1239 2316 interjefiu:
1255 2277 1321 2302 tum
1343 2268 1429 2301 enim
1444 2280 1494 2302 res

120 2313 177 2351 fibi
189 2318 340 2365 proximae
349 2316 532 2365 judicantur
544 2342 555 2360 ,
567 2328 640 2353 cum
657 2318 741 2354 inter
750 2329 806 2354 eas
814 2317 1057 2369 nullumpcorpus
1068 2316 1200 2403 visibilp3
1208 2318 1386 2363 interjacet.
1405 2317 1494 2353 Hinc

1207 2376 1225 2402 c
1234 2376 1250 2400 c
1261 2376 1278 2399 c
1312 2377 1333 2412 ι]
