1878 2724
350 134 414 173 682
919 128 1185 170 PHYSICAE

348 183 491 220 fundunt
505 183 675 226 decidua„
688 194 725 218 ac
742 192 855 219 mutuo
870 184 1018 233 pondere
1036 181 1075 218 fic
1095 182 1377 230 comprimunt-ur,
1406 189 1442 215 ut
1459 191 1748 234 atto-purpureum

346 233 493 268 colorem
503 232 643 267 induant.
661 232 751 268 Cum
766 244 876 269 tamen
891 235 958 268 aeti
974 243 1176 282 exponuntur
1196 259 1205 274 ‚
1224 229 1329 265 statim
1349 233 1538 267 coccineum
1553 239 1696 270 colorem
1711 241 1746 273 δε

348 285 554 330 vegetiorem
571 293 763 332 recuperant
781 297 789 320 ε
814 284 905 331 quod
921 282 1006 319 forte
1019 294 1075 317 aer
1089 279 1223 317 liberius
1236 282 1318 314 circa
1344 291 1400 314 eos
1425 280 1576 329 globulos
1592 286 1742 332 agitetur.

381 340 410 377 30
421 331 508 366 Cum
524 329 709 380 sanguinem
726 333 873 381 &pollice
891 333 1045 368 edustum
1063 331 1143 367 tubo
1156 329 1301 379 capillati
1323 328 1492 377 excepisset
1507 360 1516 374 ,
1533 332 1660 381 globuli
1676 333 1746 369 san-

336 382 450 431 ‚guinis
464 383 497 415 in
509 392 582 416 toto
593 380 706 417 tubulo
717 382 859 432 ejusdem
875 382 993 417 coloris
1004 381 1067 417 -vifi
1082 380 1171 416 sunt:
1188 380 1276 428 quod
1297 381 1330 415 in
1347 379 1479 415 arffiori
1497 381 1598 430 spatio
1619 381 1746 431 globuli

343 428 410 464 lese
425 442 535 465 mutuo
548 443 614 466 non
633 444 831 480 premerent.
852 431 967 467 livero
979 432 1063 466 adeo
1082 431 1278 466 suntminuti
1290 458 1300 472 ‚
1325 440 1360 464 ut
1372 442 1507 478 granum
1526 443 1631 467 arenae
1648 446 1747 480 25000

346 490 405 514 eos
416 492 521 527 aequet
529 479 691 529 globulos.
709 482 810 528 Quod
822 483 907 517 adeo
921 484 1036 517 mirum
1048 481 1152 516 videri
1164 492 1230 514 non
1245 477 1365 514 debet:
1380 492 1458 514 nam
1471 479 1492 514 fi
1510 481 1666 516 diameter
1674 495 1746 529 gra.

344 529 381 564 ni
393 529 529 564 arenulae
540 528 576 565 fit
590 545 624 578 25
648 536 752 580 major
761 532 921 568 diametro
934 534 1026 568 unius
1038 529 1185 580 globuli,
1202 527 1335 564 solidum
1352 529 1492 565 arenulae
1502 533 1565 566 erit
1579 539 1660 578 16125
1674 544 1749 566 ma-

344 580 392 626 jus
405 577 531 627 globuli
550 581 650 617 mole.
1720 591 1723 594 ’

381 635 424 673 4⁰
444 629 529 664 Cum
551 628 639 665 bene
652 629 682 664 se
699 629 801 666 habet
811 629 934 680 sanguis
945 630 1000 675 ,hi
1011 629 1139 679 globuli
1150 629 1218 665 sunt
1230 627 1395 664 molliores
1407 632 1441 664 ὃ(
1454 631 1555 678 magis
1571 626 1750 675 flexibiles,

344 688 382 712 ut
393 690 449 726 per
460 678 627 727 capillares
641 680 807 715 arteriolas
822 679 950 715 facilius
966 680 1184 730 pertranseant
1196 709 1204 724 ,
1224 684 1258 716 δε
1277 680 1362 713 inter
1381 689 1433 712 eas
1446 679 1602 727 angustias
1619 680 1750 716 atstatae

344 726 524 775 ellipticam
542 727 678 777 figuram
696 730 843 767 induant.
853 732 898 767 Hi
916 743 1013 778 porro
1027 729 1156 779 globuli
1174 741 1211 764 ex
1234 727 1287 763 sex
1310 725 1491 763 minoribus
1504 730 1562 776 qui
1575 728 1748 765 microsco.

343 778 401 824 pio
420 777 614 827 deteguntur
630 807 640 822 ,
663 778 855 828 plerumque
875 779 1045 829 compositi
1064 790 1247 815 cernuntur.

385 833 416 872 50
430 830 464 861 In
479 827 638 877 sanguinis
649 828 776 876 liquore
788 830 849 864 alia
859 842 992 878 quoque
1005 832 1182 864 minutiora
1194 825 1376 876 corpuscula
1386 825 1656 876 innatant‚figurae
1666 840 1748 877 qua-

345 874 505 911 dnlaterae
516 906 526 920 ,
540 890 610 924 qua:
620 877 681 912 esse
694 877 764 912 salis
783 878 968 925 corpuscula
979 881 1112 926 conjicit
1126 881 1186 914 Vir
1202 874 1434 913 solertiffimus.

381 931 416 960 6(ἱ
425 926 490 960 Lac
505 937 540 960 ut
551 925 675 974 sanguis
687 939 726 960 ex
742 925 847 961 setoso
858 926 1044 974 &limpido
1057 928 1192 962 humore
1209 931 1243 961 &
1256 924 1397 972 globulis
1410 938 1478 960 non
1487 924 1602 969 rubris,
1612 925 1665 960 sed
1676 925 1748 974 pel-

345 971 607 1009 lucidis-constat.
622 977 791 1023 Sanguinis
808 974 936 1023 globuli
951 975 1019 1010 sunt
1031 975 1171 1022 ejusdem
1185 986 1270 1023 pene
1281 973 1458 1017 molis,n0n
1469 976 1548 1009 item
1566 974 1657 1010 laetis
1675 974 1748 1023 glo-

345 1020 416 1056 buli
430 1052 439 1066 ,
459 1026 516 1069 qui
559 1022 711 1058 lurimum
723 1025 945 1072 magnitudine
954 1027 1037 1058 inter
1051 1023 1081 1058 se
1094 1024 1257 1058 differunt.
1267 1025 1349 1056 Sunt
1361 1023 1432 1056 aliae
1445 1025 1478 1057 in
1492 1022 1596 1058 setoso
1609 1023 1747 1059 humore

345 1073 512 1119 particulae
551 1085 637 1121 gurae
647 1073 778 1120 quidem
789 1073 968 1121 irregularis
980 1102 989 1116 ,
999 1071 1051 1107 sed
1064 1084 1136 1121 quae
1147 1073 1187 1107 ad
1201 1072 1372 1106 rotundam
1383 1071 1540 1106 accedunt
1552 1101 1562 1116 ,
1574 1071 1690 1120 easque
1699 1073 1748 1108 es-

344 1120 376 1155 se
390 1122 576 1171 pinguiores
590 1122 680 1158 laetis
691 1134 796 1170 partes
811 1125 869 1158 Vir
886 1122 1029 1157 laudatus
1041 1123 1207 1158 existimat.
1225 1122 1317 1155 Idem
1335 1119 1405 1155 fere
1418 1122 1451 1155 in
1468 1120 1553 1157 ladke
1564 1134 1638 1155 cum
1654 1121 1750 1157 refri-

345 1169 446 1218 gescit
455 1200 464 1214 ,
477 1172 567 1219 quod
581 1173 615 1206 in
625 1174 752 1221 gummi
763 1171 925 1207 nonnullis
936 1171 957 1207 ἐι
968 1171 1078 1220 spiritu
1096 1174 1164 1207 vini
1179 1170 1332 1207 dissolutis
1350 1168 1548 1208 observavit.
1569 1170 1749 1207 solutionis

344 1231 438 1267 gutta
448 1220 593 1269 limpidae
603 1234 694 1269 aquae
708 1221 844 1257 admista
852 1224 885 1257 in
895 1221 1050 1271 globulos
1061 1221 1212 1258 candidos
1225 1219 1296 1256 abit
1306 1249 1317 1265 ,
1331 1221 1385 1267 qui
1402 1220 1543 1257 lacteum
1552 1233 1642 1269 aquae
1657 1221 1750 1256 colo..

345 1280 417 1304 rem
435 1271 643 1318 impertiunt.

389 1326 425 1363 70
444 1319 617 1355 Particulas
642 1320 780 1355 sacchari
802 1317 924 1369 angulis
943 1319 1040 1369 paulo
1062 1318 1275 1356 obtusioribus
1303 1318 1364 1355 esse
1384 1318 1508 1368 asperas
1535 1320 1750 1371 microscopio

346 1372 507 1416 comperit
524 1384 532 1405 :
554 1370 637 1403 adeo
656 1381 691 1404 ut
705 1369 865 1406 crassiores
878 1368 937 1404 sint
949 1372 986 1404 iis
999 1369 1142 1419 globulis
1155 1398 1165 1413 ,
1191 1372 1225 1404 in
1242 1382 1324 1417 quos
1340 1368 1494 1404 fibrarum
1509 1369 1551 1405 lin
1578 1384 1624 1406 uae
1644 1384 1750 1407 extre-

346 1431 398 1453 ma
411 1417 566 1455 desinunt.
581 1421 669 1454 Hinc
682 1431 882 1468 unaquaeque
891 1420 1045 1467 particula
1056 1419 1195 1455 sacchati
1206 1418 1311 1468 plures
1325 1417 1458 1454 fibrillas
1469 1384 1588 1454 blanJe
1598 1434 1750 1456 commo-

345 1480 413 1503 vet.
428 1469 554 1504 Contra
564 1468 632 1504 salis
643 1470 807 1517 particulae
818 1470 977 1504 acutiores
991 1469 1078 1514 sunt,
1099 1475 1133 1507 &
1146 1468 1305 1506 firmiores
1320 1483 1329 1504 :
1353 1469 1436 1504 unde
1465 1474 1499 1506 δε
1520 1468 1636 1519 linguae
1651 1469 1750 1506 fibras

346 1518 510 1554 vellicant.
1666 1533 1671 1535 ·

381 1570 415 1604 8C
429 1570 556 1615 Manna
572 1571 745 1604 innumeris
758 1568 881 1605 tubulis
897 1569 1037 1604 constat:
1051 1567 1114 1604 hoc
1135 1569 1168 1604 in
1178 1580 1261 1615 aqua
1275 1567 1422 1603 exsoluto
1440 1567 1472 1604 hi
1487 1565 1589 1603 tubuli
1602 1572 1700 1613 coire,
1715 1574 1749 1606 δέ

347 1617 510 1666 angularia
522 1618 707 1667 corpuscula
718 1619 861 1654 formare
872 1648 881 1662 ,
903 1630 986 1666 pene
1007 1630 1043 1653 ut
1061 1621 1094 1653 in
1113 1618 1261 1653 saccharo
1278 1619 1429 1654 videntur
1444 1632 1452 1654 :
1469 1617 1619 1654 exhalato
1636 1618 1751 1667 paulu-

346 1665 414 1700 lum
437 1668 575 1702 humore
600 1670 623 1702 ii
638 1668 741 1703 tubuli
753 1668 773 1705 ὲι
790 1668 820 1703 se
834 1680 950 1703 mutuo
964 1666 1128 1703 discedunt
1146 1696 1154 1711 ‚
1180 1672 1215 1704 &
1240 1670 1336 1704 aneio
1350 1667 1458 1702 calore
1472 1666 1555 1702 fiunt
1573 1669 1751 1717 rigidiores,

346 1717 436 1752 Idem
449 1717 532 1753 forte
545 1717 651 1752 calore
664 1718 820 1753 viscerum
833 1718 961 1753 accidit.
976 1720 1063 1753 Nam
1078 1717 1110 1752 hi
1122 1716 1227 1752 tubuli
1241 1730 1278 1751 ea
1291 1718 1444 1752 mistione
1457 1728 1612 1752 acuuntur
1624 1747 1632 1761 ‚
1651 1723 1684 1754 ὅ(
1698 1719 1749 1752 in-

348 1768 536 1803 testinorum
558 1767 763 1803 membranas
777 1768 893 1804 leniter
907 1767 1115 1802 exstimulant.
1138 1769 1217 1816 Jam
1234 1779 1304 1815 quae
1328 1767 1452 1814 reliqua
1465 1766 1533 1801 sunt
1547 1795 1556 1810 ,
1575 1766 1751 1816 prosequa-

348 1829 433 1852 mur.

385 1867 473 1913 Saepe
486 1865 650 1901 evenir⁸ut
664 1866 788 1915 sanguis
805 1879 894 1902 extra
909 1866 1076 1915 capillares
1093 1868 1223 1902 arterias
1241 1865 1391 1914 impulsus
1402 1879 1468 1900 non
1479 1865 1592 1899 eadem
1603 1865 1753 1900 celerita-

348 1925 381 1948 te
394 1927 450 1961 per
465 1927 567 1949 novos
582 1928 709 1950 meatus
720 1915 839 1951 effluat.
855 1918 944 1950 Hinc
957 1927 1062 1962 partes
1075 1916 1161 1949 illius
1176 1914 1337 1949 crassiores
1347 1913 1408 1948 sisti
1419 1943 1427 1957 ,
1443 1919 1477 1951 &
1493 1925 1531 1947 ex
1548 1913 1754 1949 obstantium

347 1962 504 2011 pressione
529 1963 721 2012 conglobari
741 1966 919 2011 incipiunt,
945 1964 1023 1998 dum
1046 1962 1149 1998 tubrae
1171 1969 1205 2000 &
1232 1965 1393 1998 tenuiores
1411 1962 1575 2010 particulae
1592 1961 1752 2011 sanguinis

347 2016 437 2047 viam
450 2011 507 2046 sibi
520 2025 634 2060 parant
644 2042 654 2056 ,
671 2012 795 2048 fibrosae
807 2024 977 2049 remanent
989 2041 998 2056 ,
1007 2012 1124 2060 quibus
1142 2013 1208 2047 aliae
1221 2012 1354 2048 subinde
1368 2011 1585 2048 adhaerescunt
1595 2041 1605 2056 ‚
1617 2014 1751 2048 circuitu

347 2061 506 2110 sanguinis
522 2062 693 2110 impedito.
703 2065 755 2098 Sic
769 2062 884 2112 polypi
896 2062 981 2097 forre
994 2065 1027 2096 in
1043 2063 1228 2097 ventriculis
1248 2062 1353 2096 cordis
1367 2091 1376 2104 ,
1397 2067 1431 2098 ὅ(
1445 2062 1515 2096 aliis
1528 2064 1560 2096 in
1576 2061 1655 2096 locis
1669 2073 1707 2095 ex
1718 2060 1754 2096 fi:

347 2111 439 2146 brosa
450 2109 608 2160 sanguinis
620 2110 797 2147 substantia
811 2111 1029 2149 concrescunt.
1049 2113 1158 2159 Atque
1178 2112 1264 2146 idem
1277 2114 1310 2146 in
1329 2111 1454 2160 polypo
1470 2110 1559 2158 quod
1577 2113 1610 2146 in
1632 2109 1751 2145 fibroso

346 2159 497 2210 sanguine
514 2163 646 2195 evenit:
660 2161 793 2196 elixatus
804 2163 893 2197 enim
910 2163 943 2195 in
961 2160 1056 2196 fibras
1067 2191 1075 2205 ,
1087 2160 1200 2196 affinis
1218 2163 1249 2196 in
1260 2159 1499 2196 membranulas
1515 2159 1585 2194 abir
1596 2190 1605 2203 ,
1616 2165 1650 2196 &
1665 2171 1753 2194 uter-

346 2223 411 2258 que
422 2209 487 2245 olei
497 2208 620 2245 sulfuris
631 2210 785 2246 affusione
802 2210 933 2245 rubrum
943 2210 1087 2245 colorem
1098 2210 1287 2259 adipiscit-ir.
1306 2212 1358 2245 Sic
1371 2208 1586 2251 tuberctila‚&
1600 2209 1670 2243 duri
1685 2208 1754 2255 ple-

346 2271 483 2307 rumque
501 2272 645 2294 tumores
660 2263 819 2296 oriuntur.
843 2263 887 2295 Ex
906 2258 996 2295 fibris
1018 2263 1107 2295 enirn
1138 2262 1226 2295 varie
1252 2258 1402 2308 implexis
1420 2258 1616 2306 multiplices
1633 2259 1752 2293 tunicae

348 2309 481 2346 fruman
499 2308 603 2345 solent
622 2323 629 2345 ε
652 2311 684 2345 in
707 2310 882 2359 pleuriticis
899 2308 969 2345 vasa
999 2309 1192 2358 plerumque
1211 2308 1342 2358 polypis
1367 2309 1485 2344 referta
1503 2306 1752 2356 conspiciuntur.

344 2361 435 2395 Nam
453 2361 487 2393 in
499 2359 561 2394 hoc
576 2359 684 2394 morbi
698 2372 818 2408 genere
831 2358 956 2408 sanguis
975 2357 1056 2395 solet
1073 2358 1290 2394 concrescere.
1308 2360 1421 2408 Negat
1435 2355 1578 2393 Boi-ellus
1594 2355 1754 2407 polypum

345 2420 382 2445 ex
396 2409 533 2443 humore
544 2409 639 2444 acido
650 2408 952 2444 oriri:observ.1tum
969 2411 1055 2444 enim
1065 2409 1105 2443 ab
1119 2421 1158 2442 eo
1170 2408 1232 2442 fuit
1248 2408 1372 2444 succum
1386 2420 1518 2444 omnm
1534 2406 1663 2441 acidum
1681 2408 1750 2440 san.-

345 2461 446 2504 gsinis
457 2457 615 2495 ablumini
625 2460 795 2495 admistum
810 2464 875 2509 ejus
885 2461 1131 2495 concretionem
1144 2458 1313 2505 impedire.
