<?xml version="1.0" encoding="UTF-8"?>
<!DOCTYPE html PUBLIC "-//W3C//DTD XHTML 1.0 Transitional//EN"
    "http://www.w3.org/TR/xhtml1/DTD/xhtml1-transitional.dtd">
<html xmlns="http://www.w3.org/1999/xhtml" xml:lang="en" lang="en">
 <head>
  <title>
</title>
<meta http-equiv="Content-Type" content="text/html;charset=utf-8" />
  <meta name='ocr-system' content='tesseract 3.04.00' />
  <meta name='ocr-capabilities' content='ocr_page ocr_carea ocr_par ocr_line ocrx_word'/>
</head>
<body>
  <div class='ocr_page' id='page_1' title='image "./philosophiavetus02duhauoft_0070.png"; bbox 0 0 1878 2724; ppageno 0'>
   <div class='ocr_carea' id='block_1_1' title="bbox 329 126 1737 1706">
    <p class='ocr_par' dir='ltr' id='par_1_1' title="bbox 333 126 1341 173">
     <span class='ocr_line' id='line_1_1' title="bbox 333 126 1341 173; baseline -0.001 -9"><span class='ocrx_word' id='word_1_1' title='bbox 333 131 372 173; x_wconf 60' lang='lat'>³58</span> <span class='ocrx_word' id='word_1_2' title='bbox 716 126 982 165; x_wconf 77' lang='lat' dir='ltr'><strong>—PHYSICAE</strong></span> <span class='ocrx_word' id='word_1_3' title='bbox 1027 127 1341 165; x_wconf 74' lang='lat' dir='ltr'>GEN&#39;ERALIS</span> 
     </span>
    </p>

    <p class='ocr_par' dir='ltr' id='par_1_2' title="bbox 333 176 1734 327">
     <span class='ocr_line' id='line_1_2' title="bbox 335 176 1734 227; baseline 0.002 -15"><span class='ocrx_word' id='word_1_4' title='bbox 335 177 376 212; x_wconf 75' lang='lat' dir='ltr'>sit</span> <span class='ocrx_word' id='word_1_5' title='bbox 386 176 732 225; x_wconf 79' lang='lat' dir='ltr'>compofitioinateriae</span> <span class='ocrx_word' id='word_1_6' title='bbox 750 185 783 215; x_wconf 73' lang='grc' dir='ltr'>δε</span> <span class='ocrx_word' id='word_1_7' title='bbox 799 179 930 213; x_wconf 79' lang='lat' dir='ltr'>formae:</span> <span class='ocrx_word' id='word_1_8' title='bbox 951 176 1003 211; x_wconf 83' lang='lat' dir='ltr'>sed</span> <span class='ocrx_word' id='word_1_9' title='bbox 1024 177 1090 212; x_wconf 83' lang='lat' dir='ltr'>haec</span> <span class='ocrx_word' id='word_1_10' title='bbox 1108 177 1266 214; x_wconf 76' lang='lat' dir='ltr'>sensibilia</span> <span class='ocrx_word' id='word_1_11' title='bbox 1275 192 1345 214; x_wconf 82' lang='lat' dir='ltr'>non</span> <span class='ocrx_word' id='word_1_12' title='bbox 1365 176 1435 213; x_wconf 86' lang='lat' dir='ltr'>sunt</span> <span class='ocrx_word' id='word_1_13' title='bbox 1450 195 1459 223; x_wconf 88' lang='lat'>;</span> <span class='ocrx_word' id='word_1_14' title='bbox 1476 178 1577 227; x_wconf 87' lang='lat' dir='ltr'>idque</span> <span class='ocrx_word' id='word_1_15' title='bbox 1597 178 1666 215; x_wconf 86' lang='lat' dir='ltr'>satis</span> <span class='ocrx_word' id='word_1_16' title='bbox 1685 180 1734 215; x_wconf 77' lang='lat' dir='ltr'>efl:</span> 
     </span>
     <span class='ocr_line' id='line_1_3' title="bbox 333 226 1734 276; baseline 0.003 -14"><span class='ocrx_word' id='word_1_17' title='bbox 333 226 512 263; x_wconf 79' lang='lat' dir='ltr'>verifimile</span> <span class='ocrx_word' id='word_1_18' title='bbox 523 229 638 274; x_wconf 87' lang='lat' dir='ltr'>cuique</span> <span class='ocrx_word' id='word_1_19' title='bbox 647 239 761 263; x_wconf 86' lang='lat' dir='ltr'>atomo</span> <span class='ocrx_word' id='word_1_20' title='bbox 773 226 859 263; x_wconf 81' lang='lat' dir='ltr'>suam</span> <span class='ocrx_word' id='word_1_21' title='bbox 872 226 933 263; x_wconf 83' lang='lat' dir='ltr'>effe</span> <span class='ocrx_word' id='word_1_22' title='bbox 943 226 1135 274; x_wconf 81' lang='lat' dir='ltr'>qualitatem</span> <span class='ocrx_word' id='word_1_23' title='bbox 1148 226 1345 265; x_wconf 81' lang='lat' dir='ltr'>effentialem</span> <span class='ocrx_word' id='word_1_24' title='bbox 1354 255 1364 271; x_wconf 89' lang='lat'>,</span> <span class='ocrx_word' id='word_1_25' title='bbox 1377 239 1448 276; x_wconf 85' lang='lat' dir='ltr'>quae</span> <span class='ocrx_word' id='word_1_26' title='bbox 1466 227 1572 264; x_wconf 84' lang='lat' dir='ltr'>forma</span> <span class='ocrx_word' id='word_1_27' title='bbox 1589 229 1734 266; x_wconf 85' lang='lat' dir='ltr'>substan-</span> 
     </span>
     <span class='ocr_line' id='line_1_4' title="bbox 339 275 622 327; baseline 0.004 -17"><span class='ocrx_word' id='word_1_28' title='bbox 339 275 422 327; x_wconf 70' lang='lat' dir='ltr'>tialis</span> <span class='ocrx_word' id='word_1_29' title='bbox 437 277 500 310; x_wconf 90' lang='lat' dir='ltr'>dici</span> <span class='ocrx_word' id='word_1_30' title='bbox 511 276 622 323; x_wconf 83' lang='lat' dir='ltr'>potest.</span> 
     </span>
    </p>

    <p class='ocr_par' dir='ltr' id='par_1_3' title="bbox 329 326 1736 1052">
     <span class='ocr_line' id='line_1_5' title="bbox 379 326 1732 373; baseline 0.005 -15"><span class='ocrx_word' id='word_1_31' title='bbox 379 326 494 373; x_wconf 83' lang='lat' dir='ltr'>Opp.3.</span> <span class='ocrx_word' id='word_1_32' title='bbox 514 327 587 360; x_wconf 90' lang='lat' dir='ltr'>Nec</span> <span class='ocrx_word' id='word_1_33' title='bbox 598 335 681 358; x_wconf 83' lang='lat' dir='ltr'>terra</span> <span class='ocrx_word' id='word_1_34' title='bbox 700 327 730 359; x_wconf 91' lang='lat' dir='ltr'>in</span> <span class='ocrx_word' id='word_1_35' title='bbox 739 337 857 372; x_wconf 81' lang='lat' dir='ltr'>aquam</span> <span class='ocrx_word' id='word_1_36' title='bbox 871 338 951 369; x_wconf 89' lang='lat' dir='ltr'>‚nec</span> <span class='ocrx_word' id='word_1_37' title='bbox 962 336 1046 373; x_wconf 88' lang='lat' dir='ltr'>aqua</span> <span class='ocrx_word' id='word_1_38' title='bbox 1057 327 1090 360; x_wconf 92' lang='lat' dir='ltr'>in</span> <span class='ocrx_word' id='word_1_39' title='bbox 1108 336 1219 361; x_wconf 86' lang='lat' dir='ltr'>aei-ern</span> <span class='ocrx_word' id='word_1_40' title='bbox 1237 354 1246 369; x_wconf 90' lang='lat'>‚</span> <span class='ocrx_word' id='word_1_41' title='bbox 1265 337 1325 361; x_wconf 90' lang='lat' dir='ltr'>nec</span> <span class='ocrx_word' id='word_1_42' title='bbox 1346 338 1401 361; x_wconf 86' lang='lat' dir='ltr'>aer</span> <span class='ocrx_word' id='word_1_43' title='bbox 1419 327 1551 364; x_wconf 87' lang='lat' dir='ltr'>demum</span> <span class='ocrx_word' id='word_1_44' title='bbox 1567 331 1601 365; x_wconf 91' lang='lat' dir='ltr'>in</span> <span class='ocrx_word' id='word_1_45' title='bbox 1618 331 1628 364; x_wconf 87' lang='lat' dir='ltr'>i</span> <span class='ocrx_word' id='word_1_46' title='bbox 1663 342 1732 366; x_wconf 83' lang='lat' dir='ltr'>iem</span> 
     </span>
     <span class='ocr_line' id='line_1_6' title="bbox 337 342 1733 425; baseline 0.004 -15"><span class='ocrx_word' id='word_1_47' title='bbox 337 377 548 410; x_wconf 84' lang='lat' dir='ltr'>convertitur.</span> <span class='ocrx_word' id='word_1_48' title='bbox 572 374 794 420; x_wconf 76' lang='lat' dir='ltr'>Qiantumvis</span> <span class='ocrx_word' id='word_1_49' title='bbox 818 377 906 410; x_wconf 86' lang='lat' dir='ltr'>enim</span> <span class='ocrx_word' id='word_1_50' title='bbox 927 387 1012 424; x_wconf 87' lang='lat' dir='ltr'>aqua</span> <span class='ocrx_word' id='word_1_51' title='bbox 1030 385 1147 409; x_wconf 87' lang='lat' dir='ltr'>terram</span> <span class='ocrx_word' id='word_1_52' title='bbox 1163 375 1264 410; x_wconf 84' lang='lat' dir='ltr'>diluas</span> <span class='ocrx_word' id='word_1_53' title='bbox 1286 403 1296 417; x_wconf 87' lang='lat'>‚</span> <span class='ocrx_word' id='word_1_54' title='bbox 1319 374 1422 411; x_wconf 84' lang='lat' dir='ltr'>lutum</span> <span class='ocrx_word' id='word_1_55' title='bbox 1435 379 1571 424; x_wconf 87' lang='lat' dir='ltr'>quidem</span> <span class='ocrx_word' id='word_1_56' title='bbox 1589 342 1708 415; x_wconf 57' lang='lat' dir='ltr'>effigclies</span> <span class='ocrx_word' id='word_1_57' title='bbox 1721 409 1733 425; x_wconf 88' lang='lat'>‚</span> 
     </span>
     <span class='ocr_line' id='line_1_7' title="bbox 337 423 1733 473; baseline 0.003 -17"><span class='ocrx_word' id='word_1_58' title='bbox 337 424 389 458; x_wconf 84' lang='lat' dir='ltr'>sed</span> <span class='ocrx_word' id='word_1_59' title='bbox 411 435 523 458; x_wconf 81' lang='lat' dir='ltr'>neutra</span> <span class='ocrx_word' id='word_1_60' title='bbox 537 425 567 458; x_wconf 90' lang='lat' dir='ltr'>in</span> <span class='ocrx_word' id='word_1_61' title='bbox 584 423 720 459; x_wconf 81' lang='lat' dir='ltr'>alteram</span> <span class='ocrx_word' id='word_1_62' title='bbox 736 423 875 461; x_wconf 80' lang='lat' dir='ltr'>faceffet.</span> <span class='ocrx_word' id='word_1_63' title='bbox 886 427 938 460; x_wconf 85' lang='lat' dir='ltr'>Sic</span> <span class='ocrx_word' id='word_1_64' title='bbox 948 436 1031 473; x_wconf 86' lang='lat' dir='ltr'>aqua</span> <span class='ocrx_word' id='word_1_65' title='bbox 1046 426 1079 459; x_wconf 90' lang='lat' dir='ltr'>in</span> <span class='ocrx_word' id='word_1_66' title='bbox 1095 437 1231 473; x_wconf 80' lang='lat' dir='ltr'>vapores</span> <span class='ocrx_word' id='word_1_67' title='bbox 1246 423 1379 472; x_wconf 88' lang='lat' dir='ltr'>quidem</span> <span class='ocrx_word' id='word_1_68' title='bbox 1399 423 1469 459; x_wconf 88' lang='lat' dir='ltr'>abit</span> <span class='ocrx_word' id='word_1_69' title='bbox 1486 441 1494 462; x_wconf 65' lang='grc' dir='ltr'><strong>ε</strong></span> <span class='ocrx_word' id='word_1_70' title='bbox 1522 427 1574 462; x_wconf 87' lang='lat' dir='ltr'>sed</span> <span class='ocrx_word' id='word_1_71' title='bbox 1594 428 1628 463; x_wconf 82' lang='lat' dir='ltr'>hi</span> <span class='ocrx_word' id='word_1_72' title='bbox 1657 440 1733 465; x_wconf 76' lang='lat' dir='ltr'>toto</span> 
     </span>
     <span class='ocr_line' id='line_1_8' title="bbox 336 471 1734 524; baseline 0.005 -17"><span class='ocrx_word' id='word_1_73' title='bbox 336 472 420 507; x_wconf 83' lang='lat' dir='ltr'>coelo</span> <span class='ocrx_word' id='word_1_74' title='bbox 431 471 472 507; x_wconf 85' lang='lat' dir='ltr'>ab</span> <span class='ocrx_word' id='word_1_75' title='bbox 482 484 558 507; x_wconf 77' lang='lat' dir='ltr'>aere</span> <span class='ocrx_word' id='word_1_76' title='bbox 569 472 722 509; x_wconf 76' lang='lat' dir='ltr'>differunt</span> <span class='ocrx_word' id='word_1_77' title='bbox 741 489 749 510; x_wconf 72' lang='grc' dir='ltr'><strong><em>ς</em></strong></span> <span class='ocrx_word' id='word_1_78' title='bbox 770 486 844 509; x_wconf 84' lang='lat' dir='ltr'>cum</span> <span class='ocrx_word' id='word_1_79' title='bbox 865 477 900 509; x_wconf 90' lang='lat' dir='ltr'>in</span> <span class='ocrx_word' id='word_1_80' title='bbox 919 486 1037 522; x_wconf 83' lang='lat' dir='ltr'>aquam</span> <span class='ocrx_word' id='word_1_81' title='bbox 1061 474 1197 509; x_wconf 85' lang='lat' dir='ltr'>redeant</span> <span class='ocrx_word' id='word_1_82' title='bbox 1210 504 1219 517; x_wconf 85' lang='lat'>‚</span> <span class='ocrx_word' id='word_1_83' title='bbox 1240 485 1300 508; x_wconf 89' lang='lat' dir='ltr'>nec</span> <span class='ocrx_word' id='word_1_84' title='bbox 1314 472 1389 508; x_wconf 84' lang='lat' dir='ltr'>alud</span> <span class='ocrx_word' id='word_1_85' title='bbox 1413 472 1472 509; x_wconf 83' lang='lat' dir='ltr'>fint</span> <span class='ocrx_word' id='word_1_86' title='bbox 1494 475 1553 510; x_wconf 87' lang='lat' dir='ltr'>nifi</span> <span class='ocrx_word' id='word_1_87' title='bbox 1570 478 1734 524; x_wconf 80' lang='lat' dir='ltr'>particulae</span> 
     </span>
     <span class='ocr_line' id='line_1_9' title="bbox 335 522 1734 571; baseline 0.005 -15"><span class='ocrx_word' id='word_1_88' title='bbox 335 534 424 569; x_wconf 81' lang='lat' dir='ltr'>aquae</span> <span class='ocrx_word' id='word_1_89' title='bbox 435 522 583 570; x_wconf 68' lang='lat' dir='ltr'>disjestae.</span> <span class='ocrx_word' id='word_1_90' title='bbox 598 523 699 559; x_wconf 85' lang='lat' dir='ltr'>Unde</span> <span class='ocrx_word' id='word_1_91' title='bbox 711 535 812 571; x_wconf 82' lang='lat' dir='ltr'>vapor</span> <span class='ocrx_word' id='word_1_92' title='bbox 829 535 920 571; x_wconf 78' lang='lat' dir='ltr'>aquae</span> <span class='ocrx_word' id='word_1_93' title='bbox 937 535 1085 559; x_wconf 83' lang='lat' dir='ltr'>naturam</span> <span class='ocrx_word' id='word_1_94' title='bbox 1095 536 1162 558; x_wconf 88' lang='lat' dir='ltr'>non</span> <span class='ocrx_word' id='word_1_95' title='bbox 1172 524 1273 559; x_wconf 79' lang='lat' dir='ltr'>exuit.</span> <span class='ocrx_word' id='word_1_96' title='bbox 1297 524 1350 557; x_wconf 85' lang='lat' dir='ltr'>Sic</span> <span class='ocrx_word' id='word_1_97' title='bbox 1361 534 1416 557; x_wconf 85' lang='lat' dir='ltr'>aer</span> <span class='ocrx_word' id='word_1_98' title='bbox 1425 528 1734 571; x_wconf 84' lang='lat' dir='ltr'>quantumvis-com-</span> 
     </span>
     <span class='ocr_line' id='line_1_10' title="bbox 334 571 1734 621; baseline 0.006 -18"><span class='ocrx_word' id='word_1_99' title='bbox 334 574 493 619; x_wconf 67' lang='lat' dir='ltr'>primatur</span> <span class='ocrx_word' id='word_1_100' title='bbox 505 600 514 614; x_wconf 88' lang='lat'>,</span> <span class='ocrx_word' id='word_1_101' title='bbox 533 582 567 606; x_wconf 86' lang='lat' dir='ltr'>ut</span> <span class='ocrx_word' id='word_1_102' title='bbox 587 574 619 607; x_wconf 89' lang='lat' dir='ltr'>in</span> <span class='ocrx_word' id='word_1_103' title='bbox 641 571 784 620; x_wconf 89' lang='lat' dir='ltr'>sclopeto</span> <span class='ocrx_word' id='word_1_104' title='bbox 805 575 1016 621; x_wconf 85' lang='lat' dir='ltr'>pneumatico</span> <span class='ocrx_word' id='word_1_105' title='bbox 1030 602 1038 616; x_wconf 86' lang='lat'>‚</span> <span class='ocrx_word' id='word_1_106' title='bbox 1057 585 1220 620; x_wconf 85' lang='lat' dir='ltr'>nunquam</span> <span class='ocrx_word' id='word_1_107' title='bbox 1243 574 1278 607; x_wconf 85' lang='lat' dir='ltr'>i&#39;n</span> <span class='ocrx_word' id='word_1_108' title='bbox 1291 584 1410 620; x_wconf 80' lang='lat' dir='ltr'>aquarn</span> <span class='ocrx_word' id='word_1_109' title='bbox 1428 574 1616 611; x_wconf 81' lang='lat' dir='ltr'>concrescit.</span> <span class='ocrx_word' id='word_1_110' title='bbox 1643 578 1734 613; x_wconf 86' lang='lat' dir='ltr'>Hinc</span> 
     </span>
     <span class='ocr_line' id='line_1_11' title="bbox 329 620 1735 671; baseline 0.004 -16"><span class='ocrx_word' id='word_1_111' title='bbox 329 621 508 656; x_wconf 74' lang='lat' dir='ltr'>Kircherus</span> <span class='ocrx_word' id='word_1_112' title='bbox 530 650 540 664; x_wconf 83' lang='lat'>,</span> <span class='ocrx_word' id='word_1_113' title='bbox 564 620 691 669; x_wconf 78' lang='lat' dir='ltr'>insignis</span> <span class='ocrx_word' id='word_1_114' title='bbox 717 622 809 671; x_wconf 79' lang='lat' dir='ltr'>liujus</span> <span class='ocrx_word' id='word_1_115' title='bbox 842 626 999 671; x_wconf 87' lang='lat' dir='ltr'>temporis</span> <span class='ocrx_word' id='word_1_116' title='bbox 1038 621 1251 670; x_wconf 79' lang='lat' dir='ltr'>Philosophus</span> <span class='ocrx_word' id='word_1_117' title='bbox 1278 623 1312 657; x_wconf 88' lang='lat' dir='ltr'>in</span> <span class='ocrx_word' id='word_1_118' title='bbox 1345 621 1498 658; x_wconf 87' lang='lat' dir='ltr'>Museolo</span> <span class='ocrx_word' id='word_1_119' title='bbox 1533 623 1587 659; x_wconf 87' lang='lat' dir='ltr'>suo</span> <span class='ocrx_word' id='word_1_120' title='bbox 1615 627 1735 661; x_wconf 78' lang='lat' dir='ltr'>Romae</span> 
     </span>
     <span class='ocr_line' id='line_1_12' title="bbox 334 669 1731 721; baseline 0.002 -16"><span class='ocrx_word' id='word_1_121' title='bbox 334 669 479 719; x_wconf 80' lang='lat' dir='ltr'>phialam</span> <span class='ocrx_word' id='word_1_122' title='bbox 498 669 648 719; x_wconf 77' lang='lat' dir='ltr'>oblongo</span> <span class='ocrx_word' id='word_1_123' title='bbox 668 670 756 706; x_wconf 92' lang='lat' dir='ltr'>collo</span> <span class='ocrx_word' id='word_1_124' title='bbox 772 672 957 707; x_wconf 61' lang='lat' dir='ltr'>instructam</span> <span class='ocrx_word' id='word_1_125' title='bbox 972 701 981 715; x_wconf 87' lang='lat'>‚</span> <span class='ocrx_word' id='word_1_126' title='bbox 997 677 1030 708; x_wconf 71' lang='grc' dir='ltr'>ὃ(</span> <span class='ocrx_word' id='word_1_127' title='bbox 1054 684 1138 719; x_wconf 85' lang='lat' dir='ltr'>aqua</span> <span class='ocrx_word' id='word_1_128' title='bbox 1164 671 1298 721; x_wconf 86' lang='lat' dir='ltr'>limpida</span> <span class='ocrx_word' id='word_1_129' title='bbox 1326 671 1555 719; x_wconf 81' lang='lat' dir='ltr'>semiplenam,</span> <span class='ocrx_word' id='word_1_130' title='bbox 1577 686 1653 710; x_wconf 82' lang='lat' dir='ltr'>ante</span> <span class='ocrx_word' id='word_1_131' title='bbox 1680 677 1731 712; x_wconf 90' lang='lat'>80.</span> 
     </span>
     <span class='ocr_line' id='line_1_13' title="bbox 333 718 1736 770; baseline 0.002 -17"><span class='ocrx_word' id='word_1_132' title='bbox 333 732 438 754; x_wconf 86' lang='lat' dir='ltr'>annos</span> <span class='ocrx_word' id='word_1_133' title='bbox 455 718 476 754; x_wconf 78' lang='grc' dir='ltr'>ἒι</span> <span class='ocrx_word' id='word_1_134' title='bbox 489 719 609 754; x_wconf 82' lang='lat' dir='ltr'>Clavio</span> <span class='ocrx_word' id='word_1_135' title='bbox 633 719 744 769; x_wconf 81' lang='lat' dir='ltr'>insigni</span> <span class='ocrx_word' id='word_1_136' title='bbox 762 720 1002 756; x_wconf 87' lang='lat' dir='ltr'>Mathematico</span> <span class='ocrx_word' id='word_1_137' title='bbox 1016 720 1186 769; x_wconf 70' lang='lat' dir='ltr'>sigillatam</span> <span class='ocrx_word' id='word_1_138' title='bbox 1200 733 1302 770; x_wconf 84' lang='lat' dir='ltr'>nuper</span> <span class='ocrx_word' id='word_1_139' title='bbox 1313 719 1513 765; x_wconf 69' lang='lat' dir='ltr'>asservabat,</span> <span class='ocrx_word' id='word_1_140' title='bbox 1531 724 1671 758; x_wconf 80' lang='lat' dir='ltr'>necdum</span> <span class='ocrx_word' id='word_1_141' title='bbox 1685 736 1736 758; x_wconf 62' lang='lat' dir='ltr'>ta„</span> 
     </span>
     <span class='ocr_line' id='line_1_14' title="bbox 337 769 1734 817; baseline 0.003 -13"><span class='ocrx_word' id='word_1_142' title='bbox 337 781 413 804; x_wconf 85' lang='lat' dir='ltr'>men</span> <span class='ocrx_word' id='word_1_143' title='bbox 434 771 612 816; x_wconf 86' lang='lat' dir='ltr'>quicquam</span> <span class='ocrx_word' id='word_1_144' title='bbox 632 782 729 817; x_wconf 83' lang='lat' dir='ltr'>-aquae</span> <span class='ocrx_word' id='word_1_145' title='bbox 749 771 782 805; x_wconf 88' lang='lat' dir='ltr'>in</span> <span class='ocrx_word' id='word_1_146' title='bbox 806 781 916 807; x_wconf 83' lang='lat' dir='ltr'>aerem</span> <span class='ocrx_word' id='word_1_147' title='bbox 932 781 1093 805; x_wconf 84' lang='lat' dir='ltr'>mutatum</span> <span class='ocrx_word' id='word_1_148' title='bbox 1121 771 1168 805; x_wconf 84' lang='lat' dir='ltr'>est</span> <span class='ocrx_word' id='word_1_149' title='bbox 1183 800 1192 815; x_wconf 86' lang='lat'>‚</span> <span class='ocrx_word' id='word_1_150' title='bbox 1213 781 1271 805; x_wconf 88' lang='lat' dir='ltr'>aut</span> <span class='ocrx_word' id='word_1_151' title='bbox 1297 769 1452 806; x_wconf 85' lang='lat' dir='ltr'>viciffim:</span> <span class='ocrx_word' id='word_1_152' title='bbox 1473 784 1547 806; x_wconf 83' lang='lat' dir='ltr'>cum</span> <span class='ocrx_word' id='word_1_153' title='bbox 1566 775 1598 807; x_wconf 91' lang='lat' dir='ltr'>in</span> <span class='ocrx_word' id='word_1_154' title='bbox 1617 773 1734 809; x_wconf 86' lang='lat' dir='ltr'>eadem</span> 
     </span>
     <span class='ocr_line' id='line_1_15' title="bbox 335 817 1734 868; baseline 0.003 -16"><span class='ocrx_word' id='word_1_155' title='bbox 335 818 463 866; x_wconf 83' lang='lat' dir='ltr'>semper</span> <span class='ocrx_word' id='word_1_156' title='bbox 477 817 647 854; x_wconf 83' lang='lat' dir='ltr'>altitudine</span> <span class='ocrx_word' id='word_1_157' title='bbox 665 831 855 868; x_wconf 83' lang='lat' dir='ltr'>permaneat</span> <span class='ocrx_word' id='word_1_158' title='bbox 870 821 979 867; x_wconf 85' lang='lat' dir='ltr'>:quod</span> <span class='ocrx_word' id='word_1_159' title='bbox 995 833 1096 855; x_wconf 84' lang='lat' dir='ltr'>unum</span> <span class='ocrx_word' id='word_1_160' title='bbox 1117 820 1322 855; x_wconf 89' lang='lat' dir='ltr'>elementum</span> <span class='ocrx_word' id='word_1_161' title='bbox 1332 821 1367 854; x_wconf 91' lang='lat' dir='ltr'>in</span> <span class='ocrx_word' id='word_1_162' title='bbox 1386 819 1471 854; x_wconf 84' lang='lat' dir='ltr'>aliud</span> <span class='ocrx_word' id='word_1_163' title='bbox 1487 833 1551 856; x_wconf 87' lang='lat' dir='ltr'>non</span> <span class='ocrx_word' id='word_1_164' title='bbox 1561 821 1668 858; x_wconf 83' lang='lat' dir='ltr'>abeat.</span> <span class='ocrx_word' id='word_1_165' title='bbox 1681 824 1734 857; x_wconf 87' lang='lat' dir='ltr'>Sic</span> 
     </span>
     <span class='ocr_line' id='line_1_16' title="bbox 335 866 1733 917; baseline 0.004 -15"><span class='ocrx_word' id='word_1_166' title='bbox 335 867 437 902; x_wconf 87' lang='lat' dir='ltr'>carbo</span> <span class='ocrx_word' id='word_1_167' title='bbox 454 866 526 902; x_wconf 88' lang='lat' dir='ltr'>vase</span> <span class='ocrx_word' id='word_1_168' title='bbox 544 869 651 903; x_wconf 83' lang='lat' dir='ltr'>vitreo</span> <span class='ocrx_word' id='word_1_169' title='bbox 663 880 835 904; x_wconf 82' lang='lat' dir='ltr'>contentus</span> <span class='ocrx_word' id='word_1_170' title='bbox 849 899 857 913; x_wconf 82' lang='lat'><strong>,</strong></span> <span class='ocrx_word' id='word_1_171' title='bbox 876 881 913 904; x_wconf 89' lang='lat' dir='ltr'>ut</span> <span class='ocrx_word' id='word_1_172' title='bbox 932 869 1025 904; x_wconf 85' lang='lat' dir='ltr'>multi</span> <span class='ocrx_word' id='word_1_173' title='bbox 1041 868 1215 917; x_wconf 81' lang='lat' dir='ltr'>perhibent</span> <span class='ocrx_word' id='word_1_174' title='bbox 1229 899 1239 913; x_wconf 89' lang='lat'>,</span> <span class='ocrx_word' id='word_1_175' title='bbox 1252 869 1396 917; x_wconf 85' lang='lat' dir='ltr'>quandiu</span> <span class='ocrx_word' id='word_1_176' title='bbox 1407 871 1439 904; x_wconf 91' lang='lat' dir='ltr'>in</span> <span class='ocrx_word' id='word_1_177' title='bbox 1455 871 1530 917; x_wconf 83' lang='lat' dir='ltr'>igne</span> <span class='ocrx_word' id='word_1_178' title='bbox 1548 871 1595 905; x_wconf 90' lang='lat' dir='ltr'>est</span> <span class='ocrx_word' id='word_1_179' title='bbox 1608 901 1617 915; x_wconf 83' lang='lat'>‚</span> <span class='ocrx_word' id='word_1_180' title='bbox 1630 872 1733 916; x_wconf 87' lang='lat' dir='ltr'>ardet,</span> 
     </span>
     <span class='ocr_line' id='line_1_17' title="bbox 338 917 1735 968; baseline 0 -16"><span class='ocrx_word' id='word_1_181' title='bbox 338 929 398 952; x_wconf 86' lang='lat' dir='ltr'>nec</span> <span class='ocrx_word' id='word_1_182' title='bbox 427 928 539 952; x_wconf 88' lang='lat' dir='ltr'>tamen</span> <span class='ocrx_word' id='word_1_183' title='bbox 558 917 757 953; x_wconf 84' lang='lat' dir='ltr'>consumitur</span> <span class='ocrx_word' id='word_1_184' title='bbox 775 920 889 966; x_wconf 83' lang='lat' dir='ltr'>:quod</span> <span class='ocrx_word' id='word_1_185' title='bbox 908 921 989 968; x_wconf 78' lang='lat' dir='ltr'>ignis</span> <span class='ocrx_word' id='word_1_186' title='bbox 1010 921 1136 967; x_wconf 85' lang='lat' dir='ltr'>proprie</span> <span class='ocrx_word' id='word_1_187' title='bbox 1154 933 1221 955; x_wconf 85' lang='lat' dir='ltr'>non</span> <span class='ocrx_word' id='word_1_188' title='bbox 1246 930 1488 965; x_wconf 79' lang='lat' dir='ltr'>corrumpatur,</span> <span class='ocrx_word' id='word_1_189' title='bbox 1509 918 1562 954; x_wconf 87' lang='lat' dir='ltr'>sed</span> <span class='ocrx_word' id='word_1_190' title='bbox 1587 923 1620 956; x_wconf 89' lang='lat' dir='ltr'>in</span> <span class='ocrx_word' id='word_1_191' title='bbox 1638 923 1735 956; x_wconf 89' lang='lat' dir='ltr'>mini..</span> 
     </span>
     <span class='ocr_line' id='line_1_18' title="bbox 338 965 1735 1016; baseline 0.004 -16"><span class='ocrx_word' id='word_1_192' title='bbox 338 978 406 1001; x_wconf 81' lang='lat' dir='ltr'>mas</span> <span class='ocrx_word' id='word_1_193' title='bbox 419 977 548 1003; x_wconf 82' lang='lat' dir='ltr'>atomos</span> <span class='ocrx_word' id='word_1_194' title='bbox 564 966 742 1016; x_wconf 82' lang='lat' dir='ltr'>diffipetur.</span> <span class='ocrx_word' id='word_1_195' title='bbox 758 969 851 1005; x_wconf 59' lang='lat' dir='ltr'>&gt;Hinc</span> <span class='ocrx_word' id='word_1_196' title='bbox 862 969 996 1005; x_wconf 74' lang='lat' dir='ltr'>tamdiu</span> <span class='ocrx_word' id='word_1_197' title='bbox 1026 968 1149 1004; x_wconf 79' lang='lat' dir='ltr'>accensi</span> <span class='ocrx_word' id='word_1_198' title='bbox 1175 965 1406 1004; x_wconf 70' lang='lat' dir='ltr'>carbones&#39;sub</span> <span class='ocrx_word' id='word_1_199' title='bbox 1417 967 1577 1003; x_wconf 77' lang='lat' dir='ltr'>cineribus</span> <span class='ocrx_word' id='word_1_200' title='bbox 1605 969 1735 1006; x_wconf 67' lang='lat' dir='ltr'>delitess</span> 
     </span>
     <span class='ocr_line' id='line_1_19' title="bbox 338 1027 425 1052; baseline 0.023 -2"><span class='ocrx_word' id='word_1_201' title='bbox 338 1027 425 1052; x_wconf 85' lang='lat' dir='ltr'>cunt.</span> 
     </span>
    </p>

    <p class='ocr_par' dir='ltr' id='par_1_4' title="bbox 329 1065 1737 1706">
     <span class='ocr_line' id='line_1_20' title="bbox 383 1065 1736 1116; baseline 0.001 -17"><span class='ocrx_word' id='word_1_202' title='bbox 383 1066 471 1115; x_wconf 73' lang='lat' dir='ltr'>Rcsp.</span> <span class='ocrx_word' id='word_1_203' title='bbox 493 1068 581 1101; x_wconf 79' lang='lat' dir='ltr'>exiis</span> <span class='ocrx_word' id='word_1_204' title='bbox 596 1079 663 1102; x_wconf 88' lang='lat' dir='ltr'>non</span> <span class='ocrx_word' id='word_1_205' title='bbox 687 1066 772 1102; x_wconf 88' lang='lat' dir='ltr'>aliud</span> <span class='ocrx_word' id='word_1_206' title='bbox 785 1065 874 1102; x_wconf 88' lang='lat' dir='ltr'>effici</span> <span class='ocrx_word' id='word_1_207' title='bbox 889 1080 989 1116; x_wconf 86' lang='lat' dir='ltr'>quam</span> <span class='ocrx_word' id='word_1_208' title='bbox 1008 1068 1039 1101; x_wconf 92' lang='lat' dir='ltr'>id</span> <span class='ocrx_word' id='word_1_209' title='bbox 1054 1067 1140 1115; x_wconf 87' lang='lat' dir='ltr'>quod</span> <span class='ocrx_word' id='word_1_210' title='bbox 1164 1066 1316 1102; x_wconf 83' lang='lat' dir='ltr'>volumus</span> <span class='ocrx_word' id='word_1_211' title='bbox 1331 1095 1341 1110; x_wconf 84' lang='lat'><em>,</em></span> <span class='ocrx_word' id='word_1_212' title='bbox 1359 1066 1525 1101; x_wconf 81' lang='lat' dir='ltr'>elementa</span> <span class='ocrx_word' id='word_1_213' title='bbox 1542 1068 1576 1102; x_wconf 89' lang='lat' dir='ltr'>in</span> <span class='ocrx_word' id='word_1_214' title='bbox 1595 1066 1626 1102; x_wconf 88' lang='lat' dir='ltr'>se</span> <span class='ocrx_word' id='word_1_215' title='bbox 1646 1069 1736 1103; x_wconf 59' lang='lat' dir='ltr'>invi-</span> 
     </span>
     <span class='ocr_line' id='line_1_21' title="bbox 337 1114 1736 1164; baseline 0.004 -18"><span class='ocrx_word' id='word_1_216' title='bbox 337 1125 409 1148; x_wconf 87' lang='lat' dir='ltr'>cem</span> <span class='ocrx_word' id='word_1_217' title='bbox 426 1128 491 1150; x_wconf 84' lang='lat' dir='ltr'>non</span> <span class='ocrx_word' id='word_1_218' title='bbox 518 1114 719 1151; x_wconf 86' lang='lat' dir='ltr'>transmutari</span> <span class='ocrx_word' id='word_1_219' title='bbox 732 1144 742 1158; x_wconf 88' lang='lat'>‚</span> <span class='ocrx_word' id='word_1_220' title='bbox 760 1116 983 1164; x_wconf 83' lang='lat' dir='ltr'>nifiquatenus</span> <span class='ocrx_word' id='word_1_221' title='bbox 1004 1119 1037 1151; x_wconf 87' lang='lat' dir='ltr'>in</span> <span class='ocrx_word' id='word_1_222' title='bbox 1056 1114 1276 1151; x_wconf 78' lang='lat' dir='ltr'>minutiffimas</span> <span class='ocrx_word' id='word_1_223' title='bbox 1300 1127 1406 1164; x_wconf 88' lang='lat' dir='ltr'>partes</span> <span class='ocrx_word' id='word_1_224' title='bbox 1427 1116 1593 1160; x_wconf 64' lang='lat' dir='ltr'>disti-aeta,</span> <span class='ocrx_word' id='word_1_225' title='bbox 1614 1116 1659 1151; x_wconf 91' lang='lat' dir='ltr'>sui</span> <span class='ocrx_word' id='word_1_226' title='bbox 1682 1130 1736 1153; x_wconf 89' lang='lat' dir='ltr'>co-</span> 
     </span>
     <span class='ocr_line' id='line_1_22' title="bbox 337 1162 1735 1215; baseline 0.004 -19"><span class='ocrx_word' id='word_1_227' title='bbox 337 1164 426 1211; x_wconf 86' lang='lat' dir='ltr'>piam</span> <span class='ocrx_word' id='word_1_228' title='bbox 444 1163 583 1213; x_wconf 84' lang='lat' dir='ltr'>amplius</span> <span class='ocrx_word' id='word_1_229' title='bbox 605 1178 675 1200; x_wconf 89' lang='lat' dir='ltr'>non</span> <span class='ocrx_word' id='word_1_230' title='bbox 688 1165 824 1202; x_wconf 85' lang='lat' dir='ltr'>faciunt.</span> <span class='ocrx_word' id='word_1_231' title='bbox 844 1168 897 1200; x_wconf 89' lang='lat' dir='ltr'>Sic</span> <span class='ocrx_word' id='word_1_232' title='bbox 909 1178 992 1214; x_wconf 90' lang='lat' dir='ltr'>aqua</span> <span class='ocrx_word' id='word_1_233' title='bbox 1005 1168 1037 1200; x_wconf 90' lang='lat' dir='ltr'>in</span> <span class='ocrx_word' id='word_1_234' title='bbox 1049 1177 1187 1215; x_wconf 81' lang='lat' dir='ltr'>vapores</span> <span class='ocrx_word' id='word_1_235' title='bbox 1202 1162 1333 1200; x_wconf 81' lang='lat' dir='ltr'>difflata</span> <span class='ocrx_word' id='word_1_236' title='bbox 1343 1177 1416 1199; x_wconf 88' lang='lat' dir='ltr'>cum</span> <span class='ocrx_word' id='word_1_237' title='bbox 1431 1176 1504 1198; x_wconf 83' lang='lat' dir='ltr'>aere</span> <span class='ocrx_word' id='word_1_238' title='bbox 1514 1177 1571 1213; x_wconf 90' lang='lat' dir='ltr'>per</span> <span class='ocrx_word' id='word_1_239' title='bbox 1582 1168 1735 1202; x_wconf 87' lang='lat' dir='ltr'>minimas</span> 
     </span>
     <span class='ocr_line' id='line_1_23' title="bbox 338 1213 1737 1263; baseline 0.001 -17"><span class='ocrx_word' id='word_1_240' title='bbox 338 1213 511 1259; x_wconf 82' lang='lat' dir='ltr'>particulas</span> <span class='ocrx_word' id='word_1_241' title='bbox 526 1215 571 1248; x_wconf 89' lang='lat' dir='ltr'>ita</span> <span class='ocrx_word' id='word_1_242' title='bbox 588 1213 738 1249; x_wconf 83' lang='lat' dir='ltr'>miscetur</span> <span class='ocrx_word' id='word_1_243' title='bbox 750 1243 759 1257; x_wconf 88' lang='lat'>,</span> <span class='ocrx_word' id='word_1_244' title='bbox 772 1226 809 1248; x_wconf 87' lang='lat' dir='ltr'>ut</span> <span class='ocrx_word' id='word_1_245' title='bbox 826 1214 869 1249; x_wconf 90' lang='lat' dir='ltr'>ab</span> <span class='ocrx_word' id='word_1_246' title='bbox 886 1227 928 1248; x_wconf 93' lang='lat' dir='ltr'>eo</span> <span class='ocrx_word' id='word_1_247' title='bbox 939 1215 1086 1263; x_wconf 79' lang='lat' dir='ltr'>distingui</span> <span class='ocrx_word' id='word_1_248' title='bbox 1098 1226 1252 1261; x_wconf 86' lang='lat' dir='ltr'>nequeat.</span> <span class='ocrx_word' id='word_1_249' title='bbox 1270 1214 1370 1251; x_wconf 87' lang='lat' dir='ltr'>Unde</span> <span class='ocrx_word' id='word_1_250' title='bbox 1382 1213 1545 1248; x_wconf 85' lang='lat' dir='ltr'>elementa</span> <span class='ocrx_word' id='word_1_251' title='bbox 1559 1213 1636 1249; x_wconf 84' lang='lat' dir='ltr'>vafis</span> <span class='ocrx_word' id='word_1_252' title='bbox 1655 1228 1737 1250; x_wconf 82' lang='lat' dir='ltr'>con..</span> 
     </span>
     <span class='ocr_line' id='line_1_24' title="bbox 329 1260 1735 1310; baseline 0.004 -16"><span class='ocrx_word' id='word_1_253' title='bbox 329 1260 422 1295; x_wconf 63' lang='lat' dir='ltr'>clusa</span> <span class='ocrx_word' id='word_1_254' title='bbox 441 1275 506 1296; x_wconf 90' lang='lat' dir='ltr'>non</span> <span class='ocrx_word' id='word_1_255' title='bbox 535 1262 632 1297; x_wconf 86' lang='lat' dir='ltr'>facile</span> <span class='ocrx_word' id='word_1_256' title='bbox 646 1263 682 1297; x_wconf 85' lang='lat' dir='ltr'>in</span> <span class='ocrx_word' id='word_1_257' title='bbox 695 1262 886 1308; x_wconf 65' lang='lat' dir='ltr'>sesegmutiio</span> <span class='ocrx_word' id='word_1_258' title='bbox 903 1274 1138 1298; x_wconf 83' lang='lat' dir='ltr'>convertuntur</span> <span class='ocrx_word' id='word_1_259' title='bbox 1151 1292 1161 1306; x_wconf 91' lang='lat'>‚</span> <span class='ocrx_word' id='word_1_260' title='bbox 1173 1264 1263 1309; x_wconf 86' lang='lat' dir='ltr'>quod</span> <span class='ocrx_word' id='word_1_261' title='bbox 1279 1265 1312 1298; x_wconf 88' lang='lat' dir='ltr'>in</span> <span class='ocrx_word' id='word_1_262' title='bbox 1329 1264 1468 1296; x_wconf 87' lang='lat' dir='ltr'>minutas</span> <span class='ocrx_word' id='word_1_263' title='bbox 1479 1274 1585 1310; x_wconf 86' lang='lat' dir='ltr'>partes</span> <span class='ocrx_word' id='word_1_264' title='bbox 1608 1262 1735 1299; x_wconf 74' lang='lat' dir='ltr'>dissolvi</span> 
     </span>
     <span class='ocr_line' id='line_1_25' title="bbox 333 1310 1735 1360; baseline 0.004 -16"><span class='ocrx_word' id='word_1_265' title='bbox 333 1322 514 1357; x_wconf 80' lang='lat' dir='ltr'>nequeant.</span> <span class='ocrx_word' id='word_1_266' title='bbox 531 1313 647 1346; x_wconf 88' lang='lat' dir='ltr'>Fateor</span> <span class='ocrx_word' id='word_1_267' title='bbox 662 1314 762 1347; x_wconf 80' lang='lat' dir='ltr'>etiam</span> <span class='ocrx_word' id='word_1_268' title='bbox 772 1314 827 1348; x_wconf 84' lang='lat' dir='ltr'>vix</span> <span class='ocrx_word' id='word_1_269' title='bbox 842 1324 961 1347; x_wconf 86' lang='lat' dir='ltr'>terram</span> <span class='ocrx_word' id='word_1_270' title='bbox 971 1314 1004 1348; x_wconf 84' lang='lat' dir='ltr'>in</span> <span class='ocrx_word' id='word_1_271' title='bbox 1017 1324 1136 1360; x_wconf 87' lang='lat' dir='ltr'>aquam</span> <span class='ocrx_word' id='word_1_272' title='bbox 1149 1311 1240 1346; x_wconf 90' lang='lat' dir='ltr'>abire</span> <span class='ocrx_word' id='word_1_273' title='bbox 1259 1310 1346 1360; x_wconf 79' lang='lat' dir='ltr'>poffe</span> <span class='ocrx_word' id='word_1_274' title='bbox 1357 1339 1365 1350; x_wconf 82' lang='lat'>‚</span> <span class='ocrx_word' id='word_1_275' title='bbox 1384 1322 1442 1345; x_wconf 85' lang='lat' dir='ltr'>aut</span> <span class='ocrx_word' id='word_1_276' title='bbox 1463 1311 1606 1348; x_wconf 85' lang='lat' dir='ltr'>viciffirn.</span> <span class='ocrx_word' id='word_1_277' title='bbox 1645 1313 1735 1349; x_wconf 87' lang='lat' dir='ltr'>Cum</span> 
     </span>
     <span class='ocr_line' id='line_1_26' title="bbox 332 1359 1735 1411; baseline 0.003 -18"><span class='ocrx_word' id='word_1_278' title='bbox 332 1370 449 1395; x_wconf 60' lang='lat' dir='ltr'>xamen</span> <span class='ocrx_word' id='word_1_279' title='bbox 465 1372 515 1395; x_wconf 86' lang='lat' dir='ltr'>tot</span> <span class='ocrx_word' id='word_1_280' title='bbox 531 1360 647 1409; x_wconf 81' lang='lat' dir='ltr'>plantae</span> <span class='ocrx_word' id='word_1_281' title='bbox 662 1366 695 1397; x_wconf 87' lang='lat'>&amp;</span> <span class='ocrx_word' id='word_1_282' title='bbox 708 1361 903 1397; x_wconf 83' lang='lat' dir='ltr'>animaliain</span> <span class='ocrx_word' id='word_1_283' title='bbox 915 1374 997 1409; x_wconf 87' lang='lat' dir='ltr'>aqua</span> <span class='ocrx_word' id='word_1_284' title='bbox 1015 1364 1187 1411; x_wconf 79' lang='lat' dir='ltr'>gignantur</span> <span class='ocrx_word' id='word_1_285' title='bbox 1201 1390 1209 1404; x_wconf 87' lang='lat'>‚</span> <span class='ocrx_word' id='word_1_286' title='bbox 1221 1359 1512 1410; x_wconf 76' lang='lat' dir='ltr'>probabilissimum</span> <span class='ocrx_word' id='word_1_287' title='bbox 1532 1362 1573 1396; x_wconf 90' lang='lat' dir='ltr'>est</span> <span class='ocrx_word' id='word_1_288' title='bbox 1588 1362 1735 1398; x_wconf 87' lang='lat' dir='ltr'>minutis-</span> 
     </span>
     <span class='ocr_line' id='line_1_27' title="bbox 338 1406 1735 1460; baseline 0.003 -17"><span class='ocrx_word' id='word_1_289' title='bbox 338 1406 429 1443; x_wconf 81' lang='lat' dir='ltr'>fimas</span> <span class='ocrx_word' id='word_1_290' title='bbox 444 1421 535 1444; x_wconf 81' lang='lat' dir='ltr'>terrae</span> <span class='ocrx_word' id='word_1_291' title='bbox 546 1415 581 1447; x_wconf 90' lang='lat'>&amp;</span> <span class='ocrx_word' id='word_1_292' title='bbox 590 1410 726 1445; x_wconf 88' lang='lat' dir='ltr'>aliorum</span> <span class='ocrx_word' id='word_1_293' title='bbox 736 1411 976 1446; x_wconf 83' lang='lat' dir='ltr'>elementorum</span> <span class='ocrx_word' id='word_1_294' title='bbox 988 1410 1158 1460; x_wconf 82' lang='lat' dir='ltr'>particulas</span> <span class='ocrx_word' id='word_1_295' title='bbox 1175 1423 1249 1445; x_wconf 90' lang='lat' dir='ltr'>cum</span> <span class='ocrx_word' id='word_1_296' title='bbox 1260 1423 1344 1458; x_wconf 77' lang='lat' dir='ltr'>aqua</span> <span class='ocrx_word' id='word_1_297' title='bbox 1358 1408 1541 1459; x_wconf 87' lang='lat' dir='ltr'>permisceri</span> <span class='ocrx_word' id='word_1_298' title='bbox 1558 1425 1565 1446; x_wconf 74' lang='grc' dir='ltr'>ε</span> <span class='ocrx_word' id='word_1_299' title='bbox 1582 1413 1634 1447; x_wconf 85' lang='lat' dir='ltr'>vix</span> <span class='ocrx_word' id='word_1_300' title='bbox 1647 1414 1735 1448; x_wconf 89' lang='lat' dir='ltr'>enim</span> 
     </span>
     <span class='ocr_line' id='line_1_28' title="bbox 338 1456 1736 1509; baseline 0.003 -17"><span class='ocrx_word' id='word_1_301' title='bbox 338 1456 411 1493; x_wconf 88' lang='lat' dir='ltr'>fieri</span> <span class='ocrx_word' id='word_1_302' title='bbox 436 1459 544 1507; x_wconf 90' lang='lat' dir='ltr'>potest</span> <span class='ocrx_word' id='word_1_303' title='bbox 563 1471 597 1494; x_wconf 88' lang='lat' dir='ltr'>ut</span> <span class='ocrx_word' id='word_1_304' title='bbox 614 1473 653 1494; x_wconf 88' lang='lat' dir='ltr'>ex</span> <span class='ocrx_word' id='word_1_305' title='bbox 664 1473 730 1495; x_wconf 92' lang='lat' dir='ltr'>uno</span> <span class='ocrx_word' id='word_1_306' title='bbox 757 1460 922 1496; x_wconf 86' lang='lat' dir='ltr'>elemento</span> <span class='ocrx_word' id='word_1_307' title='bbox 947 1471 1037 1496; x_wconf 85' lang='lat' dir='ltr'>tanta</span> <span class='ocrx_word' id='word_1_308' title='bbox 1066 1462 1242 1495; x_wconf 84' lang='lat' dir='ltr'>mixtorum</span> <span class='ocrx_word' id='word_1_309' title='bbox 1269 1463 1405 1495; x_wconf 85' lang='lat' dir='ltr'>varietas</span> <span class='ocrx_word' id='word_1_310' title='bbox 1425 1461 1557 1496; x_wconf 83' lang='lat' dir='ltr'>oriatur.</span> <span class='ocrx_word' id='word_1_311' title='bbox 1579 1462 1633 1495; x_wconf 87' lang='lat' dir='ltr'>Sic</span> <span class='ocrx_word' id='word_1_312' title='bbox 1651 1473 1736 1509; x_wconf 82' lang='lat' dir='ltr'>aqua</span> 
     </span>
     <span class='ocr_line' id='line_1_29' title="bbox 339 1509 1736 1558; baseline 0.004 -17"><span class='ocrx_word' id='word_1_313' title='bbox 339 1511 522 1543; x_wconf 81' lang='lat' dir='ltr'>communis</span> <span class='ocrx_word' id='word_1_314' title='bbox 533 1511 673 1544; x_wconf 86' lang='lat' dir='ltr'>mixtum</span> <span class='ocrx_word' id='word_1_315' title='bbox 685 1510 792 1552; x_wconf 79' lang='lat' dir='ltr'>est,in</span> <span class='ocrx_word' id='word_1_316' title='bbox 812 1522 879 1557; x_wconf 88' lang='lat' dir='ltr'>quo</span> <span class='ocrx_word' id='word_1_317' title='bbox 901 1509 1103 1546; x_wconf 87' lang='lat' dir='ltr'>elementum</span> <span class='ocrx_word' id='word_1_318' title='bbox 1126 1522 1216 1557; x_wconf 85' lang='lat' dir='ltr'>aquae</span> <span class='ocrx_word' id='word_1_319' title='bbox 1230 1510 1413 1545; x_wconf 84' lang='lat' dir='ltr'>dominatur</span> <span class='ocrx_word' id='word_1_320' title='bbox 1429 1527 1438 1553; x_wconf 79' lang='lat'>3</span> <span class='ocrx_word' id='word_1_321' title='bbox 1457 1520 1549 1543; x_wconf 85' lang='lat' dir='ltr'>terrae</span> <span class='ocrx_word' id='word_1_322' title='bbox 1568 1522 1674 1558; x_wconf 84' lang='lat' dir='ltr'>partes</span> <span class='ocrx_word' id='word_1_323' title='bbox 1701 1513 1736 1546; x_wconf 88' lang='lat' dir='ltr'>in</span> 
     </span>
     <span class='ocr_line' id='line_1_30' title="bbox 339 1558 1737 1607; baseline 0.003 -17"><span class='ocrx_word' id='word_1_324' title='bbox 339 1569 413 1591; x_wconf 88' lang='lat' dir='ltr'>eam</span> <span class='ocrx_word' id='word_1_325' title='bbox 434 1569 686 1601; x_wconf 83' lang='lat' dir='ltr'>convertuntur,</span> <span class='ocrx_word' id='word_1_326' title='bbox 704 1571 778 1593; x_wconf 88' lang='lat' dir='ltr'>cum</span> <span class='ocrx_word' id='word_1_327' title='bbox 793 1560 954 1602; x_wconf 82' lang='lat' dir='ltr'>formam,</span> <span class='ocrx_word' id='word_1_328' title='bbox 971 1559 1026 1594; x_wconf 89' lang='lat' dir='ltr'>seu</span> <span class='ocrx_word' id='word_1_329' title='bbox 1040 1558 1102 1593; x_wconf 74' lang='lat' dir='ltr'>elle</span> <span class='ocrx_word' id='word_1_330' title='bbox 1120 1558 1265 1594; x_wconf 79' lang='lat' dir='ltr'>sensibile</span> <span class='ocrx_word' id='word_1_331' title='bbox 1291 1571 1382 1606; x_wconf 82' lang='lat' dir='ltr'>aquae</span> <span class='ocrx_word' id='word_1_332' title='bbox 1405 1560 1506 1594; x_wconf 68' lang='lat' dir='ltr'>naetae</span> <span class='ocrx_word' id='word_1_333' title='bbox 1524 1558 1600 1594; x_wconf 88' lang='lat' dir='ltr'>sunt.</span> <span class='ocrx_word' id='word_1_334' title='bbox 1651 1562 1737 1607; x_wconf 82' lang='lat' dir='ltr'>Qiae</span> 
     </span>
     <span class='ocr_line' id='line_1_31' title="bbox 340 1605 1735 1655; baseline 0.003 -15"><span class='ocrx_word' id='word_1_335' title='bbox 340 1609 464 1654; x_wconf 89' lang='lat' dir='ltr'>opponi</span> <span class='ocrx_word' id='word_1_336' title='bbox 476 1605 603 1655; x_wconf 82' lang='lat' dir='ltr'>possunt</span> <span class='ocrx_word' id='word_1_337' title='bbox 624 1607 748 1654; x_wconf 85' lang='lat' dir='ltr'>reliqua</span> <span class='ocrx_word' id='word_1_338' title='bbox 760 1607 857 1643; x_wconf 86' lang='lat' dir='ltr'>facile</span> <span class='ocrx_word' id='word_1_339' title='bbox 870 1620 909 1643; x_wconf 83' lang='lat' dir='ltr'>ex</span> <span class='ocrx_word' id='word_1_340' title='bbox 920 1608 1064 1644; x_wconf 84' lang='lat' dir='ltr'>dicendis</span> <span class='ocrx_word' id='word_1_341' title='bbox 1086 1607 1253 1645; x_wconf 81' lang='lat' dir='ltr'>solventur</span> <span class='ocrx_word' id='word_1_342' title='bbox 1270 1638 1280 1653; x_wconf 92' lang='lat'>,</span> <span class='ocrx_word' id='word_1_343' title='bbox 1298 1619 1373 1642; x_wconf 84' lang='lat' dir='ltr'>cum</span> <span class='ocrx_word' id='word_1_344' title='bbox 1406 1606 1571 1644; x_wconf 84' lang='lat' dir='ltr'>elementa</span> <span class='ocrx_word' id='word_1_345' title='bbox 1597 1607 1735 1644; x_wconf 82' lang='lat' dir='ltr'>seorsum</span> 
     </span>
     <span class='ocr_line' id='line_1_32' title="bbox 340 1656 926 1706; baseline 0.005 -16"><span class='ocrx_word' id='word_1_346' title='bbox 340 1658 553 1692; x_wconf 86' lang='lat' dir='ltr'>excutientur.</span> <span class='ocrx_word' id='word_1_347' title='bbox 585 1656 621 1691; x_wconf 79' lang='lat' dir='ltr'>[d</span> <span class='ocrx_word' id='word_1_348' title='bbox 649 1659 762 1705; x_wconf 82' lang='lat' dir='ltr'>itaque</span> <span class='ocrx_word' id='word_1_349' title='bbox 782 1669 926 1706; x_wconf 76' lang='lat' dir='ltr'>agamus,</span> 
     </span>
    </p>
   </div>
   <div class='ocr_carea' id='block_1_2' title="bbox 832 1754 1252 1901">
    <p class='ocr_par' dir='ltr' id='par_1_5' title="bbox 832 1754 1252 1901">
     <span class='ocr_line' id='line_1_33' title="bbox 832 1754 1252 1790; baseline 0.002 -1"><span class='ocrx_word' id='word_1_350' title='bbox 832 1754 864 1789; x_wconf 91' lang='lat' dir='ltr'>C</span> <span class='ocrx_word' id='word_1_351' title='bbox 900 1755 927 1788; x_wconf 86' lang='lat' dir='ltr'>A</span> <span class='ocrx_word' id='word_1_352' title='bbox 963 1756 988 1790; x_wconf 87' lang='grc' dir='ltr'>Ρ</span> <span class='ocrx_word' id='word_1_353' title='bbox 1023 1755 1059 1790; x_wconf 91' lang='lat' dir='ltr'>U</span> <span class='ocrx_word' id='word_1_354' title='bbox 1093 1755 1124 1788; x_wconf 89' lang='lat' dir='ltr'>T</span> <span class='ocrx_word' id='word_1_355' title='bbox 1191 1757 1252 1790; x_wconf 84' lang='lat'>11.</span> 
     </span>
     <span class='ocr_line' id='line_1_34' title="bbox 960 1853 1122 1901; baseline 0.012 -16"><span class='ocrx_word' id='word_1_356' title='bbox 960 1853 1122 1901; x_wconf 76' lang='lat' dir='ltr'>Delgne.</span> 
     </span>
    </p>
   </div>
   <div class='ocr_carea' id='block_1_3' title="bbox 335 1949 1736 2441">
    <p class='ocr_par' dir='ltr' id='par_1_6' title="bbox 432 1949 1735 2001">
     <span class='ocr_line' id='line_1_35' title="bbox 432 1949 1735 2001; baseline -0.001 -16"><span class='ocrx_word' id='word_1_357' title='bbox 432 1952 455 1985; x_wconf 74' lang='lat' dir='ltr'>E</span> <span class='ocrx_word' id='word_1_358' title='bbox 468 1949 638 1986; x_wconf 80' lang='lat' dir='ltr'>elementis</span> <span class='ocrx_word' id='word_1_359' title='bbox 651 1950 789 1986; x_wconf 81' lang='lat' dir='ltr'>seorsum</span> <span class='ocrx_word' id='word_1_360' title='bbox 812 1954 911 1989; x_wconf 59' lang='lat' dir='ltr'>afflari</span> <span class='ocrx_word' id='word_1_361' title='bbox 926 1951 968 1987; x_wconf 89' lang='lat' dir='ltr'>ab</span> <span class='ocrx_word' id='word_1_362' title='bbox 979 1954 1054 2001; x_wconf 83' lang='lat' dir='ltr'>igne</span> <span class='ocrx_word' id='word_1_363' title='bbox 1068 1952 1232 1987; x_wconf 87' lang='lat' dir='ltr'>ordiemur</span> <span class='ocrx_word' id='word_1_364' title='bbox 1244 1979 1253 1994; x_wconf 84' lang='lat'>‚</span> <span class='ocrx_word' id='word_1_365' title='bbox 1285 1952 1372 1998; x_wconf 88' lang='lat' dir='ltr'>quod</span> <span class='ocrx_word' id='word_1_366' title='bbox 1401 1951 1502 1987; x_wconf 77' lang='lat' dir='ltr'>sensus</span> <span class='ocrx_word' id='word_1_367' title='bbox 1520 1955 1663 1987; x_wconf 82' lang='lat' dir='ltr'>maxime</span> <span class='ocrx_word' id='word_1_368' title='bbox 1685 1952 1735 1987; x_wconf 86' lang='lat' dir='ltr'>fe-</span> 
     </span>
    </p>

    <p class='ocr_par' dir='ltr' id='par_1_7' title="bbox 335 1999 1736 2441">
     <span class='ocr_line' id='line_1_36' title="bbox 434 1999 1736 2051; baseline 0.004 -19"><span class='ocrx_word' id='word_1_369' title='bbox 434 2001 542 2044; x_wconf 80' lang='lat' dir='ltr'>riat‚&amp;</span> <span class='ocrx_word' id='word_1_370' title='bbox 553 2000 651 2050; x_wconf 82' lang='lat' dir='ltr'>vulgo</span> <span class='ocrx_word' id='word_1_371' title='bbox 666 2000 851 2038; x_wconf 81' lang='lat' dir='ltr'>notiffimus</span> <span class='ocrx_word' id='word_1_372' title='bbox 871 2001 1029 2039; x_wconf 87' lang='lat' dir='ltr'>habeatur</span> <span class='ocrx_word' id='word_1_373' title='bbox 1048 2001 1151 2037; x_wconf 90' lang='lat' dir='ltr'>:adeo</span> <span class='ocrx_word' id='word_1_374' title='bbox 1162 2013 1197 2036; x_wconf 88' lang='lat' dir='ltr'>ut</span> <span class='ocrx_word' id='word_1_375' title='bbox 1212 1999 1337 2036; x_wconf 84' lang='lat' dir='ltr'>nullum</span> <span class='ocrx_word' id='word_1_376' title='bbox 1356 2002 1548 2051; x_wconf 85' lang='lat' dir='ltr'>exemplum</span> <span class='ocrx_word' id='word_1_377' title='bbox 1565 2001 1600 2036; x_wconf 82' lang='lat' dir='ltr'>fit</span> <span class='ocrx_word' id='word_1_378' title='bbox 1621 2001 1736 2037; x_wconf 88' lang='lat' dir='ltr'>Philo-</span> 
     </span>
     <span class='ocr_line' id='line_1_37' title="bbox 340 2047 1735 2100; baseline 0.002 -18"><span class='ocrx_word' id='word_1_379' title='bbox 340 2047 447 2097; x_wconf 82' lang='lat' dir='ltr'>sophis</span> <span class='ocrx_word' id='word_1_380' title='bbox 458 2053 596 2097; x_wconf 87' lang='lat' dir='ltr'>paratius</span> <span class='ocrx_word' id='word_1_381' title='bbox 609 2079 619 2094; x_wconf 84' lang='lat'>,</span> <span class='ocrx_word' id='word_1_382' title='bbox 628 2063 663 2086; x_wconf 84' lang='lat' dir='ltr'>ut</span> <span class='ocrx_word' id='word_1_383' title='bbox 675 2050 852 2087; x_wconf 79' lang='lat' dir='ltr'>formarum</span> <span class='ocrx_word' id='word_1_384' title='bbox 863 2053 1085 2095; x_wconf 73' lang='lat' dir='ltr'>eduffionem,</span> <span class='ocrx_word' id='word_1_385' title='bbox 1104 2056 1136 2088; x_wconf 74' lang='grc' dir='ltr'>δε</span> <span class='ocrx_word' id='word_1_386' title='bbox 1147 2052 1388 2100; x_wconf 83' lang='lat' dir='ltr'>generationem</span> <span class='ocrx_word' id='word_1_387' title='bbox 1402 2064 1507 2086; x_wconf 84' lang='lat' dir='ltr'>rerum</span> <span class='ocrx_word' id='word_1_388' title='bbox 1521 2053 1670 2087; x_wconf 87' lang='lat' dir='ltr'>omnium</span> <span class='ocrx_word' id='word_1_389' title='bbox 1679 2063 1735 2086; x_wconf 82' lang='lat' dir='ltr'>ex-</span> 
     </span>
     <span class='ocr_line' id='line_1_38' title="bbox 339 2097 1735 2151; baseline 0.003 -19"><span class='ocrx_word' id='word_1_390' title='bbox 339 2097 471 2147; x_wconf 89' lang='lat' dir='ltr'>plicent.</span> <span class='ocrx_word' id='word_1_391' title='bbox 495 2100 655 2146; x_wconf 83' lang='lat' dir='ltr'>Qamvis</span> <span class='ocrx_word' id='word_1_392' title='bbox 666 2100 687 2135; x_wconf 86' lang='lat' dir='ltr'>si</span> <span class='ocrx_word' id='word_1_393' title='bbox 700 2113 769 2136; x_wconf 80' lang='lat' dir='ltr'>rem</span> <span class='ocrx_word' id='word_1_394' title='bbox 788 2101 888 2151; x_wconf 69' lang='lat' dir='ltr'>ipfiim</span> <span class='ocrx_word' id='word_1_395' title='bbox 900 2104 1021 2137; x_wconf 81' lang='lat' dir='ltr'>acriore</span> <span class='ocrx_word' id='word_1_396' title='bbox 1034 2103 1145 2136; x_wconf 87' lang='lat' dir='ltr'>animo</span> <span class='ocrx_word' id='word_1_397' title='bbox 1161 2100 1397 2149; x_wconf 86' lang='lat' dir='ltr'>perpendamus</span> <span class='ocrx_word' id='word_1_398' title='bbox 1410 2131 1418 2145; x_wconf 75' lang='grc'>,</span> <span class='ocrx_word' id='word_1_399' title='bbox 1451 2101 1531 2137; x_wconf 86' lang='lat' dir='ltr'>nihil</span> <span class='ocrx_word' id='word_1_400' title='bbox 1552 2100 1621 2135; x_wconf 86' lang='lat' dir='ltr'>fere</span> <span class='ocrx_word' id='word_1_401' title='bbox 1641 2112 1735 2147; x_wconf 82' lang='lat' dir='ltr'>aeque</span> 
     </span>
     <span class='ocr_line' id='line_1_39' title="bbox 335 2148 1733 2200; baseline 0.001 -18"><span class='ocrx_word' id='word_1_402' title='bbox 335 2149 387 2182; x_wconf 79' lang='lat' dir='ltr'>est</span> <span class='ocrx_word' id='word_1_403' title='bbox 404 2148 592 2184; x_wconf 85' lang='lat' dir='ltr'>involutum</span> <span class='ocrx_word' id='word_1_404' title='bbox 605 2179 614 2192; x_wconf 89' lang='lat'><em>‚</em></span> <span class='ocrx_word' id='word_1_405' title='bbox 631 2150 837 2199; x_wconf 77' lang='lat' dir='ltr'>&amp;explicatu</span> <span class='ocrx_word' id='word_1_406' title='bbox 860 2152 993 2186; x_wconf 81' lang='lat' dir='ltr'>arduum</span> <span class='ocrx_word' id='word_1_407' title='bbox 1009 2162 1110 2199; x_wconf 86' lang='lat' dir='ltr'>atque</span> <span class='ocrx_word' id='word_1_408' title='bbox 1123 2152 1203 2199; x_wconf 81' lang='lat' dir='ltr'>ignis</span> <span class='ocrx_word' id='word_1_409' title='bbox 1223 2148 1312 2198; x_wconf 77' lang='lat' dir='ltr'>ipsius</span> <span class='ocrx_word' id='word_1_410' title='bbox 1333 2149 1473 2200; x_wconf 82' lang='lat' dir='ltr'>genesis,</span> <span class='ocrx_word' id='word_1_411' title='bbox 1491 2162 1623 2192; x_wconf 82' lang='lat' dir='ltr'>natura,</span> <span class='ocrx_word' id='word_1_412' title='bbox 1646 2149 1733 2196; x_wconf 83' lang='lat' dir='ltr'>phae-</span> 
     </span>
     <span class='ocr_line' id='line_1_40' title="bbox 340 2197 1734 2248; baseline -0.005 -12"><span class='ocrx_word' id='word_1_413' title='bbox 340 2209 483 2233; x_wconf 67' lang='lat' dir='ltr'>nomena</span> <span class='ocrx_word' id='word_1_414' title='bbox 500 2204 534 2236; x_wconf 85' lang='lat'>&amp;</span> <span class='ocrx_word' id='word_1_415' title='bbox 552 2199 696 2235; x_wconf 67' lang='lat' dir='ltr'>effeetus.</span> <span class='ocrx_word' id='word_1_416' title='bbox 715 2203 765 2235; x_wconf 84' lang='lat' dir='ltr'>Sic</span> <span class='ocrx_word' id='word_1_417' title='bbox 784 2203 871 2237; x_wconf 86' lang='lat' dir='ltr'>enim</span> <span class='ocrx_word' id='word_1_418' title='bbox 883 2202 926 2236; x_wconf 92' lang='lat' dir='ltr'>est</span> <span class='ocrx_word' id='word_1_419' title='bbox 939 2200 958 2237; x_wconf 75' lang='grc' dir='ltr'>ἓῑ</span> <span class='ocrx_word' id='word_1_420' title='bbox 981 2213 1095 2236; x_wconf 78' lang='lat' dir='ltr'>natura</span> <span class='ocrx_word' id='word_1_421' title='bbox 1111 2210 1354 2248; x_wconf 76' lang='lat' dir='ltr'>comparatum,</span> <span class='ocrx_word' id='word_1_422' title='bbox 1377 2212 1412 2235; x_wconf 89' lang='lat' dir='ltr'>ut</span> <span class='ocrx_word' id='word_1_423' title='bbox 1429 2212 1498 2247; x_wconf 88' lang='lat' dir='ltr'>quae</span> <span class='ocrx_word' id='word_1_424' title='bbox 1514 2197 1612 2233; x_wconf 84' lang='lat' dir='ltr'>sensus</span> <span class='ocrx_word' id='word_1_425' title='bbox 1631 2198 1734 2232; x_wconf 87' lang='lat' dir='ltr'>vehe-</span> 
     </span>
     <span class='ocr_line' id='line_1_41' title="bbox 340 2249 1733 2298; baseline -0.001 -17"><span class='ocrx_word' id='word_1_426' title='bbox 340 2251 482 2282; x_wconf 84' lang='lat' dir='ltr'>mentius</span> <span class='ocrx_word' id='word_1_427' title='bbox 501 2249 674 2298; x_wconf 86' lang='lat' dir='ltr'>impellunt</span> <span class='ocrx_word' id='word_1_428' title='bbox 690 2278 700 2292; x_wconf 93' lang='lat'><em>‚</em></span> <span class='ocrx_word' id='word_1_429' title='bbox 716 2251 831 2286; x_wconf 88' lang='lat' dir='ltr'>eadem</span> <span class='ocrx_word' id='word_1_430' title='bbox 843 2251 1026 2286; x_wconf 64' lang='lat' dir='ltr'>intellectus</span> <span class='ocrx_word' id='word_1_431' title='bbox 1039 2252 1143 2285; x_wconf 87' lang='lat' dir='ltr'>aciem</span> <span class='ocrx_word' id='word_1_432' title='bbox 1159 2251 1300 2284; x_wconf 77' lang='lat' dir='ltr'>maxime</span> <span class='ocrx_word' id='word_1_433' title='bbox 1315 2249 1451 2297; x_wconf 82' lang='lat' dir='ltr'>fugiant.</span> <span class='ocrx_word' id='word_1_434' title='bbox 1465 2249 1546 2291; x_wconf 75' lang='lat' dir='ltr'>Qae</span> <span class='ocrx_word' id='word_1_435' title='bbox 1557 2259 1666 2282; x_wconf 84' lang='lat' dir='ltr'>autem</span> <span class='ocrx_word' id='word_1_436' title='bbox 1677 2259 1733 2281; x_wconf 85' lang='lat' dir='ltr'>ve-</span> 
     </span>
     <span class='ocr_line' id='line_1_42' title="bbox 342 2298 1730 2347; baseline -0.004 -13"><span class='ocrx_word' id='word_1_437' title='bbox 342 2308 378 2329; x_wconf 79' lang='lat' dir='ltr'>ro</span> <span class='ocrx_word' id='word_1_438' title='bbox 396 2300 547 2345; x_wconf 75' lang='lat' dir='ltr'>propiora</span> <span class='ocrx_word' id='word_1_439' title='bbox 561 2298 657 2334; x_wconf 88' lang='lat' dir='ltr'>nobis</span> <span class='ocrx_word' id='word_1_440' title='bbox 668 2300 852 2345; x_wconf 86' lang='lat' dir='ltr'>videantur,</span> <span class='ocrx_word' id='word_1_441' title='bbox 870 2300 1015 2335; x_wconf 87' lang='lat' dir='ltr'>breviter</span> <span class='ocrx_word' id='word_1_442' title='bbox 1029 2302 1221 2347; x_wconf 79' lang='lat' dir='ltr'>aperiemus.</span> <span class='ocrx_word' id='word_1_443' title='bbox 1244 2300 1288 2333; x_wconf 88' lang='lat' dir='ltr'>Ac</span> <span class='ocrx_word' id='word_1_444' title='bbox 1301 2300 1440 2346; x_wconf 83' lang='lat' dir='ltr'>primum</span> <span class='ocrx_word' id='word_1_445' title='bbox 1457 2298 1498 2331; x_wconf 88' lang='lat' dir='ltr'>de</span> <span class='ocrx_word' id='word_1_446' title='bbox 1522 2299 1603 2346; x_wconf 74' lang='lat' dir='ltr'>ignis</span> <span class='ocrx_word' id='word_1_447' title='bbox 1617 2306 1730 2330; x_wconf 81' lang='lat' dir='ltr'>natura</span> 
     </span>
     <span class='ocr_line' id='line_1_43' title="bbox 343 2343 1732 2400; baseline 0.003 -23"><span class='ocrx_word' id='word_1_448' title='bbox 343 2349 376 2399; x_wconf 59' lang='grc' dir='ltr'>ὃς</span> <span class='ocrx_word' id='word_1_449' title='bbox 387 2344 470 2379; x_wconf 84' lang='lat' dir='ltr'>illius</span> <span class='ocrx_word' id='word_1_450' title='bbox 482 2350 694 2394; x_wconf 74' lang='lat' dir='ltr'>generatione</span> <span class='ocrx_word' id='word_1_451' title='bbox 708 2349 865 2397; x_wconf 79' lang='lat' dir='ltr'>dicemus,</span> <span class='ocrx_word' id='word_1_452' title='bbox 883 2355 1021 2400; x_wconf 59' lang='lat' dir='ltr'>tumejua</span> <span class='ocrx_word' id='word_1_453' title='bbox 1031 2350 1253 2400; x_wconf 82' lang='lat' dir='ltr'>pliaenomena,</span> <span class='ocrx_word' id='word_1_454' title='bbox 1270 2346 1431 2396; x_wconf 87' lang='lat' dir='ltr'>postremo</span> <span class='ocrx_word' id='word_1_455' title='bbox 1445 2348 1545 2382; x_wconf 82' lang='lat' dir='ltr'>varias</span> <span class='ocrx_word' id='word_1_456' title='bbox 1564 2345 1647 2381; x_wconf 78' lang='lat' dir='ltr'>illius</span> <span class='ocrx_word' id='word_1_457' title='bbox 1663 2343 1732 2393; x_wconf 50' lang='lat' dir='ltr'>spe„</span> 
     </span>
     <span class='ocr_line' id='line_1_44' title="bbox 343 2405 628 2441; baseline 0.028 -15"><span class='ocrx_word' id='word_1_458' title='bbox 343 2405 406 2427; x_wconf 87' lang='lat' dir='ltr'>cies</span> <span class='ocrx_word' id='word_1_459' title='bbox 422 2406 628 2441; x_wconf 75' lang='lat' dir='ltr'>exponemus,</span> 
     </span>
    </p>
   </div>
  </div>
 </body>
</html>
