1878 2724
334 132 433 202 59ista
447 163 580 212 quidem
590 173 625 199 ut
635 161 715 197 mihi
725 160 916 209 persuadent
931 161 1057 197 colores
1077 164 1165 200 inter
1176 159 1288 197 album
1299 162 1333 198 δε
1343 159 1471 209 nigrum
1485 160 1670 210 intctJeCEos
1688 164 1734 198 εξ

331 215 527 252 refraerione
542 214 669 260 proprie
681 211 766 246 dieta
779 224 844 247 non
855 214 952 256 oriri;
969 211 1049 247 illud
1067 222 1177 247 tamen
1188 240 1198 255 ‚
1217 211 1307 259 quod
1322 213 1390 256 jam
1403 209 1479 258 saepe
1490 211 1731 255 innuimus‚non

331 274 484 300 evertunt
493 290 502 304 ‚
519 261 641 295 colores
652 272 765 295 omnes
775 272 830 296 aut
846 273 886 297 ex
894 262 982 297 varia
991 259 1122 296 luminis
1135 260 1315 296 reflexione
1327 261 1423 303 oriri,
1432 271 1466 294 ut
1478 257 1663 295 albedinem
1674 289 1684 303 ,
1695 265 1731 296 δε

330 312 533 361 nigredinem
550 322 625 354 3aut
643 322 681 344 ex
696 309 891 345 resrafflone
904 311 1034 358 proprie
1042 310 1178 354 di&a,ut
1195 310 1324 359 fugaces
1344 320 1458 344 omnes
1474 308 1593 356 quique
1616 310 1733 344 mutari

331 361 426 397 facile
437 358 538 393 solent
550 388 558 403 ,
572 371 626 394 aut
637 360 722 394 certe
737 371 775 393 ex
787 359 1030 408 perturbatione
1042 360 1217 403 radiorum,
1229 365 1261 396 &
1275 360 1362 394 varia
1376 357 1503 392 luminis
1517 356 1734 392 modificatio·

332 422 375 446 ne
392 410 469 443 dum
488 407 574 443 illius
590 408 748 456 parriculae
762 421 799 444 ex
814 408 988 456 multiplici
1003 407 1181 444 reflexione
1195 436 1206 451 ‚
1226 419 1282 442 aur
1302 407 1505 456 permistione
1518 404 1584 439 albi
1602 411 1634 443 &
1650 407 1732 454 nigri

330 457 421 493 situm
435 457 522 492 suum
533 469 747 493 commutant.
765 458 866 505 quue
878 456 916 492 fit
933 459 1076 493 maxime
1092 469 1167 492 cum
1177 457 1257 491 radii
1267 456 1396 492 luminis
1409 453 1654 491 minutiffimum
1668 456 1734 489 tin-

328 509 436 557 gentis
451 508 591 541 materiae
606 506 694 542 velut
721 507 888 554 pulverem
906 507 1090 554 pervadunt
1102 512 1156 549 ,&
1180 506 1201 543 ὲ
1220 504 1423 542 solidiusculis
1441 502 1587 553 partibus
1601 501 1734 548 reflexi,

330 559 416 594 hanc
426 558 542 590 iterum
558 567 689 592 tenuem
708 555 920 591 substantiam
935 567 1116 604 penetrant.

369 606 472 655 Qod
486 604 507 639 si
520 608 607 640 enim
622 607 751 652 proprie
766 605 857 652 loqui
870 605 1018 639 vo¹umus
1034 633 1044 649 ‚
1065 617 1126 640 nec
1141 602 1260 639 albedo
1269 605 1355 639 inter
1365 603 1555 648 colores,uti
1569 614 1677 650 neque
1686 604 1737 638 ni-

329 657 433 704 gredo
442 655 603 690 numerari
617 653 740 689 debent
760 668 767 690 :
786 666 858 688 cum
871 653 936 689 haec
955 652 991 688 fit
1003 653 1133 689 luminis
1145 655 1287 702 privatio
1299 681 1308 696 ‚
1325 652 1381 687 illa
1399 653 1492 688 fortis
1511 652 1644 687 reflexio
1663 664 1736 700 quae

328 706 443 740 lumen
454 716 521 739 non
534 701 702 738 modificat
716 732 726 746 ‚
740 702 791 737 sed
806 705 968 751 integrum
981 709 1013 740 δε
1025 702 1159 738 illaesum
1170 702 1333 749 relinquit.
1355 702 1521 751 InterJeClzi
1532 700 1657 736 colores
1668 701 1737 748 plus

329 753 460 789 luminis
471 751 643 787 reflestunt
653 780 662 795 ‚
672 751 772 799 quum
783 764 851 786 ater
864 751 954 786 color
966 781 975 795 ,
989 754 1094 788 minus
1109 751 1210 800 quarn
1219 751 1322 787 albus,
1333 751 1442 799 Atque
1454 754 1533 787 utin
1544 750 1674 798 trigono
1686 751 1739 785 vi-

333 814 403 837 treo
422 800 458 837 fit
469 800 612 837 transitus
624 800 664 835 ab
677 800 755 835 albo
772 803 805 835 in
819 799 942 836 flavum
953 829 963 843 ‚
982 800 1128 846 rubrum,
1147 803 1317 849 &nigrum
1334 812 1412 843 3aut
1424 801 1456 835 in
1473 800 1596 835 flavum
1608 827 1618 842 ,
1635 803 1669 835 &
1686 811 1739 833 ru-

330 850 428 886 brum
439 853 474 886 in
487 861 579 899 parte
589 862 747 893 convexa,
758 850 922 884 caeruleum
933 855 965 886 &
1002 862 1170 898 urpureum
1183 852 1215 884 in
1235 860 1326 897 parte
1340 861 1486 884 concava
1503 850 1577 884 :Sic
1594 847 1740 896 plerique

331 900 475 947 liquores
487 911 558 934 curn
570 897 729 933 densiores
742 897 821 941 sunt,
835 899 917 946 nigri
931 915 940 941 3
953 911 972 932 ιι
1001 901 1009 931 i
1022 898 1230 932 mediocriter
1242 896 1327 931 densi
1337 926 1346 940 ‚
1357 896 1459 940 rubri,
1475 910 1549 932 cum
1561 899 1740 939 tenuiores,

331 947 413 984 flavi
427 959 597 996 apparent.
614 948 732 982 Succus
744 946 934 994 heliotropii
951 947 1034 993 aqua
1053 945 1171 982 dilutus
1185 944 1291 994 modo
1304 947 1395 993 niger
1416 947 1545 981 videtur
1556 943 1633 987 ‚ubi
1647 944 1739 980 char.

336 998 402 1033 rhae
415 996 495 1031 albae
507 995 547 1032 sic
560 994 733 1031 affiinditur
745 1025 755 1039 ,
772 1006 808 1030 ut
822 994 923 1030 tribus
937 1007 990 1029 aut
1007 1007 1144 1042 quatuor
1157 996 1249 1029 lineis
1264 996 1406 1028 emineat
1420 1010 1428 1037 ·‚
1441 993 1543 1030 modo
1562 993 1712 1029 caeruleus
1727 1022 1739 1038 ‚

335 1059 409 1081 cum
423 1049 489 1094 ejus
501 1043 652 1080 crassities
662 1046 753 1079 unius
764 1044 858 1079 lineae
871 1043 1095 1086 altitudinem,
1113 1043 1165 1078 seu
1179 1043 1407 1078 duodecimam
1421 1044 1515 1092 digiti
1534 1053 1661 1091 partem
1669 1055 1738 1081 non

337 1094 467 1130 excedit
482 1111 490 1137 3
507 1105 682 1142 purpureus
701 1095 763 1128 erit
776 1092 866 1127 color
878 1090 1037 1127 fitenuior
1055 1091 1091 1129 sit
1108 1092 1225 1140 liquor.

375 1144 414 1178 ld
433 1142 512 1178 vero
523 1154 557 1177 ut
569 1140 742 1191 probabile
758 1141 917 1177 existimat
930 1145 972 1178 D.
986 1143 1162 1180 Marione,
1174 1141 1298 1176 colores
1310 1140 1467 1189 quosdam
1482 1142 1693 1190 primigenios
1704 1145 1740 1178 δε

336 1192 519 1228 constantes
534 1190 632 1228 inesse
650 1194 743 1225 certis
754 1189 940 1239 corporibus
949 1219 960 1234 ,
973 1195 1006 1227 &
1019 1192 1056 1224 iis
1076 1193 1217 1226 maxime
1226 1203 1296 1237 quae
1309 1191 1379 1226 sunt
1391 1189 1594 1239 simpliciora.
1609 1191 1660 1225 Sic
1671 1201 1738 1225 rer-

336 1255 378 1277 rae
395 1241 556 1276 nonnullae
570 1251 626 1275 aut
636 1238 728 1274 flava:
737 1239 805 1276 sunt
819 1269 830 1284 ,
845 1251 898 1274 aut
910 1237 1012 1274 rubrae
1023 1268 1033 1283 ,
1057 1239 1185 1275 autalio
1198 1239 1307 1275 colore
1319 1238 1416 1274 altius
1430 1239 1538 1275 tincrae
1558 1255 1567 1282 ;
1587 1238 1739 1274 caeruleus

337 1290 431 1325 color
444 1290 529 1327 forte
539 1292 604 1324 aeri
616 1291 741 1325 nativus
752 1289 796 1323 est
806 1318 816 1333 ,
831 1300 866 1324 ut
879 1289 987 1324 viridis
998 1301 1086 1336 aquae
1106 1303 1114 1325 ς
1131 1288 1198 1323 haec
1212 1291 1299 1324 enim
1310 1288 1368 1324 ubi
1385 1288 1576 1337 profundior
1592 1288 1635 1324 est
1648 1316 1659 1332 ,
1678 1300 1739 1323 nec

338 1339 485 1375 colorem
503 1341 583 1374 aeris
595 1337 733 1374 refleffit
746 1367 756 1382 ‚
774 1350 811 1374 ut
827 1336 881 1372 sub
893 1349 994 1386 ponte
1008 1338 1120 1386 aliquo
1131 1366 1142 1383 ‚
1160 1349 1214 1372 aur
1231 1339 1330 1383 navi,
1358 1349 1425 1373 tum
1443 1338 1555 1375 viridis
1577 1348 1711 1386 apparet
1727 1354 1739 1381 3

340 1401 382 1424 eo
397 1401 529 1436 quoque
550 1387 659 1423 colore
669 1400 753 1435 aqua
769 1389 864 1422 maris
878 1385 1028 1422 inficitur.

374 1441 412 1473 In
427 1439 536 1473 mixtis
549 1435 628 1472 vero
640 1436 829 1485 corporibus
849 1434 971 1471 subtilis
989 1435 1136 1484 quaedam
1149 1435 1191 1471 est
1202 1439 1236 1474 &
1252 1438 1355 1471 tenuis
1374 1436 1545 1473 substantia
1567 1437 1651 1471 inter
1665 1435 1740 1472 soli-

340 1487 449 1521 diores
464 1485 633 1535 particulas
645 1487 813 1530 interjeosta
827 1514 837 1529 ‚
847 1490 880 1522 ὅ(
893 1484 979 1522 forte
995 1485 1150 1533 pellucida
1163 1497 1235 1532 quae
1247 1484 1357 1521 lumen
1370 1486 1575 1529 transmittit,
1593 1487 1740 1522 &modi-

338 1535 417 1571 ficat
438 1551 448 1579 3
475 1548 537 1570 nec
566 1546 678 1570 tamen
707 1534 894 1569 solidiorum
925 1537 1066 1583 partium
1088 1534 1379 1584 configurationem
1415 1546 1530 1571 mutat·
1570 1535 1672 1572 Unde
1699 1547 1740 1571 ex

341 1587 381 1618 iis
397 1582 589 1632 corporibus
607 1582 684 1631 saepe
696 1583 822 1619 elicitur
836 1581 933 1618 illaeso
947 1584 1085 1630 partium
1100 1595 1267 1620 contextu.
1310 1586 1360 1619 Sic
1387 1583 1556 1619 corallium
1579 1585 1661 1633 ignis
1683 1596 1738 1618 ca-

341 1633 403 1667 lori
412 1634 581 1668 admotum
593 1631 687 1667 brevi
702 1628 787 1670 [uum
802 1635 890 1668 exuit
903 1632 1066 1668 colorem:
1085 1632 1170 1668 hunc
1180 1635 1251 1668 citri
1262 1632 1369 1668 succus
1383 1635 1467 1669 intra
1480 1646 1580 1668 unum
1596 1643 1648 1667 aut
1659 1632 1741 1668 alte-

342 1694 415 1717 rum
434 1681 522 1716 diem
537 1682 637 1717 elicit.
649 1683 700 1716 Sic
712 1682 833 1730 lignum
845 1680 1026 1718 Brasiliense
1042 1684 1075 1717 in
1096 1694 1179 1729 aqua
1188 1683 1359 1718 decoctum
1372 1682 1516 1718 colorem
1535 1680 1662 1717 rubrum
1675 1683 1742 1718 cito

342 1732 488 1766 amittit:
509 1743 569 1766 nec
583 1730 665 1765 illius
678 1729 764 1766 fibrae
777 1729 954 1774 aurfirum,
972 1730 1222 1767 autfirmitatem
1243 1729 1330 1766 suam
1341 1732 1529 1780 deperdunt.
1549 1732 1636 1766 Hinc
1649 1731 1741 1766 colo-

343 1793 394 1814 res
403 1791 458 1814 aut
475 1781 622 1815 tintsturae
635 1779 731 1815 facile
745 1781 906 1815 interdum
915 1793 955 1815 ex
965 1793 1030 1815 uno
1042 1783 1076 1816 in
1088 1780 1173 1815 aliud
1185 1793 1298 1828 corpus
1311 1781 1557 1816 transferuntur.
1569 1782 1613 1815 Ex
1631 1779 1741 1814 frustu-

344 1829 385 1863 lis
403 1831 502 1876 panni
523 1830 675 1876 purpurei
686 1828 775 1863 color
785 1831 817 1864 in
835 1828 960 1876 plumas
973 1831 1100 1877 integer
1113 1828 1349 1864 transmittitur.
1375 1830 1485 1875 Atque
1505 1830 1528 1862 ii
1547 1827 1671 1863 colores
1686 1831 1741 1875 qui

342 1876 443 1912 facile
454 1877 661 1912 extrahuntur
674 1906 684 1920 ‚
699 1889 753 1911 aur
765 1877 958 1911 evanescunt
971 1905 980 1918 ‚
991 1881 1094 1911 varias
1105 1875 1240 1911 subeunt
1254 1879 1448 1912 mutationes
1458 1905 1468 1920 ,
1481 1888 1517 1911 ut
1529 1889 1640 1912 eorum
1652 1879 1742 1924 prin-

345 1927 429 1973 cipia
444 1926 530 1959 varie
542 1925 664 1959 co'c'unt
674 1953 683 1968 ,
703 1937 755 1959 aut
766 1924 960 1971 separantur.
970 1927 1058 1961 Nam
1068 1924 1119 1959 vel
1130 1927 1261 1959 minima
1271 1937 1382 1961 eorum
1391 1938 1446 1961 aut
1458 1923 1593 1960 cohaesio
1603 1954 1613 1969 ‚
1626 1937 1682 1960 aut
1692 1926 1742 1962 di.

345 1973 424 2009 visio
437 1985 646 2021 permagnam
660 1973 804 2008 colorum
818 1971 1037 2008 diversitatem
1062 1973 1157 2009 affert
1170 1988 1178 2010 ε
1190 1987 1226 2008 ea
1240 1976 1377 2009 varietas
1392 1974 1543 2022 nusquam
1560 1978 1662 2023 major
1671 1987 1742 2010 cer..

345 2021 552 2069 nitur‚quam
565 2024 596 2056 in
607 2021 739 2058 floribus
749 2051 759 2065 ‚
783 2023 838 2067 qui
865 2034 938 2056 cum
968 2023 1087 2057 eodem
1110 2023 1202 2058 succo
1212 2022 1335 2058 alantur
1346 2051 1355 2066 ‚
1370 2023 1523 2060 summam
1533 2023 1679 2058 colorum
1687 2037 1744 2060 va·

345 2074 495 2107 rietatem
506 2070 698 2119 plerumque
712 2070 873 2107 exhibent
883 2100 892 2114 ,
909 2082 1065 2107 uteorum
1077 2071 1202 2107 fibrillae
1213 2070 1338 2107 diversis
1353 2074 1458 2107 modis
1476 2071 1680 2120 configuratae
1689 2086 1744 2109 co-

345 2120 452 2156 lorum
465 2121 635 2155 materiam
652 2119 833 2156 crassiorem
847 2132 903 2154 aut
920 2121 1115 2164 admittunt,
1130 2133 1186 2155 aut
1203 2120 1387 2158 excludunt.
1407 2124 1459 2156 Sic
1476 2124 1590 2156 vinum
1608 2120 1744 2158 rubrum

345 2169 405 2204 ubi
417 2169 551 2205 filtratur
563 2198 572 2213 ‚
587 2167 730 2204 colorem
744 2169 828 2204 suum
839 2168 1032 2217 plerumque
1055 2173 1147 2206 exuit
1164 2199 1173 2213 ‚
1194 2170 1283 2218 quod
1297 2170 1459 2218 particulae
1473 2169 1633 2207 crassiores
1643 2170 1743 2206 tubu-

346 2217 396 2253 los
407 2218 525 2252 chartae
543 2216 666 2252 bibulae
680 2247 689 2261 ‚
704 2230 758 2253 aut
769 2220 867 2267 panni
882 2216 983 2252 subire
994 2232 1169 2266 nequeant.

384 2269 428 2302 Ex
441 2268 479 2301 iis
492 2272 524 2304 δε
541 2267 610 2302 aliis
625 2266 768 2313 plurimis
786 2296 795 2308 ‚
818 2279 888 2313 qua:
900 2270 942 2304 D.
957 2270 1117 2302 Marione
1127 2268 1194 2303 fuse
1208 2273 1242 2305 ὃ(
1259 2279 1407 2303 accurate
1423 2262 1741 2316 persequitur,quas-

347 2315 421 2351 dam
440 2315 531 2355 velut
543 2315 668 2366 regulas
680 2345 691 2364 ‚
711 2327 765 2354 aut
777 2315 942 2366 generales
953 2328 1074 2358 naturae
1093 2317 1182 2367 leges
1197 2317 1323 2367 colligit
1335 2345 1347 2362 ,
1372 2330 1445 2367 quae
1461 2329 1530 2354 non
1542 2316 1740 2352 mediocrem
