1878 2724
372 99 428 144 ’2²3
634 97 915 134 PHYSICAE
954 99 1095 134 PARS
1137 98 1426 136 SECUNDA.

367 143 489 182 obtulit
505 143 536 180 id
556 148 764 194 praenuntiare
776 173 786 188 ,
799 146 870 180 fore
889 158 923 181 ut
944 145 986 181 ab
997 147 1201 183 Astronomis
1216 160 1272 196 per
1290 159 1392 182 totam
1414 147 1558 182 hiemem
1582 145 1770 186 videretur„

404 195 546 230 Cometa
559 197 634 230 anni
647 208 719 241 1577
731 194 749 229 ὲ
760 194 811 229 die
823 209 852 230 12
860 195 1063 230 Novembris
1077 197 1118 229 ad
1131 198 1167 230 26
1175 197 1319 243 januarii
1330 198 1407 231 anni
1416 209 1443 242 ις
1450 198 1489 242 78
1504 193 1584 229 visus
1596 196 1652 230 est:
1665 207 1755 229 cum-

369 256 432 293 que
452 242 493 278 sui
512 245 638 290 copiam
649 243 737 286 fecit,
751 244 868 278 eodem
880 255 972 278 motti
981 243 1154 279 incedebat
1167 272 1178 287 ‚
1191 257 1256 291 quo
1268 255 1396 279 cometa
1410 247 1485 280 anni
1505 257 1573 291 ¹577
1589 244 1641 277 die
1660 243 1756 291 8³Ja-

370 294 487 329 nuarii:
504 301 569 325 tum
582 293 669 326 enim
683 290 809 340 singulis
826 291 940 327 diebus
960 307 985 336 4
1003 294 1134 341 graduS,
1157 299 1190 329 &
1209 308 1244 334 27
1260 294 1385 328 minuta
1400 305 1534 341 uterque
1556 291 1757 328 decurrebat.

371 343 456 378 Cum
471 340 556 387 prior
568 338 667 384 desiit,
679 343 711 375 16
722 342 843 375 minuta
857 343 1084 376 tantummodo
1097 339 1199 377 versus
1215 344 1389 377 Orientem
1405 342 1566 377 conficere
1577 340 1757 384 videbatur,

370 401 403 425 ut
415 389 572 437 posterior
582 401 710 424 cometa
723 390 776 424 die
790 394 820 425 18
833 392 946 425 Martii
966 405 994 426 zx
1011 393 1134 425 minuta
1151 393 1244 425 unius
1255 391 1369 439 gradus
1388 391 1469 426 visus
1493 391 1539 426 est
1565 401 1768 438 percurrere.-

370 439 455 474 Cum
466 436 628 485 utriusque
645 450 779 473 cometae
790 439 1011 486 ephemerides
1022 446 1055 476 δε
1068 438 1330 474 observationum
1346 438 1462 474 tabulae
1474 438 1688 482 consuluntur,
1705 440 1758 472 vix

368 490 452 523 inter
468 498 581 521 eorum
596 485 754 529 semitam,
772 493 805 523 &
818 500 967 523 motuum
981 488 1191 524 velocitatem
1213 488 1316 522 ullum
1332 492 1471 523 occurrit
1484 487 1662 522 discrimen.
1679 489 1759 522 Am-

370 536 414 571 bo
428 533 499 583 ealiA
513 537 608 570 ticam
628 537 659 569 in
688 537 805 570 eodem
820 538 923 585 gradu·
935 549 1055 585 nempe
1078 538 1163 571 circa
1190 551 1220 572 21
1249 539 1414 585 Sagittarii
1436 535 1627 572 intersecant
1651 552 1658 579 3
1679 547 1761 571 eun-

371 586 446 621 dem
472 585 541 619 fere
566 597 638 619 cum
667 586 816 632 ecliptica
839 586 1056 621 inclinationis
1084 585 1237 635 angulum
1261 615 1271 629 ,
1302 598 1373 620 cum
1406 598 1568 634 aequatore
1611 584 1762 632 angulum

373 649 403 680 33
413 634 570 682 graduum
592 633 770 669 effecerunt
782 664 791 678 ‚
815 648 956 682 eumque
972 636 1089 669 eodem
1108 648 1192 683 pene
1210 638 1243 670 in
1259 635 1330 669 loco
1349 664 1358 678 ,
1382 647 1483 683 prope
1505 632 1762 670 trecentefimum

371 683 412 720 ab
425 684 519 718 initio
531 684 647 718 Arietis
661 684 794 732 gradum
808 681 913 717 secare
924 683 982 720 visi
996 682 1086 727 stmt,
1112 683 1165 718 sub
1185 685 1297 719 iisdem
1316 683 1412 719 stellis
1428 683 1635 718 incedebant.
1666 682 1762 718 Nun-

371 745 467 780 quam
479 732 616 779 planetae
634 734 700 780 post
723 734 870 767 exachim
883 731 1028 767 saeculum
1040 736 1074 767 in
1096 732 1208 767 iisdem
1225 732 1302 767 locis
1319 745 1518 779 aequatorem
1539 737 1572 769 ὃ(
1592 731 1764 767 zodiacum

372 782 479 817 secant
492 798 500 824 3
515 780 586 816 luna
599 782 662 829 ipsa
677 781 745 829 post
756 783 914 829 integram
927 781 1171 817 revolutionem
1185 782 1223 816 ad
1238 782 1377 816 eundem
1397 781 1551 829 eclipticae
1571 780 1678 815 locum
1696 792 1763 815 non

373 831 455 866 redit
465 859 473 873 ‚
484 828 535 864 sed
547 829 588 864 ab
603 843 644 865 eo
654 842 754 877 quem
764 841 840 865 ante
858 831 1000 865 mensem
1019 829 1240 878 pertransierat
1255 830 1328 865 loco
1341 858 1350 872 ‚
1369 843 1432 865 uno
1451 830 1552 879 gradu
1564 834 1599 866 &
1611 843 1649 865 20
1661 831 1764 864 minu-

375 881 416 915 tis
425 878 515 913 abest
531 894 539 915 :
554 881 609 927 qui
623 880 784 915 nodorum
798 891 902 913 motus
914 880 976 913 dici
986 878 1077 914 solet.
1091 879 1156 913 Alii
1175 880 1309 926 quidem
1320 879 1453 926 planetae
1466 881 1567 914 minus
1578 888 1774 921 excurrunt,

375 929 427 964 sed
443 940 610 963 excurrunt
621 940 742 963 tamen.
762 928 905 962 Cometa
923 929 979 975 qui
994 941 1079 962 anno
1094 929 1162 974 1665
1189 927 1297 962 mense
1314 928 1415 975 Aprili
1431 930 1600 975 apparuit,
1628 926 1766 962 eandem

375 977 471 1027 plane
487 975 632 1011 semitam
647 978 727 1011 inire
746 975 827 1010 visus
848 977 892 1010 est
904 1006 913 1020 ‚
928 978 1051 1023 quique
1068 988 1107 1010 ex
1123 989 1163 1010 eo
1184 987 1330 1024 tempore
1350 976 1421 1010 sunt
1439 975 1620 1019 observati,
1643 974 1685 1009 ab
1707 975 1775 1010 illo-

376 1029 478 1074 magis
499 1028 577 1060 trito
594 1036 794 1061 cometarum
810 1026 924 1060 itinere
942 1038 1053 1074 parum
1071 1023 1262 1060 recesserunt
1280 1039 1288 1060 :
1304 1036 1339 1060 ut
1356 1036 1493 1059 cometae
1513 1027 1587 1061 anni
1617 1036 1630 1058 1
1652 1026 1671 1054 6
1685 1036 1702 1067 7
1715 1037 1736 1058 ι
1751 1052 1764 1067 ,

378 1081 413 1113 &
433 1078 517 1118 1677.
1140 1083 1143 1085 '

412 1125 466 1158 1².st
480 1126 576 1169 igitur
592 1135 627 1158 ut
643 1123 848 1172 planetarum
858 1121 897 1158 fic
913 1134 1112 1159 cometarum
1124 1123 1256 1171 quidam
1280 1123 1431 1158 zodiacus
1446 1151 1456 1165 ‚
1474 1123 1529 1169 qui
1543 1126 1665 1170 majore
1682 1121 1776 1157 forte.

377 1172 547 1207 latitudine
563 1173 709 1208 donatur.
731 1174 815 1220 Qae
832 1184 939 1207 autem
958 1172 1117 1208 stellarum
1136 1171 1395 1207 constellationes
1420 1171 1483 1207 hoc
1504 1172 1639 1207 zodiaco
1658 1172 1765 1206 conti-

377 1233 515 1257 neantur
528 1250 538 1265 ,
557 1221 674 1269 duplici
694 1221 756 1256 hoc
771 1219 923 1257 versiculo
937 1221 1191 1270 comprehendit
1213 1223 1262 1255 vir
1279 1219 1401 1256 destris.

549 1318 714 1353 Antinous
729 1345 740 1360 ,
760 1318 969 1367 Pegafitsqm,
985 1319 1199 1354 Andromeda
1213 1349 1222 1363 ‚
1241 1321 1388 1358 Taurus,
1419 1319 1520 1354 Orion
1531 1347 1540 1363 ,

546 1371 688 1415 Procyon
701 1395 711 1410 ‚
734 1377 832 1414 atque
851 1368 992 1418 Hydrus
1006 1395 1015 1406 ‚
1036 1370 1217 1403 Centaurus
1233 1397 1244 1414 ,
1271 1371 1420 1417 Scorpius
1440 1395 1450 1407 ‚
1476 1369 1597 1403 Arcus.

382 1467 462 1503 Non
475 1466 563 1514 quod
573 1477 688 1500 ornnes
702 1476 840 1501 cornetae
855 1465 939 1502 hanc
956 1465 1029 1501 coeli
1046 1468 1134 1502 viam
1150 1465 1273 1514 semper
1283 1463 1423 1500 insistant
1436 1493 1445 1509 ‚
1464 1463 1516 1501 sed
1533 1477 1569 1500 ex
1587 1466 1623 1500 iis
1637 1465 1772 1514 plurimi.

384 1514 427 1549 ab
437 1527 475 1548 ea
492 1529 557 1550 non
570 1515 733 1549 recedunt.

414 1564 499 1599 Cum
511 1562 652 1612 primdm
663 1563 715 1597 hic
725 1573 853 1597 cometa
863 1563 944 1598 visus
956 1564 997 1599 est
1007 1563 1148 1599 Londini
1160 1569 1193 1602 &
1203 1563 1339 1599 Madriti
1353 1564 1406 1597 die
1421 1575 1463 1598 20
1484 1561 1769 1604 Decembris‚m0-

386 1623 436 1647 tus
448 1613 575 1647 diurnus
593 1624 662 1646 erat
673 1611 774 1646 ferme
791 1626 808 1647 2
824 1613 980 1659 graduum
995 1614 1158 1648 :nondum
1169 1616 1290 1661 quippe
1308 1612 1348 1646 ad
1360 1614 1532 1660 perigaeum
1553 1610 1639 1646 suum
1657 1622 1777 1658 pervef

386 1674 496 1704 nerat‚
516 1661 573 1696 ubi
592 1672 697 1696 motus
707 1660 802 1695 nobis
813 1673 946 1708 apparet
959 1661 1164 1698 celerrimus:
1181 1662 1263 1696 adeo
1281 1673 1316 1697 ut
1336 1661 1388 1694 die
1409 1674 1433 1706 4
1455 1662 1599 1708 Januarii
1616 1661 1641 1693 is
1661 1671 1774 1694 motus

386 1709 485 1745 fuerit
504 1725 526 1756 4
544 1711 695 1759 graduum
710 1722 783 1744 cum
794 1707 924 1746 semisse.
935 1710 1122 1745 Accelerato
1133 1722 1223 1745 motu
1233 1714 1335 1759 major
1345 1720 1470 1743 cometa
1479 1736 1488 1750 ,
1498 1712 1532 1745 &
1541 1709 1639 1742 cauda
1649 1708 1771 1756 produ-

388 1761 469 1795 &ior
480 1761 628 1807 apparuit
640 1774 647 1794 :
659 1771 733 1793 nam
746 1759 798 1791 die
810 1771 846 1801 27
856 1758 1047 1792 Decembris
1058 1763 1108 1803 48
1126 1760 1239 1807 gradus
1256 1761 1288 1792 in
1313 1758 1399 1792 coelo
1410 1755 1582 1791 obtinebat
1592 1784 1601 1794 ‚
1626 1761 1659 1793 &
1671 1755 1768 1802 usque

388 1809 429 1842 ad
448 1810 486 1843 62
499 1807 611 1856 gradus
622 1808 773 1842 excrevit.
791 1807 818 1840 A
831 1807 883 1840 die
893 1808 1068 1853 4J2nuarii
1078 1806 1186 1841 senfim
1197 1812 1229 1843 &
1242 1816 1346 1839 motus
1356 1834 1366 1848 ,
1381 1810 1414 1842 &
1432 1815 1568 1838 cometae
1586 1805 1689 1839 moles
1701 1816 1769 1838 coe-

388 1859 437 1905 pit
447 1855 644 1898 decrescere,
662 1856 743 1889 adeo
752 1866 788 1888 ut
797 1865 903 1889 motus
919 1856 1047 1888 diurnus
1062 1855 1113 1889 die
1129 1869 1143 1891 ι
1158 1858 1176 1890 8
1193 1855 1302 1890 Martii
1326 1855 1377 1888 vix
1397 1852 1471 1887 effet
1496 1864 1543 1887 20
1559 1854 1768 1888 minutorum.

389 1905 548 1952 Splendor
558 1903 635 1938 vero
654 1903 737 1938 illius
755 1915 792 1936 ex
806 1915 871 1949 quo
884 1901 1026 1949 primum
1046 1906 1193 1952 apparuit
1208 1932 1218 1946 ‚
1243 1901 1394 1938 nonnihil
1406 1901 1452 1936 est
1466 1903 1649 1936 imminutus
1663 1929 1675 1945 ,
1700 1913 1772 1948 quo

389 1953 539 1988 videlicet
549 1951 676 2000 longius
687 1950 775 1987 &sole
791 1951 975 1986 recedebat.
990 1953 1101 1986 Cauda
1118 1964 1250 2000 quoque
1271 1949 1381 1986 senfim
1402 1951 1495 1985 austa
1511 1949 1556 1983 est
1568 1961 1642 1985 cum
1661 1961 1772 1985 motus

389 2001 604 2042 increscebat3
626 2000 679 2034 ubi
698 2011 804 2034 motus
822 1999 866 2033 est
891 2000 1083 2043 retardatus,
1109 2001 1207 2035 cauda
1232 2012 1362 2047 quoque
1381 1998 1495 2034 sensim
1509 1998 1554 2032 est
1576 2000 1744 2034 imminuta
1760 2013 1772 2034 ε

390 2063 497 2097 neque
517 2063 555 2084 ea
571 2049 626 2083 soli
639 2051 653 2084 ὲ
666 2049 790 2082 ἀίῑεᾶο
804 2059 870 2081 erat
880 2048 1024 2095 opposita
1034 2077 1044 2091 ‚
1061 2048 1111 2083 sed
1126 2052 1158 2084 in
1174 2062 1282 2084 arcum
1294 2047 1442 2083 nonnihil
1455 2058 1585 2082 curvata
1596 2047 1700 2082 versus
1711 2059 1770 2082 oc..

389 2099 492 2134 casum
502 2097 713 2134 defleciebat:
729 2109 825 2144 atque
843 2109 881 2131 ea
897 2097 1072 2135 delineatio
1082 2100 1185 2133 motui
1203 2100 1336 2147 proprio
1352 2095 1495 2146 opposita
1512 2095 1635 2144 semper
1644 2094 1708 2131 visa
1725 2095 1770 2130 est

390 2147 575 2184 increscere.

425 2200 539 2244 Itaque
551 2206 679 2231 cometa
694 2196 775 2229 circa
798 2209 820 2238 4
830 2197 974 2243 Januarii
991 2195 1077 2231 diem
1090 2196 1152 2231 fuit
1166 2208 1257 2231 tertae
1278 2198 1456 2245 proximus:
1483 2204 1559 2228 narn
1570 2196 1603 2228 &
1616 2193 1721 2239 major
1734 2196 1770 2228 δε

393 2246 534 2281 velocior
545 2256 612 2280 tum
627 2245 695 2279 fuit.
712 2246 802 2278 Raro
815 2246 846 2277 id
858 2246 1018 2291 contingit
1031 2273 1040 2287 ,
1050 2257 1085 2279 ut
1100 2257 1176 2280 ante
1189 2248 1361 2293 perigaeum
1375 2249 1407 2279 ὅ(
1419 2241 1501 2289 post,
1514 2252 1648 2276 cometae
1660 2240 1702 2275 sui
1712 2252 1770 2274 co-

391 2298 476 2341 piam
489 2294 628 2330 faciant:
643 2306 717 2328 nam
737 2291 817 2340 saepe
837 2292 931 2326 radiis
949 2292 1101 2328 solaribus
1119 2295 1338 2342 opprimuntur
1357 2293 1459 2326 statim
1484 2289 1504 2324 ὲ
1524 2291 1663 2337 perigaeo
1679 2317 1689 2331 ,
1714 2288 1770 2323 vel

389 2343 572 2391 priusquam
582 2344 622 2378 ad
633 2343 665 2378 id
683 2344 882 2391 perveniant.
901 2342 1081 2380 Astronomi
1098 2342 1176 2381 vero
1193 2341 1290 2379 facile
1311 2354 1354 2378 ex
1366 2350 1456 2376 motu
1473 2337 1612 2373 futurum
1636 2338 1769 2386 perigaei

1638 2396 1768 2434 tempus
