1878 2724
475 161 550 195 DE
585 160 755 197 MOTU
792 157 1065 195 SIDERU'M.
1401 173 1460 204 317·

68 208 303 258 roJupiterest
313 208 422 243 telluri
437 211 603 256 proximus
616 238 625 252 ‚
646 216 679 245 &
693 208 856 258 oppositus
875 208 931 244 soli
950 209 1077 243 videtur
1089 236 1098 250 ‚
1117 218 1172 255 per
1188 207 1310 242 radium
1323 209 1343 243 S
1358 209 1424 243 LC
1437 239 1446 251 ,

66 269 101 293 ut
114 258 158 293 sol
170 258 355 306 per-radium
367 260 386 291 S
397 260 431 291 'G
444 259 578 294 videtur.
591 258 677 293 Cum
691 271 797 293 autem
810 269 892 292 terra
902 256 992 291 estin
1008 259 1037 291 G
1049 285 1058 300 ‚
1075 258 1277 305 tumJupiter
1288 257 1314 290 L
1329 256 1445 306 longis.

64 304 142 342 fitne
155 307 195 340 ab
214 318 249 339 ea
263 317 446 340 removetur
459 335 469 349 ‚
488 312 521 343 ὃ(
534 306 589 341 soli
604 309 789 353 conjunctus
811 317 966 354 apparet:
991 316 1127 352 uterque
1147 306 1232 338 enim
1247 305 1370 339 videtur
1387 318 1442 353 per

63 354 203 391 eundem
226 355 346 390 radium
366 358 395 389 G
408 358 426 389 S
437 357 481 391 L:
497 356 585 402 quod
601 356 734 404 deJove
758 356 892 390 dicimus
907 382 917 397 ,
927 354 959 387 id
975 353 1076 401 ipsum
1088 353 1128 387 de
1142 355 1250 388 Marte
1261 358 1293 389 δε
1306 355 1441 391 Saturno

63 403 265 451 intelligitur.
283 404 330 438 Est
344 407 429 438 enim
440 405 553 438 eadem
563 407 708 438 omnium
720 406 811 439 ratio.

69 478 72 480 -
88 452 184 486 ‹Cum
195 454 304 499 itaque
328 451 441 487 terrast
464 454 492 486 G
507 465 563 500 per
575 455 612 486 M
628 453 665 485 ad
676 454 696 486 S
710 463 877 495 movetur,
892 455 1053 501 acjovem
1068 453 1102 486 in
1114 450 1239 485 easdem
1253 462 1358 499 partes
1368 464 1441 486 mo-

64 510 130 535 tum
154 500 310 548 conspicit
327 529 336 543 ‚
354 511 422 534 tum
433 499 473 535 sol
490 503 543 548 qui
554 501 595 535 ab
612 503 736 535 oriente
749 501 876 535 videtur
889 530 899 543 ,
917 500 1064 536 umbram
1073 502 1169 550 Jovis
1189 501 1223 534 in
1241 501 1444 536 occidentem

62 551 211 596 projicit,
234 554 266 586 ὃς
281 548 430 584 sitellites
446 552 528 597 prius
543 549 624 583 illius
641 548 790 584 umbram
814 548 970 593 subeunt,
992 549 1092 597 quam
1109 560 1221 596 corpus
1242 547 1442 598 ipstimJovis

61 599 233 645 attingant.
252 600 376 632 Contra
393 599 502 632 evenit
512 609 585 631 cum
599 609 679 632 terra
692 596 733 631 ab
744 597 945 645 oppositione
959 600 980 632 S
992 599 1032 632 ad
1052 598 1315 645 conjunctionem
1325 599 1355 631 G
1369 609 1440 645 pro-

60 646 202 693 greditur
218 674 228 689 ,
253 651 286 682 &
299 647 431 694 Jupiter
445 645 945 693 estmagisvorientalisquam>sol
958 646 1021 695 ipse
1040 660 1048 681 :
1075 658 1142 680 tum
1162 647 1250 682 enim
1269 644 1352 679 illius
1368 658 1440 680 um-

61 693 117 727 bra
126 695 165 728 ad
177 696 336 728 orientem
349 695 495 742 dirigitur
507 721 517 736 ,
535 700 568 729 &
581 692 705 728 satelles
721 696 777 741 qui
793 694 835 729 ab
847 693 958 729 occasu
967 697 1008 729 ,in
1023 706 1129 729 ortum
1146 692 1358 736 fertur,citifls
1370 706 1442 727 cor..

60 753 116 790 pus
132 741 328 792 ipstimjovis
338 743 485 790 attingit,
499 742 599 790 quam
617 742 699 781 illius
717 742 866 778 umbram
877 772 887 788 ,
907 742 1000 779 citius
1025 754 1260 791 quoqueexea
1270 739 1334 777 sese
1345 753 1441 790 expe-

60 791 110 826 dit
131 791 230 838 quam
257 803 296 826 ex
313 792 407 841 Jovis
429 790 539 839 globo.

91 855 133 887 4⁷.
144 840 230 874 Cum
234 841 363 888 Jupiter
376 839 430 874 soli
440 852 506 874 non
516 841 558 875 est
567 839 729 889 oppositus
740 871 748 885 ‚
768 853 835 876 tum
851 841 930 876 raclii
942 840 963 876 ‘a
976 836 1039 875 sole
1063 842 1097 875 in
1110 836 1344 875 satellitem-sub
1358 838 1438 885 Jove

55 886 194 937 politum
210 887 327 923 vibrati
343 887 490 924 umbram
503 887 644 925 efficiunt
668 892 698 924 in
721 889 923 938 globoJovis
938 890 1029 925 instar
1050 892 1146 937 nigrae
1165 888 1298 923 maculae
1316 916 1326 930 ,
1341 899 1440 934 quam

57 949 114 972 nos
125 937 142 972 ὲ
153 948 235 971 terra
244 950 309 972 non
320 939 351 972 in
364 949 403 972 eo
414 937 486 971 loco
503 940 659 973 cernimus
673 967 683 981 ‚
700 939 756 973 ubi
777 950 891 973 revera
909 939 960 972 est.
981 939 1068 972 Cum
1082 939 1168 971 enim
1177 939 1307 985 Jupiter
1318 935 1363 971 est
1375 934 1440 972 sole

54 985 306 1033 occideritalior,
320 987 470 1021 nimirum
481 985 501 1022 ἐι
515 989 745 1035 conjunctione
764 988 805 1021 ad
822 985 1057 1034 oppositionem
1069 1014 1080 1029 ,
1101 997 1168 1020 tum
1189 984 1302 1020 umbra
1317 984 1363 1018 est
1382 986 1438 1018 iti-

56 1033 133 1069 dem
149 1036 247 1083 magis
258 1034 463 1069 occidentalis
477 1035 575 1082 quam
588 1036 708 1071 satelles
720 1065 729 1080 ,
756 1041 790 1073 δε
805 1038 890 1084 prius
899 1037 1022 1086 Jovem
1041 1034 1217 1082 ingreditur
1234 1039 1267 1071 &
1280 1033 1439 1081 egreditur

56 1082 155 1128 qu‘aru
167 1081 377 1130 satellesipse.
403 1083 588 1130 Aliquando
606 1086 637 1119 in
655 1087 736 1132 jove
750 1084 895 1126 macula,
913 1084 966 1118 seu
986 1082 1109 1117 satelles
1132 1085 1242 1117 minor
1254 1081 1369 1116 umbra
1388 1080 1439 1115 sua

56 1129 272 1179 conspicitur:
289 1131 379 1177 quod
395 1130 544 1166 satellites
566 1132 706 1167 obscuris
727 1132 857 1167 maculis
875 1132 1049 1173 donentur,
1068 1142 1138 1177 quae
1158 1129 1212 1164 sub
1237 1130 1348 1164 oculos
1371 1142 1440 1165 non

56 1182 194 1214 veniunt
214 1177 270 1214 nifi
282 1191 352 1214 cum
366 1182 399 1214 in
411 1181 491 1226 Jove
509 1179 575 1227 ipso
586 1192 756 1215 cernuntur
773 1195 781 1216 :
803 1193 877 1216 nam
890 1190 978 1215 extra
987 1181 1111 1228 jovem
1131 1177 1301 1213 satellitum
1319 1176 1438 1224 species

55 1229 204 1262 minuunt
221 1228 455 1264 tantummodO.
473 1230 562 1263 Hinc
577 1227 658 1276 saepe
666 1228 784 1263 umbrae
796 1228 965 1263 satellitum
979 1230 1114 1274 majores
1133 1229 1165 1260 in
1175 1227 1265 1274 jove
1279 1225 1378 1272 quam
1391 1225 1439 1260 sa-

56 1275 173 1311 tellites
190 1275 245 1324 ipfi
259 1287 428 1311 cernuntur
441 1277 548 1323 :quod
567 1288 690 1324 partem
700 1277 854 1312 duntaxat
871 1275 1017 1323 cujusque
1032 1273 1174 1309 satellitis
1187 1273 1280 1310 {isole
1299 1273 1436 1309 illustra-

55 1334 124 1359 tam
136 1328 312 1360 intueamur
324 1341 333 1368 ;
348 1336 451 1372 partes
465 1323 602 1359 obscurae
611 1324 778 1362 oculorum
790 1327 893 1360 aciem
918 1323 1050 1360 eludant
1064 1336 1073 1358 :
1096 1335 1170 1361 cum
1184 1335 1228 1358 cae
1242 1334 1352 1358 tamen
1363 1335 1435 1357 urn-

55 1371 148 1407 bram
160 1372 301 1408 satellitis
316 1385 466 1421 augeant.

89 1429 122 1467 5⁰
131 1423 214 1456 Tres
231 1423 326 1469 primi
346 1421 495 1456 satellites
506 1424 539 1457 in
552 1434 742 1470 unaquaque
753 1421 960 1457 revolutione
976 1431 1114 1467 quatuor
1127 1419 1257 1468 eclipses
1281 1418 1434 1456 efficiunt.

55 1481 79 1505 ι.
89 1470 174 1504 Cum
185 1469 306 1504 satelles
318 1469 434 1504 discum
449 1472 535 1518 Jovis
556 1470 639 1505 subit
649 1500 658 1514 ‚
680 1484 696 1505 2
718 1484 790 1505 cum
803 1469 915 1505 umbra
928 1468 1069 1503 satellitis
1084 1467 1202 1503 discum
1214 1470 1309 1517 Jovis
1326 1467 1436 1503 obscu-

53 1529 134 1563 rat-3
145 1519 227 1553 Cum
239 1531 309 1567 pars
321 1516 554 1569 superiorjovis
563 1518 582 1554 ἐι
592 1519 685 1554 nobis
694 1519 801 1554 aversa
812 1518 980 1554 satellitem
1002 1516 1149 1552 occultat.
1174 1531 1199 1560 4
1213 1529 1287 1551 cum
1305 1515 1433 1551 [uelles

54 1566 271 1617 umbraeJovis
283 1569 488 1615 immergitur.
509 1571 620 1614 Itaque
630 1571 710 1603 intra
724 1581 743 1606 7
765 1569 830 1601 dies
847 1569 966 1614 primus
978 1565 1100 1600 satelles
1114 1572 1146 1601 16
1156 1564 1285 1613 eclipses
1297 1593 1307 1607 ,
1322 1563 1435 1600 secun..

55 1615 110 1649 dus
123 1619 161 1659 8,
178 1619 288 1651 tertius
302 1630 324 1661 4
336 1628 482 1662 procreat
499 1634 508 1658 2
531 1628 567 1650 ac
580 1615 667 1651 fimul
680 1618 716 1651 28
728 1613 881 1650 efficiunt.
905 1615 1047 1660 Qartus
1067 1610 1191 1648 satelles
1210 1624 1312 1660 prope
1331 1613 1432 1646 nodos

55 1664 139 1697 intra
160 1677 191 1707 17
205 1664 270 1698 dies
284 1677 306 1707 4
318 1663 449 1711 eclipses
462 1675 610 1712 procreat
624 1677 630 1698 :
650 1664 736 1711 quod
753 1668 852 1711 major
871 1662 905 1697 sit
920 1666 983 1712 ejus
995 1660 1130 1696 latitudo
1142 1689 1151 1703 ‚
1175 1661 1272 1707 quam
1294 1672 1328 1694 ut
1337 1662 1433 1709 jovis

53 1711 173 1746 discum
185 1740 195 1755 ,
209 1723 264 1746 aut
277 1711 359 1746 illius
371 1711 518 1747 umbram
529 1711 662 1748 delibet.
685 1714 793 1758 Atque
813 1711 859 1746 hae
872 1709 1001 1758 eclipses
1014 1721 1136 1758 magnae
1151 1708 1219 1747 sunt
1237 1707 1384 1744 utilitatis
1401 1720 1436 1743 ut

53 1757 198 1796 locorum
217 1760 426 1809 longitudines
439 1760 564 1796 definiri
578 1759 706 1808 possint.
729 1763 848 1806 Neque
867 1761 955 1793 enim
969 1757 1028 1792 alia
1045 1758 1127 1792 ratio
1149 1769 1205 1792 aut
1222 1759 1357 1800 certior,
1379 1768 1436 1791 aut

54 1808 310 1857 compendiofior
325 1810 524 1844 inveniendae
537 1809 746 1857 longitudinis
757 1808 818 1842 loci
829 1808 979 1842 hactenus
991 1804 1055 1840 fuit
1069 1808 1252 1853 excogitata
1265 1818 1272 1839 :
1286 1818 1358 1840 cum
1372 1805 1436 1840 fre-

54 1868 189 1902 quentes
202 1857 261 1892 sint
272 1856 485 1893 immersiones
498 1887 508 1902 ‚
529 1864 563 1895 &
575 1856 764 1892 emerfiones
777 1855 947 1891 satellitum
964 1872 973 1898 3
990 1865 1094 1889 motus
1108 1867 1222 1889 eorum
1234 1854 1435 1896 constans‚&

52 1905 318 1954 aequabilissQa
330 1908 454 1941 ratione
466 1918 542 1941 ante
556 1905 682 1954 aliquot
699 1917 799 1941 annos
822 1917 894 1939 cum
908 1901 986 1950 juffu
1001 1901 1258 1938 christianissimi
1274 1904 1375 1950 Regis
1391 1906 1433 1939 D.

53 1953 174 1988 picard
181 1982 191 1997 ,
201 1960 233 1991 &
245 1958 288 1990 D.
299 1953 336 1987 de
352 1955 383 1988 Ia
395 1955 481 1987 Hire
494 1956 526 1989 in
536 1955 737 1990 Armoricam
748 1953 935 1989 inferiorem
948 1951 977 1985 se
990 1949 1196 1986 contuliisent
1207 1980 1215 1993 ,
1228 1962 1269 1985 ex
1284 1950 1437 1986 observa-

56 1999 200 2036 tionibus
222 2002 383 2049 eclipseon
400 2002 574 2038 satellitum
592 2015 665 2038 cum
680 2000 955 2038 observationibus
970 2004 1011 2036 D.
1030 1999 1156 2034 Caffini
1172 1998 1297 2034 collatis
1312 2029 1321 2043 ,
1339 1999 1437 2036 diffe-

53 2050 190 2084 rentiam
206 2049 411 2098 longitudinis
422 2053 506 2085 inter
516 2052 678 2086 Lutetiam
688 2057 721 2088 &
731 2051 859 2098 aliquot
872 2051 1043 2085 Armoricae
1058 2048 1152 2083 urbes
1167 2047 1264 2096 longe
1277 2047 1434 2082 diversam

55 2094 115 2130 effe
125 2095 167 2131 ab
181 2109 217 2132 ea
232 2110 303 2144 quae
322 2097 418 2145 vulgo
430 2099 572 2134 statuitur
584 2127 596 2142 ‚
608 2110 845 2146 compererunt.
870 2098 968 2146 Qiod
983 2097 1003 2132 si
1015 2097 1196 2133 Astronomi
1211 2097 1282 2132 huic
1296 2099 1341 2130 rei
1361 2107 1436 2144 ope-

54 2156 121 2178 ram
133 2144 217 2180 suam
231 2146 305 2180 dare
320 2145 482 2180 voluerint
495 2175 505 2189 ,
518 2146 661 2182 locorum
673 2147 890 2195 longitudines
902 2152 936 2183 ὅ(
951 2145 1024 2182 fitus
1040 2147 1250 2182 accuratiores
1266 2145 1436 2180 invenient

54 2192 154 2241 quam
172 2196 204 2229 in
221 2194 356 2230 Tabulis
376 2194 607 2241 Geographicis
625 2196 730 2230 notari
747 2195 880 2237 soleant.

88 2243 140 2276 Sic
155 2243 393 2291 longitudinum
412 2241 598 2277 differentia:
615 2247 737 2291 majore
760 2243 917 2278 facilitate
931 2240 1204 2290 haberi-pollunt,
1232 2239 1330 2285 quam
1363 2251 1434 2285 quae

54 2290 206 2326 haetenus
224 2294 328 2340 optari
347 2303 495 2339 potuere.
520 2293 607 2327 Nam
621 2303 690 2337 quae
704 2293 795 2325 certis
806 2293 838 2326 in
860 2291 939 2326 locis
954 2291 1045 2326 sacr-x
1069 2290 1136 2323 sum
1157 2287 1394 2322 observationes
1412 2286 1434 2321 (ἰ

55 2351 280 2387 comparentur
294 2353 368 2375 cum
383 2342 419 2374 iis
429 2352 497 2387 qua:
517 2339 583 2374 alio
596 2341 630 2373 in
642 2338 801 2382 loco‚utin
813 2338 1047 2374 Observatorio
1059 2338 1167 2384 Regio
1182 2346 1255 2369 ante
1270 2340 1301 2371 &
1319 2335 1386 2381 post
1399 2335 1433 2369 id

56 2396 178 2437 ternpus
199 2388 291 2426 fads-t
309 2387 397 2434 sunt,
414 2393 448 2426 &
472 2398 681 2437 computatae,
697 2400 763 2423 non
774 2385 1034 2425 solum‘locoxum
1051 2384 1247 2467 differamus
1259 2382 1413 2432 -praebcnt
1426 2410 1437 2427 ‚

1132 2442 1135 2451 ¹
1184 2443 1198 2466 t
1222 2444 1254 2476 iij
