1878 2724
438 160 509 199 466
761 148 1019 187 PHYSICAE
1055 147 1198 186 PARS
1235 146 1513 188 SECUNDA?

439 205 537 239 statur
552 202 638 238 idem
654 200 779 235 Author
793 218 802 245 3
815 199 940 235 succum
953 210 1088 247 quoque
1110 211 1217 234 acrem
1228 228 1239 243 ,
1257 211 1295 234 ur
1307 211 1382 248 apes
1395 212 1434 236 ex
1449 198 1559 235 ¹aculeo
1582 199 1728 247 injiciunt
1738 229 1748 245 ,
1762 200 1820 250 qui

437 266 512 288 eum
530 251 619 286 succo
646 249 739 283 acido
753 261 886 296 quercus
906 246 1135 293 fermentescit.
1157 249 1246 283 Hinc
1261 247 1349 284 fibxae
1361 248 1474 297 ligneae
1491 254 1524 287 &
1540 247 1631 284 sectae
1642 277 1652 292 ‚
1679 255 1714 287 &
1731 250 1819 299 quafi

438 301 573 336 fideratae
592 299 612 334 ὲ
629 299 719 333 resto
735 300 853 333 itinere
866 296 1038 333 desciscunt
1052 325 1062 339 ,
1078 299 1115 332 in
1125 296 1338 332 semicirculos
1356 309 1492 333 arcuatae
1506 297 1749 347 aliam-figuram
1759 329 1770 344 ‚
1782 304 1821 337 &

438 350 626 398 plerumque
643 347 817 382 rotundam
830 346 882 381 vel
893 346 1022 383 ovalern
1032 346 1195 383 affeetant.
1209 348 1325 382 Ovum
1337 346 1436 395 ipsum
1451 347 1541 382 velut
1558 348 1658 382 odore
1675 346 1731 383 suo
1747 348 1822 385 -suc-

437 410 509 432 cum
520 396 643 431 arboris
657 395 763 431 inficit
773 413 782 440 ς
791 398 908 432 vermis
923 398 988 431 cito
998 407 1038 430 ex
1048 409 1114 431 ovo
1129 394 1264 431 nascitur
1274 423 1284 438 ,
1295 398 1353 443 qui
1363 395 1504 431 utriculis
1526 397 1720 445 appenditur
1730 413 1741 441 3
1753 397 1821 433 suc.

437 459 491 481 cus
501 448 558 493 qui
572 445 684 480 surculi
699 447 900 481 incremento
918 457 956 480 ex
970 455 1090 480 natutae
1100 444 1171 493 lege
1180 444 1325 479 addictus
1336 457 1403 479 erat
1413 472 1422 486 ,
1439 446 1472 479 in
1483 445 1573 493 gallae
1585 447 1820 483 incrementum

438 495 571 530 divertit
582 522 591 535 ‚
608 507 647 529 ex
665 506 776 529 verme
791 494 896 529 musca
907 492 1040 530 nascitur
1051 523 1061 538 ‚
1074 506 1146 541 quae
1167 493 1218 529 sua
1236 492 1362 528 terebra
1380 493 1529 529 instructa
1545 507 1620 530 cum
1632 494 1742 530 adulta
1754 495 1822 540 est,
1874 527 1878 532 f

437 547 559 579 exitum
575 542 633 578 fibi
643 545 768 591 quaerit.
780 546 831 578 Sic
845 545 878 578 in
891 543 1046 578 avellanis
1057 572 1066 587 ‚
1079 549 1112 579 &
1128 545 1162 578 in
1177 544 1270 577 omni
1280 554 1364 590 pene
1375 542 1538 579 fruetuum
1555 555 1694 593 genere,
1717 546 1752 580 in
1766 547 1821 580 vi-

437 596 478 628 tis
494 599 530 631 &
547 595 693 629 omnium
703 592 887 642 plantarum
896 591 982 628 foliis
994 621 1004 637 ,
1015 597 1050 630 δι
1064 604 1210 636 vermes,
1226 597 1260 629 ὃ(
1276 593 1381 627 omnis
1400 595 1525 641 generis
1543 591 1662 629 inseeta
1678 595 1827 642 gignun-”
1876 586 1878 629 ζ

439 654 503 680 tur.
1398 671 1400 674 ,

484 694 532 729 Ac
544 693 584 728 de
594 693 773 728 nutritione
790 691 971 740 plantarum
980 720 990 735 ,
1004 696 1039 728 δε
1053 702 1161 725 earum
1171 702 1346 739 augmento
1356 689 1427 726 satis
1437 691 1576 726 diximus
1585 718 1594 732 ‚
1607 688 1662 725 nifi
1674 689 1760 725 forte
1771 689 1825 727 lu:

436 741 514 777 beat
526 754 563 776 ea
578 753 713 790 quoque
727 740 883 791 subjicere
896 752 970 788 quae
984 743 1033 775 vir
1053 741 1165 775 doetus
1176 745 1211 776 &
1222 740 1359 789 diligens
1375 740 1556 778 Nehemias
1569 738 1684 774 Grevv
1697 741 1730 775 in
1740 739 1823 776 hane

437 804 507 826 rem
518 789 613 826 affert
623 819 633 834 ,
647 802 782 839 quaeque
795 803 861 825 non
870 789 1010 825 multum
1021 787 1199 825 abhorrent
1208 788 1251 823 ab
1265 791 1303 823 iis
1315 818 1325 833 ‚
1340 802 1410 837 quae
1422 788 1492 824 sunt
1506 787 1676 837 explicata.

473 842 591 887 [taque
606 840 768 874 existimat
781 839 851 887 post
868 841 1005 887 primam
1017 840 1108 886 grani
1122 839 1367 885 vegetationem
1379 838 1502 874 succum
1519 840 1552 873 in
1571 837 1824 887 parenchymate

436 890 490 925 seu
499 892 531 924 in
545 887 625 923 lobo
636 899 776 935 utroque
789 887 967 935 percolari,
985 886 1065 920 illius
1076 898 1173 934 poros
1191 886 1299 921 senfim
1314 887 1461 935 ampliari
1471 915 1480 926 ‚
1494 899 1563 922 turn
1577 898 1702 934 partem
1713 888 1824 934 puriu-

424 951 504 974 -rem
516 940 551 973 in
570 936 665 972 fibras
678 935 813 985 lignosas
825 965 836 979 ,
851 947 924 983 quae
937 947 1011 970 cum
1030 936 1150 970 cortice
1165 935 1395 983 permiscentur
1405 965 1415 980 ‚
1425 947 1481 971 aut
1497 938 1531 972 in
1550 947 1601 969 eas
1615 947 1687 982 quae
1699 934 1770 972 sunt
1783 934 1825 971 fi..

434 990 556 1024 nitimae
570 985 724 1033 perferri;
745 996 882 1032 cumque
891 983 973 1018 illius
986 995 1110 1018 meatus
1118 985 1150 1019 in
1170 984 1302 1032 longum
1317 987 1520 1033 porrigantur
1531 1012 1541 1028 ‚
1555 983 1629 1019 hinc
1640 986 1672 1019 in
1689 983 1824 1034 longum

436 1036 548 1084 planta
561 1035 759 1069 distenditur.
772 1033 939 1069 Interdum
955 1032 1015 1067 illae
1027 1031 1115 1067 fibrae
1128 1032 1312 1076 dilatantur,
1321 1039 1354 1070 ὅ(
1366 1033 1465 1081 spatia
1480 1036 1563 1068 inter
1586 1032 1649 1067 sese
1661 1044 1762 1068 vacua
1774 1045 1826 1068 re·

436 1085 588 1132 linquunt
599 1113 610 1127 ,
622 1095 691 1131 quae
714 1080 969 1130 parenchymate
988 1080 1175 1128 implentur.
1193 1082 1282 1116 Hinc
1300 1082 1518 1129 parenchyma
1534 1093 1601 1117 non
1618 1091 1685 1116 tam
1696 1083 1732 1116 in
1753 1080 1826 1118 lon-

436 1147 512 1183 gum
523 1133 706 1181 producitur
717 1142 815 1179 quam
832 1142 889 1179 per
903 1129 1093 1165 insertiones
1106 1131 1292 1177 interjeftas
1306 1158 1315 1169 ‚
1333 1142 1452 1179 nempe
1469 1131 1488 1167 a
1513 1128 1771 1166 circumferentia
1783 1130 1826 1166 ad

438 1194 587 1220 centrum
602 1191 815 1230 promovetur
826 1208 837 1223 ,
850 1178 908 1213 ubi
935 1178 1076 1215 medulla
1092 1178 1251 1214 formatur
1263 1208 1275 1223 ,
1302 1181 1334 1214 in
1350 1192 1415 1227 qua
1431 1179 1514 1215 succi
1528 1179 1716 1215 alimentitii
1737 1191 1826 1216 nova

439 1232 652 1268 fermentatio
678 1227 851 1277 perficitur.
871 1230 985 1276 Qare
1000 1239 1035 1263 ut
1052 1227 1187 1262 cuticula
1200 1228 1247 1262 est
1264 1228 1356 1263 velut
1369 1231 1497 1264 corticis
1515 1227 1636 1263 filtrum
1647 1257 1658 1272 ,
1671 1227 1712 1266 fic
1727 1227 1826 1265 insen.

440 1284 545 1317 tiones
558 1291 690 1327 quoque
705 1278 844 1313 totidem
857 1275 926 1312 sunt
942 1276 1028 1312 filtra
1043 1304 1053 1319 ,
1070 1277 1104 1310 in
1118 1275 1237 1323 quibus
1252 1275 1357 1311 succus
1371 1289 1440 1324 quo
1458 1289 1565 1326 partes
1584 1276 1714 1326 lignosae
1734 1277 1829 1313 alun-

440 1342 490 1365 tur
503 1358 514 1372 ‚
529 1330 630 1376 magis
647 1340 684 1362 ac
705 1328 806 1376 magis
819 1337 1022 1374 expurgatur.
1047 1325 1136 1360 Cum
1153 1328 1239 1360 enim
1258 1338 1372 1375 corpus
1390 1326 1549 1375 lignosum
1567 1326 1696 1369 crescit,
1715 1337 1826 1375 partes

440 1378 524 1414 illius
545 1379 673 1412 extimae
689 1375 710 1412 a
725 1377 846 1412 cortice
865 1374 1057 1410 alimentum
1076 1373 1200 1409 sumunt
1212 1403 1222 1417 ,
1242 1376 1363 1411 intimae
1381 1374 1402 1411 ὲ
1415 1374 1577 1418 medulla;
1593 1374 1646 1409 sed
1667 1377 1824 1411 interme-

442 1428 510 1462 dias
530 1429 693 1470 nutriunt,
715 1430 749 1461 &
764 1435 882 1474 augent
895 1422 1082 1459 insertiones
1107 1423 1319 1468 medullares‚
1339 1436 1495 1472 tanquam
1513 1422 1631 1459 diffusae
1648 1436 1706 1472 per
1718 1435 1826 1461 totum

442 1488 558 1524 corpus
567 1477 693 1510 arteria:
706 1485 713 1508 :
730 1473 770 1510 fic
787 1474 876 1509 radix
885 1475 1025 1521 primum
1039 1472 1220 1507 distenditur
1230 1501 1240 1516 ‚
1254 1478 1289 1509 &
1304 1472 1457 1522 paulatim
1481 1485 1539 1522 per
1554 1468 1741 1508 insertiones
1755 1485 1827 1509 me-

443 1525 582 1561 dullares
593 1524 630 1560 fit
643 1523 778 1560 crasfior.
799 1525 915 1558 Succus
937 1524 969 1557 in
987 1521 1130 1557 medulla
1149 1521 1312 1557 defecatus
1328 1551 1338 1565 ‚
1359 1521 1446 1570 quasi
1462 1524 1494 1557 in
1517 1535 1572 1556 ma
1596 1533 1636 1557 na
1648 1524 1764 1557 arteria
1774 1523 1826 1557 in.

443 1573 610 1617 tumescit,
621 1579 655 1610 &
669 1576 704 1608 in
715 1584 861 1608 truncum
871 1571 1029 1606 eluctatur
1041 1599 1052 1614 ‚
1068 1571 1146 1605 dum
1157 1572 1182 1604 is
1198 1573 1254 1619 qui
1272 1571 1434 1618 paululum
1445 1571 1487 1606 est
1503 1535 1642 1616 craffior,
1657 1582 1713 1619 per
1727 1569 1827 1608 inser..

445 1626 551 1659 tiones
570 1622 678 1658 versus
692 1624 848 1657 corticem
863 1620 948 1669 quafi
964 1622 999 1655 in
1016 1631 1134 1655 venam
1147 1632 1260 1655 cavam
1272 1622 1464 1669 regreditur.
1806 1647 1808 1652 .

479 1674 595 1707 Succus
609 1674 718 1719 itaque
730 1672 838 1720 purior
854 1673 887 1706 in
899 1671 1007 1704 radice
1015 1668 1079 1718 ipsa
1091 1672 1155 1716 jam
1166 1671 1227 1703 rite
1239 1681 1430 1717 praeparatus
1441 1699 1450 1713 ‚
1464 1682 1523 1718 per
1538 1669 1651 1703 radicis
1662 1699 1673 1714 ,
1690 1676 1725 1708 ὅ(
1735 1675 1828 1707 trun-¹

447 1725 476 1757 ci
492 1721 587 1757 velut
600 1721 820 1755 internodium
829 1722 862 1755 in
880 1719 1045 1754 caudicem
1058 1715 1111 1753 vel
1125 1728 1272 1753 truncum
1294 1718 1451 1766 paulatim
1469 1717 1610 1753 ascendit
1622 1747 1632 1762 ‚
1643 1732 1741 1766 quem
1755 1733 1825 1757 mo.

448 1783 518 1806 tum
536 1769 649 1819 lignosi
678 1771 820 1817 corporis
837 1778 959 1803 meatus
975 1769 1139 1817 adjuvant.
1170 1768 1252 1802 Sunt
1263 1770 1349 1802 enim
1369 1770 1403 1802 in
1420 1767 1553 1816 longum
1569 1771 1671 1814 aptati
1685 1783 1693 1805 :
1714 1780 1826 1805 cortex

445 1832 525 1856 vero
541 1821 575 1854 in
589 1830 702 1854 trunco
712 1818 775 1853 hoc
785 1820 884 1866 magis
897 1818 1052 1852 minuitur
1062 1845 1071 1859 ‚
1083 1829 1148 1863 quo
1157 1814 1314 1850 lionosum
1323 1828 1437 1863 corpus
1449 1819 1549 1864 magis
1558 1817 1720 1852 dilatatur.
1736 1819 1826 1853 Hinc

446 1867 664 1916 parenchyma
687 1868 843 1901 arctatum
857 1877 914 1913 per
928 1864 1116 1900 insertiones
1141 1863 1171 1898 se
1186 1876 1204 1897 e
1217 1863 1391 1906 diffundit;
1414 1876 1545 1910 tumque
1569 1865 1708 1900 medulla
1728 1877 1826 1910 auge-

440 1929 496 1952 -tur
511 1944 520 1959 ,
536 1921 569 1951 &
582 1915 665 1948 illius
678 1926 802 1949 meatus
815 1913 836 1949 ὲ
850 1912 974 1961 lignoso
990 1925 1126 1960 corpore
1139 1914 1225 1960 prius
1238 1912 1392 1946 coarctati
1403 1941 1411 1955 ‚
1422 1918 1487 1960 jam
1506 1912 1672 1948 liberiores
1693 1918 1726 1950 &
1744 1905 1827 1950 so‘lu-

446 1967 545 1999 tiores
561 1962 623 1997 sese
634 1963 815 2010 explicant3
840 1962 893 1996 sed
914 1963 1045 1997 interim
1059 1961 1233 1995 dilatantur
1256 1972 1362 2008 partes
1375 1960 1487 2010 lignos}
1504 1964 1646 2010 corporis
1657 1967 1690 1999 &
1704 1960 1765 1998 ase
1777 1964 1826 1999 in-

447 2017 554 2048 vicem
570 2010 778 2046 divelluntur.

482 2061 540 2097 illa
552 2073 649 2110 porro
662 2059 771 2109 lignofi
785 2062 928 2107 corporis
946 2059 1090 2094 dilatatio
1101 2089 1110 2103 ‚
1128 2065 1161 2096 &
1177 2058 1360 2095 medullaris
1372 2059 1440 2095 tubi
1461 2061 1649 2103 excavatio‚
1668 2071 1738 2096 tum
1753 2065 1831 2096 cau<

446 2113 544 2153 dicis,
558 2120 612 2144 aut
635 2111 736 2144 trunci
749 2108 893 2144 firmitati
906 2138 915 2153 ‚
933 2121 1000 2144 tum
1019 2109 1100 2143 succi
1111 2108 1293 2144 alimentitii
1309 2110 1552 2157 praeparationi,
1565 2108 1826 2152 fermentationi,

449 2166 483 2198 &t
495 2158 711 2195 distributioni
723 2157 808 2193 utilis
822 2158 960 2193 videtur.
975 2160 1026 2192 Sic
1041 2157 1104 2192 offa
1122 2157 1263 2193 firmiora
1282 2169 1316 2192 ut
1326 2170 1468 2201 crurum,
1478 2159 1593 2192 eadem
1607 2156 1677 2193 sunt
1687 2157 1826 2203 cava3fic

447 2222 558 2259 pennae
566 2209 675 2242 avium
693 2206 832 2242 multum
845 2207 968 2242 habent
980 2205 1126 2249 roboris,
1144 2207 1219 2242 licet
1238 2219 1407 2243 excavatae.

487 2272 521 2293 20
543 2259 658 2293 Succus
670 2258 703 2291 in
720 2257 831 2291 medio
846 2259 947 2291 trunci
961 2258 1060 2290 tutius
1077 2255 1266 2298 asservatur,
1281 2268 1340 2290 nec
1352 2255 1442 2298 solis,
1460 2266 1516 2290 aut
1536 2257 1617 2291 aeris
1637 2267 1725 2304 patet
1744 2257 1827 2304 inju-
1875 2272 1878 2276 ¹

449 2310 502 2341 riis
517 2323 527 2349 ·,
549 2317 687 2353 cumque
701 2305 871 2353 ampliores
881 2304 939 2340 sint
962 2307 997 2339 iu
1020 2305 1162 2339 medulla
1178 2304 1428 2347 meatus‚succus
1438 2304 1490 2339 ille
1499 2304 1612 2340 melius
1625 2305 1671 2339 ibi
1682 2304 1827 2339 fermen-

450 2355 550 2390 tescit.
563 2357 653 2390 Hinc
663 2357 810 2402 vegstior
823 2355 865 2389 est
877 2353 959 2388 illius
974 2366 1082 2389 motus
1095 2359 1130 2390 δε
1140 2353 1418 2388 distributiotunde
1430 2355 1461 2387 in
1476 2365 1580 2389 ramos
1595 2353 1690 2400 usque
1701 2353 1830 2401 propel-
1868 2359 1876 2375 ⁸

451 2404 536 2439 litut.
550 2406 662 2452 Qate
677 2406 709 2441 in
718 2405 815 2439 tritici
830 2403 935 2450 culmo
944 2402 1024 2440 nulli
1041 2403 1108 2440 sunt
1119 2406 1200 2439 tami
1220 2413 1275 2441 aut
1288 2400 1418 2446 surculi,
1432 2405 1507 2451 quia
1519 2401 1613 2441 ,nulla
1623 2401 1828 2445 estmeduua,
1868 2419 1869 2422 =
