1878 2724
300 87 342 128 43
651 76 909 114 PHYSICAE
944 77 1272 113 GENERALIS

303 128 476 179 poffint.Et
487 127 620 174 quidem
636 127 693 162 ubi
706 128 1025 168 elementorum,imo
1039 132 1246 174 &corporum
1261 128 1326 172 vite
1336 127 1517 175 expertium
1530 130 1615 163 vires
1631 127 1702 162 sunt

306 179 398 214 velut
408 176 782 224 oculissubjiciendqrhoc
792 172 1040 223 philosophandi
1051 187 1152 223 genus
1166 177 1300 209 minime
1311 176 1542 224 repudiandum
1553 176 1704 212 arbitror:

307 228 362 264 sed
376 226 431 262 ubi
445 226 484 260 ad
496 226 679 260 viventium
693 231 726 261 &
736 222 925 259 animalium
939 222 1126 257 functiones
1142 226 1198 269 ‚{&
1213 223 1401 259 struunt-am
1416 237 1552 259 ventum
1567 227 1622 269 cst,
1637 238 1706 261 tum

309 276 385 313 sane
399 275 461 311 illae
475 275 616 308 rationes
631 273 825 308 mechanicae
836 300 846 315 ,
857 277 890 307 ὃ(
904 270 1124 307 similitudines
1147 283 1186 305 ex
1207 272 1361 307 machinis
1374 273 1630 323 desumptae-fere
1646 287 1706 309 nos

311 324 462 360 deserunt
472 352 480 365 ,
492 327 525 359 &
540 322 578 355 ad
599 323 755 371 principia
774 321 967 369 plerumque
980 318 1200 369 metaphysica
1212 348 1225 362 ,
1238 332 1309 367 quse
1319 334 1383 356 necv
1397 321 1485 357 sensu
1494 348 1508 367 -‚
1524 336 1585 359 nec
1596 326 1708 372 imagi-

311 376 446 411 natione
461 369 717 417 consequimur,
734 368 974 405 sedimelleetu
986 381 1151 416 utcunque
1168 370 1355 417 attingimus
1371 398 1381 413 ‚
1399 371 1454 405 vel
1480 374 1576 408 inviti
1592 374 1708 408 confu-

312 434 389 472 gere
401 418 640 467 compellimur.
661 422 776 467 Itaque
797 418 887 466 quod
905 417 945 453 de
964 421 1138 467 principiis*
1150 417 1347 453 mechanicis
1375 421 1410 453 in
1426 421 1606 456 universum
1630 423 1710 456 dixis

314 482 384 508 mus
394 498 413 513 ‚„
428 469 462 503 id
480 469 595 514 utique
605 469 645 503 ad
657 468 901 517 Philosophiam
914 466 1133 502 Carresianam
1145 466 1296 515 applicari
1309 467 1415 515 potest
1428 496 1439 512 ,
1460 480 1498 503 ea
1518 469 1711 519 plerumque

315 516 376 554 effe
396 516 630 553 verisimillima
649 547 659 561 ,
685 517 740 552 sed
762 516 887 564 ubique
915 529 983 552 non
1002 514 1155 552 sufficere.

351 564 501 603 Secunde>
513 595 523 609 ,
544 568 704 615 principia
722 566 812 615 hujus
823 564 1041 614 Philosophiae
1057 565 1275 602 aDemocriti
1286 567 1403 603 atomis
1419 565 1592 614 multiplici
1611 570 1715 602 nomi-

316 629 358 653 ne
370 615 523 651 differunt
537 643 548 658 ,
567 626 668 663 atque
683 619 716 651 in
737 628 777 650 eo
792 617 933 650 maxime
960 616 1051 662 quod
1072 627 1208 662 corpora
1224 616 1352 652 infinite
1371 614 1544 652 divisibilia
1555 614 1717 651 Cartefius

316 678 393 701 cum
408 666 630 713 Peripateticis
644 663 796 722 agnoscat
807 692 817 707 ,
838 677 906 699 non
922 665 1003 698 item
1015 666 1239 700 Democritus.
1261 668 1308 702 Ac
1318 665 1405 701 forte
1419 667 1452 699 in
1462 660 1525 699 hoc
1539 667 1718 701 Democri..

319 717 345 749 ti
359 716 516 763 principia
529 712 601 748 sunt
615 726 693 748 vero
707 715 889 762 propiora,
904 723 940 747 ut
947 717 1016 761 jam
1031 712 1228 748 ostendimus
1240 743 1251 759 ,
1280 720 1313 752 δε
1328 712 1460 750 uberius
1480 716 1631 763 proximo
1653 725 1718 748 tra-

318 763 411 798 ‹statu
426 763 458 797 id
485 763 701 797 demonstrare
722 761 924 798 conabimur.
1715 799 1720 803 x

357 810 475 849 Tertio
487 839 497 854 ,
519 811 676 847 Carteiius
693 814 727 848 in
745 812 808 847 hoc
827 812 1050 859 quidem-cum
1071 813 1265 848 Democrito
1280 811 1441 848 consentit
1454 840 1464 856 ,
1492 813 1583 861 quod
1603 823 1712 848 mate>-

320 865 402 898 riam
414 859 614 905 uniusmodi,
639 860 741 910 figura
760 872 888 896 tantum
899 872 956 895 aut
964 862 1190 910 magnitudine
1198 861 1357 896 diversam
1376 863 1490 897 statuat
1501 876 1509 898 ε
1522 864 1555 897 in
1569 874 1637 909 quo
1647 864 1722 910 qui.

321 912 398 946 dem
413 909 564 957 utrosque
589 909 876 959 reprehendendos
891 921 973 957 puto
985 939 995 954 ,
1012 911 1060 945 uti
1081 909 1243 958 superiore
1259 911 1435 958 quaestione
1458 909 1634 957 probatum
1662 912 1716 950 est,

324 961 391 995 Sed
403 960 612 996 Democritus
625 971 753 995 atomos
767 961 814 993 ita
833 957 947 994 solidas
968 957 1030 994 esse
1042 959 1197 1003 credidit,
1215 972 1253 995 ur
1273 960 1380 1008 frangi
1401 958 1487 994 nulla
1503 961 1630 994 ratione
1647 959 1724 1008 pos-

324 1008 394 1045 (int.
423 1006 582 1044 Cartesius
601 1006 682 1044 vero
709 1007 858 1043 subtilem
882 1011 1054 1043 materiam
1077 1021 1209 1057 magna.
1232 1008 1390 1044 facilitate
1416 1010 1593 1044 comminui
1617 1020 1721 1057 putat„
1735 1036 1738 1038 -

326 1058 429 1108 Qod
443 1060 557 1105 utique
574 1060 630 1092 vix
643 1059 755 1094 animo
767 1055 920 1105 consequi
933 1057 1011 1092 licet
1022 1086 1032 1100 ,
1043 1055 1097 1104 qui
1109 1056 1180 1092 fieri
1193 1056 1288 1105 poffit
1296 1069 1331 1092 ur
1345 1069 1460 1105 corpus
1472 1055 1608 1092 solidum
1618 1058 1742 1105 quod*

326 1118 392 1156 que
407 1106 513 1140 nullos
533 1118 629 1154 poros
650 1107 818 1154 intercipit
830 1134 840 1149 ,
865 1117 954 1141 tanta
965 1105 1124 1141 facilitate
1146 1105 1237 1141 flecti
1252 1107 1479 1142 &comminui
1493 1116 1601 1152 queat.

378 1153 511 1202 Qarto
521 1183 530 1198 ‚
553 1154 585 1188 id
598 1168 665 1190 non
677 1167 760 1204 aegre
772 1154 978 1190 concedimus
989 1153 1140 1190 subtilem
1152 1155 1318 1202 quandam
1337 1154 1398 1190 effe
1410 1152 1620 1190 substantiam
1632 1157 1731 1190 omni„

328 1208 400 1240 a'e‘re
411 1232 420 1246 ‚
439 1216 537 1250 quem
559 1202 707 1251 spirando
722 1203 866 1237 ducimus
879 1205 1064 1237 tenuiorem
1076 1205 1224 1246 -‚⁴cun6ta
1244 1215 1491 1251 permeantem‚
1503 1206 1631 1250 cuique
1645 1202 1733 1238 effe.-

328 1254 399 1289 &us
410 1251 541 1300 plurimi
562 1279 571 1294 ,
583 1264 729 1299 quorum
743 1249 842 1285 causae
855 1250 926 1286 sunt
944 1251 1165 1296 occultiores,
1186 1254 1312 1300 accepti
1326 1249 1578 1287 fintreferendi.
1602 1250 1748 1288 Verum

328 1303 360 1338 id
372 1300 460 1336 nulla
473 1303 590 1335 mentis
606 1302 787 1349 agitatione
798 1297 952 1347 consequi
965 1299 1124 1348 poffumus
1134 1299 1189 1348 qui
1204 1299 1312 1335 fiat-ut
1327 1298 1543 1336 minutiffimae
1554 1300 1647 1350 hujus
1660 1314 1730 1336 ma-

329 1354 417 1386 teriae
433 1361 539 1398 partes
554 1350 658 1394 durae,
677 1362 714 1383 ac
729 1348 836 1383 solidae
851 1377 861 1392 ,
886 1361 961 1383 cum
972 1361 1011 1384 ex
1024 1348 1165 1399 globulis
1189 1348 1246 1384 sint
1263 1347 1398 1393 excisae,
1417 1348 1503 1384 nulla
1524 1350 1608 1385 inter
1628 1348 1659 1385 se
1677 1363 1736 1386 va·-

330 1413 390 1435 cua
413 1398 547 1448 spatiola
566 1400 779 1446 intercipiant.
805 1398 1016 1446 Qiacunque
1030 1400 1119 1433 enim
1141 1397 1242 1447 figura
1263 1398 1446 1441 donentur,
1479 1397 1576 1433 instar
1585 1397 1732 1448 pulveris

330 1449 446 1484 futurae
465 1447 534 1484 sunt
547 1476 556 1490 ,
574 1447 713 1485 &nullo
738 1448 840 1482 modo
859 1449 985 1482 moveri
1013 1458 1191 1496 poterunt,
1221 1449 1300 1495 quin
1325 1460 1428 1483 vacua
1442 1445 1582 1496 ‘spatiola
1600 1451 1734 1483 interci-

331 1500 433 1547 piant.
451 1498 498 1533 Ac
524 1499 736 1532 Democritus
761 1497 864 1544 magis
887 1496 1086 1532 cohaerenter
1108 1495 1223 1533 sentire
1246 1495 1342 1532 nobis
1363 1496 1511 1535 videtur,
1538 1509 1614 1533 cum
1632 1499 1740 1533 inane-

334 1546 506 1596 dispersum
524 1548 609 1581 inter
624 1557 751 1581 atomos
769 1545 916 1580 admittit
941 1561 949 1581 :
970 1558 1043 1581 rem
1055 1548 1144 1581 enim
1158 1548 1206 1581 ita
1221 1544 1281 1580 esse
1304 1545 1499 1581 mechanicae
1524 1544 1612 1595 leges
1635 1546 1734 1582 fateri

333 1609 394 1632 nos
416 1607 549 1644 cogunt.
840 1642 843 1644 v

375 1642 506 1692 Qiinto
519 1673 529 1688 ‚
562 1644 614 1679 sed
632 1656 742 1692 neque
762 1644 792 1679 id
803 1643 881 1680 'satis'
900 1647 1135 1681 convenienter
1160 1644 1220 1680 suis
1235 1646 1402 1694 principiis
1428 1646 1538 1681 statuit
1554 1644 1742 1690 Cartefius,

335 1693 657 1730 materiamtirrfinite
680 1693 814 1740 quidem
836 1693 942 1727 dividi
966 1691 1053 1740 poffe
1066 1723 1077 1737 ‚
1105 1705 1162 1728 aut
1176 1697 1286 1740 potius
1302 1693 1491 1736 indefinite,
1509 1692 1633 1729 tametfi
1649 1707 1740 1729 nun--

336 1756 434 1791 quam
447 1741 574 1777 infinita
588 1743 733 1789 partium
750 1739 861 1775 divifio
871 1740 939 1776 fiat.
952 1741 1046 1775 <Cum
1057 1744 1145 1777 enim
1163 1741 1286 1776 subtilis
1298 1744 1434 1777 materia
1443 1741 1653 1790 globulorum
1672 1739 1743 1777 sese'

339 1793 541 1840 tangentium
560 1789 729 1826 intervalla
748 1790 873 1838 repleat
883 1807 892 1834 3
904 1802 1044 1837 cumque
1056 1790 1266 1840 globulorum
1279 1792 1445 1826 contaetus
1462 1790 1589 1827 infinite
1604 1803 1745 1826 exacua--

337 1852 385 1876 tur
405 1854 412 1876 :
429 1839 586 1924 lprofecto
603 1835 731 1875 neceffe.
745 1839 845 1875 estut
865 1838 988 1875 fiibtilis
998 1841 1135 1875 materia
1147 1838 1276 1877 infinite
1288 1840 1472 1884 dividatur,
1493 1853 1559 1889 quo
1573 1840 1656 1878 nihil
1664 1842 1738 1883 ina,

338 1902 379 1926 ne
391 1901 426 1924 re
442 1901 560 1948 HJquat.
1614 1901 1616 1903 ’

374 1940 495 1981 Sexto,
514 1941 547 1974 in
570 1938 633 1974 hoc
659 1950 744 1975 certe
758 1938 946 1988 hypothesis
960 1934 1146 1976 Cartefiana
1166 1939 1264 1990 longe
1282 1939 1483 1989 praestantior
1504 1939 1548 1975 est
1557 1941 1711 1988 Epicurea
1722 1947 1749 1984 ,“,.

340 1989 431 2035 quod
448 1990 480 2022 in
493 1987 664 2024 fortuitum
679 2017 688 2032 ‚
709 1994 743 2026 &
757 1992 965 2025 temerarium
975 2001 1161 2025 atomorum
1175 1989 1375 2038 congressum
1389 2019 1400 2035 ‚
1413 2002 1519 2025 return
1529 1992 1738 2032 varietatem,
1756 2019 1758 2023 ,

341 2043 377 2074 &
391 2036 551 2073 summum
567 2049 688 2073 natura:
710 2035 884 2074 artificium
903 2052 972 2075 non
991 2039 1113 2074 referat
1134 2052 1142 2074 :
1163 2040 1256 2087 quod·
1268 2042 1380 2088 utique
1401 2041 1436 2075 in
1448 2040 1586 2087 Epicuro
1604 2039 1741 2074 minime

339 2087 513 2122 ferendum
526 2087 580 2122 est.
606 2088 668 2122 Sed
679 2086 837 2123 Cartefius
858 2090 1028 2123 materiam
1038 2086 1077 2124 sic
1090 2089 1111 2124 ὲ
1126 2100 1328 2137 praepotente
1343 2091 1420 2125 Deo
1435 2088 1605 2123 conditam
1621 2087 1717 2122 tradit
1729 2115 1741 2129 ‚

344 2147 380 2170 ur
402 2136 442 2169 ad
466 2149 594 2171 motum
612 2141 648 2173 δε·
671 2140 819 2182 quietem
834 2135 910 2173 esset
923 2140 1062 2173 omnino
1079 2137 1279 2175 indifferens.
1296 2139 1349 2174 Sic
1359 2149 1467 2174 autem
1487 2136 1594 2172 motus
1606 2133 1743 2183 impres-

345 2182 435 2219 sione
449 2197 522 2220 eam
543 2184 604 2221 effe
626 2184 759 2221 divisam
779 2187 904 2231 statuit,
919 2199 955 2222 ut
981 2184 1056 2222 hinc
1076 2186 1196 2233 species
1210 2200 1318 2223 rerum
1336 2184 1589 2223 innumerabiles
1603 2195 1743 2232 exurge<

346 2245 429 2268 rent.
441 2236 563 2282 Neque
574 2237 663 2270 enim
677 2236 837 2270 minorest
852 2235 985 2272 artificis
999 2236 1152 2271 industria
1165 2235 1184 2271 si
1198 2236 1407 2285 horologium
1420 2236 1498 2270 rotis
1509 2233 1692 2269 instrustum
1702 2231 1749 2267 fic„

349 2280 506 2327 fabricet,
529 2296 563 2318 ut
577 2284 671 2319 horas
694 2284 833 2329 indicet,
857 2297 917 2321 nec
928 2298 1058 2321 manum
1075 2285 1206 2321 artificis
1225 2286 1348 2333 semper
1365 2287 1494 2333 exigat,
1518 2295 1588 2331 quae
1601 2282 1752 2331 indicem.

350 2343 502 2377 moveat,
531 2345 587 2369 aut
601 2334 696 2369 horas
711 2332 826 2382 pulset.
842 2336 923 2373 Non
938 2333 1078 2374 dissimili
1089 2336 1223 2384 quidem
1233 2337 1361 2373 ratione
1374 2347 1443 2372 non
1458 2334 1565 2370 minus
1578 2332 1744 2417 adngwff

1665 2389 1683 2415 a
1693 2391 1710 2414 e
