1878 2724
406 162 462 191 220
762 149 1023 186 PHYSICAE
1077 149 1394 189 GENERALIS

397 216 455 238 nes
472 230 482 245 ,
497 199 629 236 effluxus
641 199 755 233 itidem
768 198 979 234 substantiales
991 228 1001 243 ‚
1013 212 1156 246 congrua
1163 212 1335 250 corporum
1354 204 1438 237 inter
1453 199 1483 237 se
1493 205 1526 239 &
1535 211 1612 250 apta
1621 205 1787 253 cognatim

397 255 441 286 Ex
455 254 491 286 iis
513 253 624 295 itaque
647 247 736 282 velut
755 247 900 283 fontibus
918 247 1110 295 qualitatum
1131 251 1231 284 etiarn
1251 250 1466 287 occultiorum
1487 251 1583 287 causae
1599 280 1609 294 ‚
1629 264 1785 300 quantum

396 300 467 335 fieri
480 300 620 346 poterit,
634 297 787 332 ducendae
798 296 887 341 sunt;
898 309 958 332 nec
972 297 1057 332 male
1066 296 1235 333 abstractis
1247 298 1384 335 vocibus
1398 329 1406 343 ,
1436 311 1491 336 aut
1511 300 1675 337 facultatis
1688 331 1698 346 ,
1729 313 1786 338 aut

397 347 576 396 qualitatis,
589 359 644 383 aut
662 346 777 384 formae
787 375 797 392 ‚
815 347 928 384 &aliis
944 345 1098 383 similibus
1115 349 1267 387 contenti
1284 346 1346 384 effe
1360 349 1529 388 debemus.

908 447 1039 483 Prima
1046 446 1228 494 Conclusio.

422 547 478 582 Ex
495 556 587 581 motu
602 549 636 581 &
654 543 726 580 aliis
736 544 932 582 mechanicis
941 543 1398 594 affectionibus,pluximarum
1408 544 1689 595 qualitatum-quse
1703 550 1788 586 inter·

397 593 591 630 occultiores
606 605 815 630 numerantur
825 623 834 638 ,
845 597 939 644 origo
953 595 998 629 est
1008 595 1197 644 repetenda.

424 642 568 679 -Probari
579 643 687 693 potest
700 643 864 680 conclusio
876 657 915 679 ex
925 647 963 679 iis
975 655 1049 692 quae
1064 644 1454 693 de-qualitatumorigine
1465 645 1499 679 in
1512 643 1695 681 universum
1711 647 1789 683 dixi.

397 692 550 728 mustl-iaec
560 695 681 741 quippe
695 694 735 727 ad
746 693 888 728 occultas
899 693 1073 741 qualitates
1089 692 1184 729 facile
1193 693 1403 742 applicantur:
1417 693 1525 729 multis
1544 697 1644 730 etiam
1659 699 1787 745 experi-

385 744 517 778 mentis
529 754 566 777 ea
576 741 846 791 illustraripotest.
866 744 1012 778 Primum
1026 744 1114 778 enirn
1135 744 1389 778 medicaminum
1399 745 1483 777 vires
1495 755 1562 779 non
1576 743 1708 779 aliunde
1718 746 1789 781 fere

399 791 660 840 oriuntur,quam
673 804 714 827 ex
731 791 926 828 mechanicis
945 791 1007 827 illis
1022 790 1331 828 affeetionibusffive
1345 790 1402 825 illa
1411 790 1615 830 similitudine
1628 797 1783 830 &nature

391 840 620 876 familiaritate
630 870 640 885 ,
657 840 721 876 sive
740 844 846 889 potius
857 843 1036 877 irritatione
1046 841 1188 889 quadam
1199 844 1267 876 vim
1281 840 1369 876 suam
1383 851 1516 876 exerant
1533 855 1540 877 x
1554 855 1624 878 non
1637 842 1724 878 aliud
1736 843 1791 878 fe-

377 901 433 923 <re
452 892 485 925 in
502 891 541 924 iis
556 892 641 925 vires
651 890 723 925 illas
737 888 837 925 efficit
854 889 954 938 quam
974 892 1115 939 partium
1126 895 1308 929 con‘textuS.
1325 892 1378 924 Sic
1393 892 1514 926 vitrum
1532 890 1701 927 contusum
1711 905 1786 928 non

376 964 380 967 Α
397 938 527 974 occulta
539 938 717 987 qualitate,
737 937 790 973 sed
804 942 942 988 partium
955 938 1056 989 figura
1075 943 1109 976 δε
1121 939 1237 973 duritie
1261 938 1490 974 intestinorum
1502 939 1708 976 membranas
1724 941 1791 977 vul·

398 1000 493 1023 nerat
505 1017 516 1032 ,
531 994 565 1026 δε
578 989 646 1024 vim
662 1000 862 1025 venenatam
873 987 994 1024 habere
1003 988 1128 1025 dicitur.
1147 990 1237 1025 Nam
1251 987 1308 1023 ubi
1323 990 1356 1022 in
1368 987 1614 1037 minutiffimum
1620 988 1791 1036 pulverem

378 1064 387 1067 ,
399 1040 632 1073 comminuitur
642 1067 653 1081 ‚
671 1049 739 1073 tum
753 1049 837 1086 pene
849 1036 895 1072 est
917 1040 1102 1074 innocuum.
1126 1036 1247 1073 Eadem
1258 1037 1304 1072 est
1317 1039 1398 1071 ratio
1417 1049 1619 1072 venenorum
1634 1037 1702 1073 fere
1717 1052 1791 1074 om-

398 1087 490 1121 nium
507 1109 518 1130 ‚
538 1099 611 1133 quae
631 1085 684 1121 sua
705 1089 882 1122 acrimonia
898 1098 1004 1135 partes
1024 1087 1179 1122 exedunt.
1209 1087 1290 1122 Non
1305 1083 1445 1121 dissimili
1468 1087 1596 1120 ratione
1615 1089 1698 1122 acria
1713 1101 1787 1123 rne-

398 1135 586 1170 dicamenta
595 1137 780 1170 irritatione
795 1136 937 1183 quadam
951 1147 1056 1185 partes
1068 1134 1309 1172 membranosas
1322 1133 1514 1172 &nervosas
1530 1135 1729 1172 exstimulant
1757 1142 1792 1174 &

398 1182 562 1220 lacessunt.
579 1186 669 1220 Hinc
685 1184 808 1228 (πως,
829 1196 885 1220 aut
900 1185 1017 1220 humor
1029 1183 1135 1221 evasis
1147 1187 1355 1233 exprimitur:
1375 1183 1543 1220 nonaliter
1561 1182 1630 1219 fere
1643 1194 1682 1220 ac
1698 1189 1792 1235 piper

377 1256 379 1259 .
398 1243 464 1279 prae
481 1235 659 1269 acrimonia
677 1232 819 1268 multum
833 1232 942 1269 salivae
972 1234 990 1269 ὲ
1005 1233 1177 1282 glandulis
1188 1236 1253 1268 oris
1269 1236 1435 1281 exprimit.

436 1283 518 1328 Qae
531 1280 602 1316 sunt
611 1282 766 1315 acredinis
775 1283 919 1327 expertia
929 1310 939 1325 ,
958 1292 995 1316 ut
1005 1294 1125 1317 manna
1135 1311 1146 1326 ‚
1157 1281 1250 1318 cassia
1259 1311 1268 1325 ,
1276 1294 1382 1330 pruna
1394 1284 1559 1331 ,partium
1572 1282 1745 1319 fluxilitate
1757 1289 1792 1321 &

401 1329 520 1364 laevore
531 1341 670 1378 purgant
680 1358 689 1373 ‚
711 1329 790 1366 dum
807 1329 902 1365 fibras
914 1329 1112 1368 relaxant&
1126 1331 1310 1366 emolliunt.
1331 1333 1496 1380 Sunt-quae
1505 1335 1644 1380 partium
1656 1331 1792 1369 mobili-

395 1389 504 1413 ¹tatem
514 1384 547 1416 &
561 1378 769 1414 subtilitatem
783 1378 908 1414 habent
923 1382 1113 1416 maximam.
1131 1380 1230 1416 Unde
1242 1381 1276 1414 in
1287 1386 1437 1418 venas&
1449 1384 1579 1416 arterias
1602 1384 1669 1416 cito
1690 1393 1791 1429 pene-

384 1438 487 1463 >strant
499 1456 508 1471 ‚
527 1434 560 1465 δ(
571 1428 760 1477 sanguinem
774 1430 948 1477 exagitant.
965 1430 1019 1464 Sic
1032 1428 1119 1463 radix
1132 1427 1295 1464 hellebori
1317 1429 1498 1473 fonticulo,
1518 1443 1547 1464 v.
1583 1443 1627 1464 un
1642 1441 1790 1474 cautere,

401 1476 554 1520 admota,
573 1477 683 1513 alvum
698 1476 861 1520 subducit,
878 1483 912 1514 ὅ(
928 1480 1090 1513 vomitum
1111 1479 1309 1525 quandoque
1325 1490 1440 1513 movet
1459 1493 1468 1514 ε
1489 1478 1576 1525 quod
1589 1478 1711 1528 sanguis
1729 1479 1791 1521 bac

403 1525 495 1560 velut
508 1525 584 1560 tabe
598 1526 738 1563 infectus
750 1555 761 1570 ,
787 1532 822 1563 &
840 1528 971 1562 circuitu
988 1525 1045 1561 suo
1057 1528 1091 1561 in
1111 1526 1326 1562 ventriculum
1341 1526 1486 1561 illabens
1507 1527 1547 1561 ad
1571 1527 1791 1576 expuitionem

402 1587 479 1609 eum
491 1575 643 1612 stimulet.
654 1578 707 1611 Sic
717 1574 821 1624 pulvis
837 1575 1056 1611 cantharidum
1068 1588 1134 1611 non
1148 1575 1314 1611 fonticulo
1327 1574 1428 1610 solum
1438 1575 1605 1619 admotus,
1625 1575 1678 1610 sed
1688 1579 1791 1611 inter..

401 1623 480 1659 dum
489 1623 637 1662 manibus
650 1626 869 1660 contrectatus
885 1626 991 1661 urinas
1002 1636 1137 1666 movet3
1152 1637 1212 1659 nec
1222 1636 1294 1659 raro
1306 1623 1411 1659 veficae
1425 1622 1554 1659 dolo'res
1567 1636 1655 1660 creat
1668 1639 1675 1661 :
1700 1626 1792 1673 quod

383 1695 388 1699 -
403 1672 491 1720 hujiis
508 1673 651 1721 pulveris
665 1676 768 1709 atomi
785 1673 916 1708 subtiles
930 1674 1108 1709 admodum
1118 1673 1194 1717 fint,
1211 1673 1341 1710 &male
1354 1675 1390 1708 iis
1404 1686 1476 1708 cum
1488 1672 1591 1708 vesica
1601 1676 1791 1713 conveniat.

403 1724 485 1758 Sunt
497 1724 553 1768 qui
567 1722 619 1757 vel
637 1722 705 1758 solo
719 1723 973 1758 medicaminum
984 1723 1090 1758 odore
1105 1749 1120 1766 ‚2
1130 1722 1183 1757 vel
1199 1735 1352 1757 manuum
1373 1725 1634 1758 commeratione
1648 1752 1657 1766 ‚
1675 1722 1730 1759 vel
1747 1724 1788 1757 ad

395 1769 592 1806 :umbilicum
602 1771 1020 1820 applicationepufgentur.
1043 1773 1127 1806 Cum
1146 1770 1263 1804 scilicet
1278 1771 1359 1804 odor
1372 1771 1604 1805 medicamenti
1616 1770 1654 1805 sic
1669 1783 1789 1806 nervos

404 1818 483 1854 ferit
495 1848 506 1863 ‚
519 1818 666 1856 utsolent
680 1832 719 1855 ex
731 1818 888 1868 affumpto
898 1819 1073 1868 pharmaco
1085 1816 1174 1854 affici
1192 1832 1200 1853 t
1223 1818 1306 1852 adeo
1326 1830 1360 1853 ut
1375 1820 1548 1853 ventriculi
1566 1825 1600 1856 ὅ(
1616 1820 1790 1855 intestino-

404 1879 475 1902 rum
486 1867 573 1903 fibrae
585 1868 751 1917 spirituum
768 1881 851 1917 ope,
870 1867 1024 1904 consimili
1038 1869 1156 1912 modo,
1180 1881 1217 1903 ac
1231 1866 1355 1915 sumpto
1367 1867 1540 1916 pharmaco
1551 1870 1790 1905 contrahantur.

404 1917 498 1963 Qun
512 1921 611 1952 etiam
622 1919 785 1953 interdum
803 1930 859 1954 aut
871 1921 1006 1962 timore,
1030 1930 1083 1953 aut
1098 1929 1218 1952 terrore
1232 1916 1330 1951 fellea
1347 1916 1479 1951 vesicula
1494 1946 1501 1959 ,
1521 1929 1556 1952 ur
1576 1917 1705 1964 reliquae
1720 1930 1791 1965 par-

406 1976 453 2000 tes
467 1994 476 2008 ‚
490 1968 659 2002 constriffl
673 1966 775 2002 bilem
789 1970 953 2016 exprimit,
966 1981 1033 2015 quae
1048 1966 1097 2002 sua
1108 1968 1284 2002 acrimonia
1295 1965 1404 2001 alvum
1421 1978 1588 2001 exonerat.
1607 1969 1643 2001 Et
1655 1968 1788 2014 quidem

405 2013 477 2048 fluis
488 2015 533 2048 est
547 2015 715 2051 verifimile
732 2017 856 2051 acriora
870 2028 1008 2064 quaeque
1027 2016 1238 2051 medicamina
1249 2045 1258 2059 ,
1283 2017 1379 2052 uti&
1394 2027 1521 2050 venena
1531 2027 1654 2050 -nervos
1676 2017 1791 2063 impri-

407 2064 468 2098 mis
483 2069 517 2100 &
537 2064 741 2100 membranas
754 2094 763 2108 ,
780 2067 848 2100 imo
866 2071 901 2103 &
914 2063 1082 2100 cerebrum
1097 2066 1253 2111 invadere
1290 2066 1386 2101 Unde
1408 2063 1466 2100 ubi
1486 2063 1587 2099 succus
1610 2075 1787 2099 venenatus

406 2111 519 2148 vulnus
529 2115 639 2161 attigit
654 2143 663 2156 ‚
682 2114 789 2149 statim
809 2115 984 2163 vertigines
997 2119 1029 2151 &
1039 2113 1262 2149 convulsiones
1274 2116 1441 2149 oriuntur:
1463 2125 1498 2147 ut
1509 2115 1540 2147 in
1551 2112 1657 2147 morsu
1669 2115 1787 2161 viperae

407 2163 492 2210 prius
511 2161 701 2205 cerebrum,
723 2163 825 2210 quarn
835 2175 890 2197 eor
906 2161 1052 2198 afficitur.
1072 2166 1206 2211 ·Neque
1234 2165 1321 2198 enim
1341 2165 1461 2197 -vene'ni
1480 2160 1603 2210 guttula
1619 2174 1657 2195 ex
1674 2166 1788 2209 viperae

407 2209 511 2245 morsu
529 2211 636 2256 potest
649 2212 755 2246 statim
774 2224 830 2259 per
842 2224 954 2246 omnes
975 2212 1130 2261 sanguinis
1140 2224 1245 2261 partes
1258 2211 1394 2247 diffundi
1408 2229 1416 2253 ;
1429 2217 1460 2248 δε
1477 2213 1529 2244 vix
1542 2222 1578 2243 ea
1591 2222 1647 2258 per
1657 2212 1787 2244 arterias

407 2262 440 2294 in
457 2258 627 2296 cerebrum
641 2272 850 2296 commearet.
871 2260 979 2296 Citius
990 2264 1021 2296 in
1030 2264 1180 2297 arteriam
1192 2263 1208 2297 ὲ
1219 2261 1315 2296 corde
1325 2260 1572 2294 descendentem
1591 2258 1718 2307 delapsa
1732 2271 1788 2306 per

387 2343 395 2346 Α,
407 2321 501 2343 renes
512 2337 521 2351 ,
534 2314 567 2346 &
577 2310 636 2344 alia
648 2308 720 2345 vasa
732 2321 963 2346 excerneretur.
979 2313 1017 2345 Et
1030 2323 1139 2346 tamen
1157 2311 1263 2345 statim
1273 2309 1292 2344 ἐι
1302 2307 1408 2343 morsu
1424 2309 1512 2343 vires
1535 2308 1788 2355 prosternuntur:

408 2357 493 2391 adeo
502 2369 545 2395 rut
557 2371 623 2394 non
634 2359 736 2408 longo
749 2361 862 2394 itinere
872 2372 928 2407 per
939 2372 1034 2394 venas
1046 2390 1054 2403 ,
1067 2360 1120 2395 sed
1136 2361 1251 2404 majori
1267 2358 1463 2404 compendio
1484 2369 1543 2403 ¹per
1560 2369 1676 2391 nervos
1696 2369 1787 2392 cere-

391 2403 610 2455 „brumpetar
630 2411 719 2444 Hinc
731 2407 836 2445 subita
846 2409 992 2459 deliquia
1006 2421 1043 2446 et<
1058 2411 1164 2446 nervis
1174 2419 1228 2444 aut
1244 2406 1369 2456 punffis
1382 2435 1390 2450 ‚
1407 2417 1460 2440 aut
1474 2405 1620 2442 contusis.
