1878 2724
369 117 432 159 614
930 108 955 145 P
968 107 1003 145 H
1016 107 1047 145 Y
1058 107 1078 143 S
1089 105 1103 142 1
1115 105 1146 143 C
1155 108 1196 144 Ε
1347 155 1366 158 A

367 163 447 196 racis
460 157 673 206 capacitatem
697 163 830 205 augent.
853 150 874 190 Α
905 157 1202 205 pcndiccsquoque
1216 154 1373 193 costarum
1397 166 1433 193 ut
1447 157 1472 193 B
1487 156 1516 194 A
1537 161 1571 198 &
1595 158 1619 197 Ε
1638 161 1671 196 D
1686 170 1761 196 cum

367 210 472 245 sterno
490 203 636 242 efficiunt
653 206 786 253 angulos
800 168 982 251 flexibiles,
999 205 1104 255 sicque
1122 206 1256 256 angulus
1277 208 1301 242 Β
1322 205 1435 242 sursum
1454 208 1587 244 trahitur
1609 210 1717 247 versus
1731 209 1760 245 1<

365 270 402 294 ut
418 259 441 293 E
456 254 559 291 versus
571 254 744 302 B‚quand0
756 255 891 300 costae,&
905 268 1016 292 earum
1030 256 1224 304 appendices
1237 255 1327 292 offeae
1341 254 1493 292 fibrarum
1505 261 1537 293 vi
1552 259 1741 307 diriguntur.

401 308 435 340 In
454 301 592 352 piscibus
609 302 683 337 loco
695 302 884 351 pulmonum
904 303 974 341 sunt
984 305 1163 349 branchiae,
1178 310 1220 342 V.
1231 308 1294 341 Les
1308 307 1413 352 oicyes,
1423 318 1496 354 quae
1512 319 1665 354 tanquam
1680 307 1760 342 folia.

365 352 425 389 fibi
440 363 552 387 mutuo
562 350 776 387 incumbunt:
794 358 959 401 utrimque
970 354 1169 402 quadruplex
1189 355 1231 390 est
1241 354 1333 390 series
1346 354 1498 390 foliorum
1511 368 1549 391 ex
1560 355 1713 405 oblongis
1726 361 1761 393 &

366 401 504 449 angustis
516 400 757 450 cartilaginibus
773 402 958 450 compofira.
982 406 1045 439 Hae
1063 402 1184 450 ubique
1199 404 1342 453 duplices
1359 402 1449 447 sunt,
1473 409 1508 441 δε
1530 404 1586 441 ossi
1605 416 1760 452 tanquam

366 449 430 486 bafi
441 452 777 497 annexaezunicuique
796 453 885 486 velut
900 451 955 487 filo
970 452 1018 488 sua
1042 453 1083 486 est
1097 453 1248 488 asteriola
1271 466 1342 501 quae
1364 451 1550 501 sanguinem
1571 454 1682 497 vehit,
1708 452 1761 488 sua

365 512 495 548 quoque
508 498 553 536 est
566 499 682 540 venula
693 512 762 547 quae
780 500 966 550 sanguinem
986 501 1124 537 revehit.

415 551 449 583 In
465 548 560 583 corde
573 549 708 583 unusest
723 550 938 587 ventriculus:
954 552 1016 586 duo
1032 549 1101 586 sunt
1113 562 1212 585 aortae
1230 579 1240 594 ,
1269 548 1322 584 seu
1347 553 1469 586 artetiae
1491 563 1615 600 maguae
1639 553 1760 588 trunci:

367 599 486 646 primus
503 599 631 631 enimin
648 597 753 645 plures
771 611 877 634 ramos
895 601 1050 635 dividitur
1064 629 1074 644 ‚
1089 602 1189 647 quiin
1202 612 1301 635 unum
1317 603 1469 635 co'e‘untes
1483 600 1655 635 secundum
1670 600 1759 636 velut

368 658 514 682 truncum
529 645 671 681 efficiunt
686 661 694 682 ε
709 660 745 682 ex
757 660 796 683 eo
811 649 915 696 plures
926 652 1005 684 rami
1023 652 1053 684 in
1077 661 1180 684 totum
1194 660 1307 696 corpus
1321 649 1560 686 distribuuntur.
1577 652 1667 685 Prior
1686 661 1760 684 aor-

366 706 405 730 tae
421 707 545 730 truncus
560 697 666 742 quiex
685 695 837 744 superiori
849 698 988 737 auricula
1003 697 1211 747 proficiscitur
1223 726 1232 741 ,
1252 700 1287 732 in
1304 711 1441 745 quatuor
1465 702 1631 746 utrimque
1653 710 1760 733 ramos

365 744 538 788 tribuitur,
553 747 608 791 qui
621 757 758 792 quatuor
777 746 1004 782 branchiarum
1016 747 1067 782 seu
1081 747 1235 782 foliorum
1245 745 1332 782 bases
1344 747 1584 796 pertranseunt,
1607 752 1640 785 δε
1657 747 1759 796 capil-

367 793 448 828 lares
463 795 592 828 arterias
605 796 637 829 in
648 793 765 843 singula
776 795 1003 832 branchiarum
1015 796 1067 832 fila
1078 799 1312 841 emittunt,tum
1322 799 1356 832 in
1366 796 1537 832 secundum
1547 799 1663 832 co'e'unt
1674 807 1760 832 trun—

366 855 438 878 cum
452 844 504 889 qui
515 841 635 889 spinam
647 844 728 879 dorsi
740 857 925 891 percurrens
939 848 971 880 in
989 857 1095 880 toturn
1107 858 1222 893 corpus
1237 846 1375 881 ramulos
1386 845 1560 891 diffiindit3
1582 846 1695 881 eadem
1712 845 1759 881 est

367 903 524 927 venarum
539 893 622 926 ratio
632 921 641 934 ‚
659 905 726 938 qua:
744 891 866 940 ubique
878 895 1006 928 arterias
1019 896 1227 931 comitantur.

414 941 498 975 Haec
508 941 620 986 utique
636 942 666 975 in
683 940 782 990 figura
800 954 899 989 quam
916 944 965 977 vir
988 941 1184 978 doctissimus
1203 941 1497 986 delfneavit,.fient
1521 945 1693 992 apertiora.
1715 946 1758 979 Ea

367 992 491 1036 quippe
503 1000 558 1021 cor
570 994 603 1024 &
615 994 743 1024 arterias
759 988 984 1025 branchiarurn
997 993 1134 1040 Cy-prini
1149 990 1238 1039 piscis
1251 1019 1261 1033 ,
1273 1005 1305 1028 v.
1314 1005 1374 1025 une
1382 1004 1477 1039 carpe
1486 992 1629 1030 exhibet.
1645 995 1685 1037 A,
1703 1005 1759 1028 cor

367 1036 470 1085 ipsum
485 1038 633 1083 exprimit
647 1040 689 1081 ·‚B
702 1037 875 1074 auriculam
886 1040 989 1074 cordis
1002 1039 1193 1088 superiorem
1207 1068 1215 1083 ‚
1231 1043 1263 1075 D
1273 1042 1416 1088 priorem
1429 1052 1527 1076 aortae
1542 1052 1688 1077 truncum
1701 1054 1757 1078 :ex

368 1098 410 1120 eo
425 1088 504 1120 rami
518 1087 596 1120 oCto
608 1114 618 1129 ‚
637 1086 688 1121 seu
698 1098 834 1134 quatuor
845 1100 881 1123 ex
895 1100 1028 1136 utraque
1042 1100 1132 1137 parte
1150 1100 1282 1132 exeunt,
1294 1091 1417 1137 quique
1430 1088 1519 1124 bases
1532 1087 1758 1126 branchiarum

366 1135 546 1182 pervadunt
567 1148 574 1169 ε
597 1147 733 1181 quatuor
745 1136 847 1171 dextri
861 1140 946 1173 notis
958 1150 983 1180 1,
1003 1151 1020 1173 2
1033 1136 1085 1183 ‚3'‚
1098 1152 1138 1183 4:
1149 1136 1348 1186 designantur
1357 1141 1479 1173 arteriae
1496 1140 1575 1173 rami
1591 1153 1600 1174 ι
1615 1141 1757 1188 integrae3

367 1187 400 1219 in
411 1183 479 1217 aliis
493 1186 588 1218 ramis
602 1182 696 1219 sedrae
707 1183 1057 1230 exhibentur,vitandae
1073 1186 1269 1221 confusionis
1282 1186 1382 1223 causa.
1397 1188 1445 1231 C,
1464 1188 1506 1222 est
1524 1188 1662 1222 auricula
1685 1200 1757 1223 cor..

368 1233 414 1266 dis
433 1232 566 1267 inferior
578 1262 586 1276 ‚
599 1249 611 1282 5
628 1245 755 1269 truncus
769 1247 859 1270 venae
870 1248 956 1271 cavae
967 1237 1079 1271 itidem
1088 1235 1224 1272 resestus
1234 1265 1243 1280 ‚
1267 1238 1389 1284 quique
1400 1249 1437 1272 ex
1451 1236 1509 1272 hac
1517 1237 1655 1272 auricula
1665 1249 1757 1287 egre.

367 1281 459 1317 ditur.
476 1289 505 1318 6.
517 1282 582 1316 duo
596 1285 698 1318 trunci
710 1296 799 1318 venae
819 1297 904 1319 cavae
918 1285 1075 1320 inferioris
1087 1314 1095 1329 ,
1114 1287 1168 1333 qui
1186 1285 1357 1320 auriculam
1375 1287 1479 1321 cordis
1499 1285 1687 1321 inferiorem
1711 1284 1757 1322 su-

367 1328 478 1366 beunt,
500 1347 528 1375 7.
548 1333 708 1366 Secundus
723 1345 822 1367 aortae
835 1346 974 1378 truncus,
987 1346 1085 1381 quem
1102 1335 1179 1369 osto
1191 1336 1269 1368 rami
1282 1336 1316 1370 in
1331 1348 1428 1370 unum
1441 1336 1591 1369 co'c‘untes
1603 1333 1757 1371 efficiunt.

408 1381 450 1414 Ex
464 1392 528 1426 qua
541 1381 674 1427 quidem
689 1380 912 1418 branchiarum
923 1385 955 1418 in
967 1382 1102 1431 piscibus
1118 1384 1378 1418 conformatione
1393 1383 1495 1432 liquet
1507 1385 1539 1418 in
1549 1383 1678 1418 eosdem
1695 1396 1755 1432 pe-

365 1440 406 1463 ne
421 1427 487 1462 usus
500 1458 509 1472 ,
527 1428 642 1476 quibus
663 1431 833 1478 pulmones
844 1432 1033 1468 addicuntur
1045 1461 1054 1473 ‚
1073 1444 1125 1466 eas
1139 1432 1199 1466 effe
1211 1444 1411 1480 comparatas
1425 1462 1434 1476 ‚
1452 1445 1570 1480 nempe
1590 1445 1625 1467 ut
1646 1432 1755 1468 tranfi-

366 1488 435 1511 tum
449 1476 603 1525 sanguinis
616 1484 648 1515 ἃ
663 1481 826 1514 circuitum
841 1481 1004 1529 adjuvent.
1024 1484 1113 1517 Nam
1131 1493 1215 1528 aqua
1232 1483 1313 1515 circa
1324 1480 1490 1516 branchias
1503 1481 1574 1517 offis
1587 1481 1643 1516 lati
1657 1487 1690 1519 δε
1705 1493 1755 1517 te-

365 1528 436 1561 nuis
449 1525 611 1562 beneficio
622 1531 848 1576 comprimitur
860 1558 868 1571 ‚
884 1532 971 1577 quod
989 1531 1121 1577 quidem
1141 1531 1232 1565 instar
1245 1531 1385 1577 pedroris
1403 1533 1436 1566 in
1453 1530 1522 1565 aliis
1536 1529 1754 1566 animantibus

363 1575 521 1610 attollitur
538 1582 571 1613 δε
585 1577 776 1625 deprimitur
791 1607 801 1620 ‚
824 1584 858 1615 &
870 1577 1054 1627 sanguinem
1070 1591 1126 1626 per
1143 1578 1366 1614 branchiarum
1385 1578 1439 1614 fila
1458 1579 1670 1615 transeuntem
1681 1592 1755 1628 pro-

365 1625 591 1672 movetquue
602 1625 672 1660 satis
694 1627 736 1661 est
754 1626 923 1662 verisimile
936 1630 967 1664 in
979 1628 1026 1663 his
1039 1628 1184 1676 angustiis
1201 1641 1265 1663 non
1281 1629 1381 1663 modo
1394 1641 1469 1663 eum
1481 1629 1605 1664 concidi
1620 1634 1654 1666 δε
1669 1640 1754 1664 atte-

364 1676 450 1707 nuari
462 1703 471 1717 ,
483 1673 533 1708 sed
547 1676 626 1708 aeris
640 1688 772 1722 quoque
785 1677 946 1723 particulis
959 1676 1044 1725 quasi
1055 1679 1206 1712 animari:
1218 1689 1325 1725 neque
1339 1679 1424 1712 enim
1433 1690 1515 1725 aqua
1527 1689 1599 1712 aere
1613 1678 1756 1713 destitui-

366 1733 415 1756 tur
429 1736 437 1757 :
465 1723 546 1757 unde
557 1722 654 1769 pisces
673 1723 726 1758 sub
737 1736 820 1772 aqua
833 1725 907 1774 gelu
924 1727 1092 1761 constr-icta
1102 1728 1167 1760 cito
1180 1727 1459 1773 moriuntur‚quod
1476 1725 1581 1761 vitalis
1596 1738 1651 1761 aer
1665 1725 1754 1763 defit.

395 1773 432 1806 ln
446 1772 620 1820 amphibiis
639 1785 672 1808 ut
687 1775 718 1807 in
739 1775 842 1818 ranis,
858 1773 1051 1818 husonibus,
1071 1773 1273 1810 salamandris
1291 1777 1446 1822 aquaticis
1458 1804 1467 1819 ,
1485 1775 1665 1819 testudine,
1678 1775 1754 1823 pul-

364 1833 477 1855 mones
493 1821 625 1867 quidam
639 1851 648 1865 ‚
666 1833 701 1856 ut
715 1825 747 1856 in
759 1822 829 1856 aliis
841 1823 1058 1858 animantibus
1072 1835 1266 1867 cernuntur,
1295 1823 1347 1858 sed
1370 1826 1496 1870 penitus
1515 1822 1731 1858 membranofi
1742 1852 1752 1867 ‚

363 1868 480 1914 quibus
493 1880 606 1913 corpus
622 1872 654 1903 in
662 1882 743 1916 aqua
758 1869 882 1904 facilius
897 1870 1030 1906 libratur
1043 1889 1052 1914 ·,
1065 1871 1114 1905 sed
1131 1884 1187 1918 per
1196 1884 1252 1905 eos
1269 1871 1390 1919 sanguis
1402 1871 1421 1907 ἐι
1432 1872 1545 1906 dextro
1555 1872 1657 1906 cordis
1669 1884 1749 1907 ven-

366 1915 478 1951 triculo
494 1919 527 1951 in
541 1915 756 1952 sinistrumnon
772 1917 965 1954 transitmon
977 1920 1065 1966 quod
1078 1921 1110 1954 in
1122 1919 1169 1954 his
1179 1919 1330 1956 omnibus
1343 1922 1452 1954 unicus
1464 1918 1499 1954 fit
1517 1921 1620 1954 cordis
1631 1924 1754 1956 ventri-

365 1963 515 2005 culus,sed
528 1964 650 2014 sanguis
667 1978 722 2013 per
736 1964 857 2013 septum
873 1968 1099 2003 intermedium
1114 1969 1217 2002 cordis
1234 1969 1253 2005 ἐι
1266 1970 1380 2003 dextro
1390 1968 1546 2005 v'e‘tticulo
1558 1971 1590 2004 in
1601 1967 1752 2005 finistrum

365 2025 537 2048 commeat.
555 2016 592 2049 ln
608 2015 761 2049 testudine
772 2014 842 2050 sunt
852 2017 921 2050 duae
934 2016 1075 2052 veficulae
1090 2016 1168 2051 vasis
1181 2017 1360 2068 sanguineis
1373 2016 1556 2066 conspersae,
1566 2023 1600 2056 ὃ(
1609 2017 1680 2054 satis
1689 2018 1751 2054 ob-

367 2061 462 2109 longq
472 2075 540 2109 quae
555 2062 1033 2114 pulmonum&diaphtagmatis
1045 2079 1161 2101 munus
1174 2066 1369 2110 obeunt‚nifi
1380 2067 1467 2114 quod
1480 2079 1554 2101 aere
1568 2065 1691 2116 semper
1700 2068 1752 2102 di..

365 2111 557 2154 stendantur,
569 2124 674 2159 neque
690 2125 831 2159 unquam
843 2116 965 2161 penitus
976 2117 1205 2150 exinaniantur.
1229 2118 1315 2152 Cum
1331 2116 1536 2153 renovandus
1547 2116 1589 2151 est
1604 2129 1669 2160 aer,
1680 2128 1748 2151 tum

365 2160 481 2194 ceffant
507 2163 628 2195 externi
651 2160 782 2195 musculi
810 2165 866 2208 qui
901 2162 977 2209 pelli
1007 2164 1170 2199 adhaerent
1194 2195 1203 2209 ,
1240 2172 1274 2204 ὃς
1309 2165 1409 2201 finum
1442 2167 1527 2200 intus
1558 2176 1748 2200 excavatum

363 2208 580 2243 constituunt:
594 2209 644 2244 sed
656 2209 711 2244 ubi
725 2209 932 2246 fibraetorum
957 2212 1188 2248 contrahuntur
1203 2244 1211 2257 ‚
1236 2228 1303 2250 tum
1315 2218 1336 2249 ii
1350 2213 1479 2248 musculi
1496 2226 1569 2248 cum
1586 2213 1671 2262 pelle
1690 2225 1748 2247 ex-

364 2267 453 2291 terna
466 2257 664 2303 explicantur
676 2288 684 2300 ,
702 2263 732 2295 ἃ·
747 2262 905 2294 internam
925 2263 1064 2308 peiloris
1080 2265 1254 2298 cavitatem
1273 2275 1390 2306 augent
1402 2292 1411 2306 ‚
1427 2275 1558 2307 tumque
1571 2275 1624 2296 aer
1635 2262 1666 2296 id
1684 2260 1748 2309 spa-

364 2306 398 2337 tii
411 2306 562 2353 complet.
577 2307 679 2343 Simul
691 2306 831 2343 veficulae
845 2314 878 2344 Sc
891 2313 983 2344 aerin
1003 2312 1039 2343 iis
1061 2322 1229 2346 contentus
1242 2304 1332 2348 instar
1346 2312 1434 2359 praeli
1458 2312 1479 2347 a
1500 2310 1588 2346 fibi-is
1601 2310 1746 2344 rotundis

359 2365 417 2399 per
431 2357 513 2388 vices
530 2359 726 2404 exprimitur.
737 2359 825 2393 Hinc
840 2356 875 2394 fit
887 2371 922 2393 ur
936 2371 988 2394 aer
1002 2361 1038 2396 vi
1058 2358 1108 2394 sua
1119 2360 1241 2398 elasti'ca
1253 2361 1432 2398 contundat
1441 2360 1623 2409 stinguinem
1642 2361 1675 2394 in
1688 2371 1746 2394 va-
