1878 2724
527 151 552 186 P
572 151 601 186 A
618 151 650 187 R
668 151 690 186 S
723 152 754 186 T
768 151 833 188 ER
844 152 875 186 T
888 151 902 184 1
917 150 955 186 A.
1438 168 1450 191 t

75 212 154 239 mur.
166 194 286 244 Neque
296 199 318 232 ii
333 195 435 234 sun-ius
450 200 504 246 qui
514 202 624 235 omnia
635 199 718 234 clare
732 199 752 235 ὲ
770 199 864 235 nobis
883 198 1004 247 percipi
1021 210 1092 233 cum
1105 198 1296 247 dogmaticis
1310 164 1450 236 affirriss-

75 250 245 293 mtiS.Qae
255 258 364 282 autem
381 247 422 282 de
433 250 619 297 cognitione
642 247 810 283 brutorum
827 259 1053 296 opponuntur,
1069 252 1135 295 jam
1145 246 1272 296 copiose
1294 250 1326 282 in
1339 251 1451 285 Meta-

75 297 200 349 phyfica
216 298 285 331 sunt
297 310 305 328 (
316 296 470 343 xplicata‚
487 309 593 344 neque
608 296 729 332 neccsse
740 298 783 332 cst
800 309 835 331 ut
853 299 886 332 in
899 298 936 330 iis
954 295 1071 331 diutius
1091 299 1309 333 immoremur.
1323 298 1446 333 Admo-

72 347 336 390 nendum‚tamen
349 357 468 392 equum
480 345 572 380 illum
584 345 882 389 circumforaneum,
895 349 982 392 cujus
994 344 1041 378 ibi
1059 345 1449 388 meminimus,docilitate

71 394 124 431 sua
135 395 168 429 id
177 405 259 443 pene
269 394 482 429 demonstrare
493 393 624 431 &velut
641 393 741 428 oculis
757 393 911 441 subjicere
931 406 997 428 non
1015 391 1099 428 sensu
1113 405 1167 428 aut
1184 396 1370 442 cognitione
1391 395 1451 430 ali-

73 446 215 491 qua‚imo
231 447 263 480 &
278 441 404 478 solertia
421 442 450 476 se
462 442 521 477 esse
538 442 736 478 destitutum.
756 444 802 476 At
816 443 901 489 quod
916 454 1122 477 numerorum
1141 441 1274 476 summas
1293 446 1383 486 inire,
1395 456 1453 480 aut

71 490 244 528 subducere
255 492 403 526 videatur
414 519 422 532 ‚
437 491 468 524 id
480 491 564 526 forte
573 492 612 526 ad
625 491 821 526 circulatoris
834 489 923 538 ipsius
944 503 1045 525 artem
1061 491 1107 525 est
1127 491 1341 527 referendum.
1361 495 1449 529 Nam

71 551 105 575 ut
116 538 265 582 arbitror,
276 541 426 587 conjedto
444 540 538 574 oculo
555 542 585 575 in
608 541 773 575 dominum
787 569 796 583 ,
808 551 876 574 tum
894 540 1026 575 demum
1040 552 1138 588 equus
1154 551 1268 576 tetram
1278 541 1364 589 pede
1377 553 1446 590 pet-

70 599 176 624 cutete
188 586 301 625 definit
312 616 323 632 ,
334 601 406 624 curn
421 587 514 626 herus
530 602 565 625 os
576 588 693 625 leniter
707 589 836 625 diducit.

587 685 618 721 C
640 686 668 721 A
695 688 719 722 P
741 689 776 723 U
795 687 826 721 T
870 685 884 718 1
904 686 931 721 1.

566 782 619 815 De
638 784 731 829 fivfit
759 783 938 829 univerfim.

68 882 218 965 CIrca
231 880 352 916 sensum
366 878 534 915 universim
551 878 726 927 spectatum
742 878 840 913 multa
860 881 959 926 quaeri
972 878 1086 914 solent.
1109 888 1139 913 10
1155 878 1244 925 Qid
1260 878 1317 923 fit,
1344 891 1400 915 aut
1416 882 1449 916 in

155 942 220 976 quo
233 941 342 964 natura
371 928 454 962 illius
467 926 564 976 posita
577 926 621 963 fit.
660 930 825 963 2⁰Utrum
842 930 1009 976 perceptio
1027 926 1135 963 sensus
1155 926 1211 962 fiat
1228 941 1285 976 per
1312 927 1449 977 speciem

67 977 255 1015 sensibilem.
269 988 297 1022 3³
316 978 493 1024 Qomodo
517 975 616 1011 sensus
636 975 828 1025 perficiatur.

82 1052 86 1055 -
104 1030 256 1063 Portone
268 1027 500 1074 homonymia,
515 1036 550 1059 ut
564 1026 753 1072 plerumque
769 1025 824 1069 fit,
843 1037 901 1060 nos
916 1024 1025 1068 fallat,
1040 1027 1099 1060 tria
1117 1026 1243 1074 possunt
1261 1028 1293 1060 in
1310 1027 1356 1060 rei
1379 1025 1449 1062 sen-

67 1075 162 1112 sibilis
171 1077 377 1124 perceptione
396 1074 553 1123 distingui.
566 1082 594 1109 ιο
606 1073 769 1121 lmpreffio
780 1086 847 1121 quae
861 1072 898 1107 fit
909 1072 951 1108 ab
970 1073 1104 1121 objecito
1116 1103 1126 1118 ‚
1139 1087 1272 1122 quaeque
1286 1076 1319 1109 in
1339 1073 1448 1110 sensus

66 1138 189 1174 organo
209 1126 363 1170 excipitur
374 1152 383 1166 ‚
401 1128 434 1159 &
447 1134 558 1170 typum
575 1121 627 1157 seu
638 1123 854 1158 charadierem
865 1123 912 1155 tei
929 1120 1077 1157 senfibilis
1089 1125 1181 1171 gerit.
1203 1134 1238 1158 20
1247 1122 1304 1157 Illa
1317 1123 1450 1171 impres.

67 1173 132 1217 sio,
164 1172 217 1208 vel
231 1171 383 1214 affefflo,
419 1171 473 1206 vel
501 1172 618 1220 species
632 1199 641 1214 ‚
659 1183 714 1206 aut
734 1170 755 1205 fi
777 1171 863 1219 quod
882 1171 927 1205 est
946 1170 1031 1205 aliud
1053 1172 1303 1218 illius-nomen,
1327 1171 1366 1205 ad
1388 1175 1449 1220 pri.

67 1235 158 1258 mum
188 1220 361 1256 sensorium
379 1249 389 1263 ,
414 1221 627 1267 quodcunque
647 1220 726 1254 illud
741 1218 797 1263 (it,
824 1231 1006 1267 permanat.
1033 1229 1065 1265 30
1088 1223 1123 1255 In
1145 1223 1308 1255 communi
1343 1219 1448 1256 senso-

69 1273 117 1306 rio
128 1282 295 1317 exceptam
307 1268 543 1318 impteffionern
557 1267 814 1316 percipimus,seu
826 1268 866 1302 ad
885 1280 959 1301 eam
975 1269 1168 1304 attendimus
1184 1282 1191 1303 :
1209 1269 1253 1302 est
1267 1270 1353 1303 enini
1372 1281 1448 1316 pro-

66 1322 136 1368 prie
149 1319 248 1354 seusus
262 1317 519 1367 perceptioillius
531 1317 709 1352 affeffionis
717 1328 771 1351 aut
782 1316 930 1365 paffionis
941 1346 950 1360 ,
971 1330 1040 1364 quae
1058 1317 1100 1352 ab
1119 1315 1253 1366 objecto
1273 1315 1448 1365 proficisci-

69 1380 130 1406 tur.
150 1370 233 1402 Haec
247 1366 406 1414 impressio
429 1366 546 1401 animal
559 1368 676 1401 excitat
689 1366 728 1400 ad
748 1367 908 1412 agendum
925 1367 955 1401 in
970 1365 1070 1414 seipso
1097 1379 1105 1401 ε
1125 1377 1222 1413 atque
1233 1366 1286 1401 illa
1301 1367 1385 1400 aetio
1405 1368 1448 1402 est

68 1419 215 1466 cognitio
231 1418 276 1450 rei
294 1414 442 1450 sensibilis
454 1444 462 1457 ‚
478 1427 627 1449 autcerte
636 1417 801 1463 perceptio
812 1416 947 1450 aetionis
966 1427 1038 1461 quae
1051 1415 1071 1450 *a
1085 1427 1119 1448 re
1139 1414 1275 1449 sensibili
1298 1414 1448 1463 profedka

67 1467 102 1501 in
112 1478 234 1514 organo
248 1467 412 1512 excipitur.
422 1467 541 1510 Neque
556 1465 736 1498 enimafflo
748 1463 801 1497 illa
813 1466 857 1497 rei
874 1462 1024 1498 sensibilis
1039 1462 1160 1498 sensum
1170 1462 1269 1498 efficit
1281 1492 1291 1508 ‚
1311 1462 1365 1498 nisi
1375 1476 1447 1500 cum

68 1515 270 1563 cognoscitur
285 1530 294 1556 ·‚
309 1525 369 1547 nec
386 1513 498 1547 sentire
509 1512 594 1547 aliud
611 1512 654 1546 est
665 1511 722 1548 nisi
733 1512 924 1561 cognoscere
946 1511 1122 1560 passionem
1142 1511 1228 1547 suam
1239 1539 1249 1552 ,
1273 1524 1328 1547 aut
1343 1513 1448 1547 astio-

68 1575 144 1598 nem
165 1575 262 1610 quam
276 1565 308 1597 in
325 1561 354 1596 se
366 1564 487 1609 recipit.

103 1611 331 1658 Qamobrem
340 1610 378 1644 fic
391 1610 458 1645 fere
472 1621 539 1643 rem
549 1607 714 1657 obje6tam
724 1607 810 1644 sensu
824 1609 1014 1656 percipimus
1027 1622 1034 1643 :
1048 1618 1170 1644 textura
1180 1611 1293 1643 animae
1308 1608 1447 1645 sentien-

69 1662 124 1704 tis,
140 1672 192 1695 aut
203 1660 366 1708 spirituum
376 1670 546 1706 compages
559 1656 678 1706 objecti
691 1656 827 1705 impulsu
838 1667 1062 1691 commovetur
1077 1674 1086 1700 3
1101 1658 1218 1692 deinde
1238 1658 1448 1694 undulatione

68 1710 206 1756 quadam
226 1720 332 1742 motus
347 1707 400 1741 ille
415 1706 455 1741 ab
475 1705 607 1742 obiecto
618 1707 778 1753 profectus
794 1708 825 1739 in
843 1717 1011 1740 momento
1026 1705 1094 1740 fere
1106 1707 1146 1740 ad
1157 1705 1324 1741 cerebrum
1338 1706 1445 1754 usque,

57 1755 102 1796 ’δε
120 1769 292 1792 commune
305 1754 474 1791 sensotium
488 1745 671 1791 treducitur.
683 1758 770 1791 Nam
780 1753 900 1801 spiritus
913 1757 945 1788 in
959 1752 1058 1788 sensus
1075 1756 1240 1790 exterioris
1248 1767 1370 1802 organo
1385 1768 1448 1791 ve-

68 1805 117 1841 lut
131 1809 163 1841 in
180 1806 313 1840 statione
328 1804 418 1853 positi
431 1801 645 1839 chirasterem
659 1803 700 1838 ab
714 1802 845 1850 objedko
862 1805 904 1836 im
929 1801 1041 1837 reffum
1056 1805 1235 1851 excipiunt,
1254 1815 1393 1850 eumque
1406 1803 1447 1837 ad

68 1867 240 1889 commune
254 1853 423 1889 sensoriurn
446 1853 649 1886 irradiatione
665 1852 804 1899 quadam
829 1862 896 1886 tran
911 1853 1065 1894 mittunt,
1084 1851 1153 1886 fere
1173 1863 1208 1886 ut
1223 1852 1302 1885 radii
1321 1851 1447 1887 luminis

69 1904 104 1938 in
115 1902 195 1937 tubo
211 1906 320 1950 optico
339 1905 421 1936 vitra
435 1902 630 1949 pervadunt,
645 1907 677 1936 &
689 1913 775 1936 certa
785 1902 906 1935 ratione
924 1898 1099 1934 modificati
1117 1913 1223 1934 rerum
1241 1898 1399 1934 fimulacra
1414 1903 1449 1935 in

69 1950 189 1985 tabella
204 1951 345 1999 opposita
362 1962 435 1998 apte
447 1951 634 1997 depingunt.
644 1952 763 1997 Neque
774 1949 976 1997 objestorum
1000 1947 1215 1996 impresiiones
1235 1950 1268 1982 in
1286 1951 1449 1984 communi

71 1998 209 2034 sensorio
220 1999 457 2034 confunduntur
469 2026 478 2040 ,
490 1999 537 2031 uti
553 2009 611 2031 net·
623 2000 715 2032 vatiae
725 1999 944 2032 undulationes
959 2009 1030 2044 quae
1044 1999 1076 2031 in
1090 2009 1173 2044 aqua
1185 1997 1278 2044 velssin
1292 2009 1363 2030 aere
1379 1996 1450 2032 fieri

70 2047 175 2083 solent
187 2064 195 2090 3
207 2059 261 2081 aut
275 2047 363 2095 plura
381 2046 500 2080 lumina
518 2058 585 2091 quae
595 2058 650 2091 per
661 2047 827 2092 angustum
842 2046 988 2080 foramen
1001 2048 1045 2078 ita
1057 2043 1286 2093 pertranseunt,
1302 2056 1337 2080 tit
1350 2058 1449 2080 unum

72 2096 226 2143 quodque
239 2098 270 2130 in
284 2094 402 2129 tabella
414 2093 556 2141 opposita
573 2092 615 2127 sui
628 2094 728 2128 fontis
749 2094 899 2129 exhibeat
918 2095 1099 2141 imaginem.
1117 2093 1221 2128 Simili
1239 2093 1307 2128 fere
1323 2096 1450 2128 ratione

71 2146 167 2178 va'tiae
180 2146 209 2178 in
229 2143 369 2179 sensuum
388 2144 513 2190 organis
534 2141 755 2189 impressiones
771 2142 864 2178 faetae
879 2141 1005 2190 possunt
1024 2142 1064 2177 ad
1088 2154 1260 2177 commune
1280 2141 1449 2178 sensorium

72 2191 242 2228 inconfusae
256 2193 435 2228 transmitti,

106 2243 193 2276 Hinc
207 2243 308 2275 Sto'i'ci
327 2244 465 2276 animam
479 2240 667 2274 sentientem
679 2240 774 2273 instar
789 2239 904 2288 Polypi
919 2239 1081 2288 cujusdam
1093 2268 1103 2282 ‚
1123 2240 1209 2287 quod
1225 2239 1268 2273 est
1286 2237 1374 2286 piscis
1390 2250 1447 2286 ge-

75 2301 132 2325 nus
149 2290 317 2335 praelongis
332 2290 469 2324 crurilus
486 2288 692 2331 instructum,
708 2287 905 2323 exhibebant
922 2302 929 2323 z
951 2293 1037 2336 cujus
1051 2300 1145 2334 caput
1164 2287 1238 2322 effer
1257 2289 1287 2320 in
1303 2286 1448 2330 cerebro,

76 2336 206 2372 brachia
218 2331 294 2373 vere)
311 2351 365 2386 per
377 2350 493 2383 organa
505 2334 644 2371 sensnum
656 2365 664 2377 ‚
679 2348 731 2370 atit
741 2339 844 2384 potius
855 2349 909 2384 pet
919 2348 1034 2372 nervos
1048 2337 1234 2382 exram-reeta
1244 2333 1448 2381 objectorum

77 2384 296 2434 impreffiones
306 2379 491 2435 exciperent
501 2414 510 2429 ,
523 2390 555 2422 δε
569 2385 608 2419 ad
621 2384 999 2430 commune-sensorium,
1023 2384 1077 2420 seu
1092 2384 1132 2420 ad
1154 2395 1246 2432 caput
1266 2383 1365 2430 ipsum
1382 2395 1448 2418 tra-

1203 2434 1341 2485 qui'
