1878 2724
401 152 455 186 3·-o
716 134 984 174 PHYSICAE
1005 133 1146 171 PARS
1183 131 1461 172 SECUNDA.

399 192 436 224 in
453 187 638 222 barometro
652 186 849 233 deprimitur.
868 184 969 232 quue
983 184 1026 219 est
1036 185 1246 220 adventantis
1257 185 1374 232 pluviae
1391 185 1545 219 indicium
1557 212 1567 226 ,
1588 194 1656 220 turn
1670 196 1724 221 aet
1738 188 1788 223 le:

400 240 472 273 vior
489 236 550 279 est,
561 241 594 273 &
606 236 709 269 minus
723 235 949 282 comprimitur
969 250 978 278 ;
1002 245 1143 280 cumque
1155 232 1330 283 vaporibus
1342 232 1526 270 sustinendis
1540 231 1581 268 *fit
1599 236 1723 283 impar,
1739 235 1787 272 su-

391 288 539 335 ,perior-es
556 282 747 319 delabuntur
759 285 792 319 in
804 282 969 332 subjers
982 311 991 327 ,
1012 282 1157 320 &nubes
1165 280 1316 326 densant,
1329 295 1399 330 quae
1411 282 1540 317 tandem
1550 285 1585 318 in
1600 283 1786 332 pluvias-te.

400 334 574 370 solvuntur.
590 333 728 368 Accedit
740 335 840 369 etiam
850 333 908 368 hos
922 344 1037 369 ventos
1048 334 1105 380 qui
1114 335 1214 367 maria
1224 330 1445 381 pertranseunt
1457 360 1467 377 ,
1484 330 1592 367 multis
1609 332 1782 382 vaporibus

400 381 461 418 effe
471 392 673 430 praegnantes
684 410 694 425 ‚
715 388 750 419 &
761 384 829 417 cito
846 384 880 417 in
898 381 1042 431 pluviam
1055 383 1137 430 cogi.
1628 381 1630 383 '
1769 399 1771 402 -

433 434 460 468 8.
472 431 538 466 Alii
549 429 617 466 sunt
631 434 726 468 venti
736 430 895 466 subitanei
908 460 918 475 ,
936 436 969 468 &
985 431 1197 465 vehementes
1207 431 1262 477 qui
1272 440 1371 477 penes
1388 432 1532 464 materiae
1542 458 1552 474 ,
1571 441 1625 466 aut
1637 433 1787 480 agitatio·

398 483 447 517 nis
459 479 658 515 differentias
668 483 755 516 varia
767 480 938 516 sortiuntur
947 481 1093 516 nomina.
1106 479 1289 514 Communi
1302 490 1411 514 tamen
1424 490 1510 514 voce
1526 479 1672 528 procellae
1682 481 1791 517 dicun-

400 540 599 573 tut3ventus
612 531 845 574 circumactus,
866 529 1052 567 &eundem
1069 527 1217 564 ambiens
1233 527 1362 570 locum,
1382 532 1415 564 &
1432 526 1464 562 se
1487 530 1519 563 in
1535 527 1600 578 ipsa
1628 531 1789 578 vertigine

391 581 563 615 concitans
577 607 587 622 ,
602 578 697 613 turbo
716 579 774 616 est.
794 578 1066 622 Nammtflumen
1080 580 1247 613 incurrens·
1263 579 1296 611 in
1306 576 1442 624 aliquod
1461 575 1569 613 saxum
1584 606 1595 621 ,
1616 588 1789 626 retorque..

392 640 469 672 tur,
486 633 520 665 &
532 631 562 663 in
572 626 689 672 orbem
705 640 805 677 aquas
819 627 882 663 fine
908 630 998 669 exitu
1015 627 1120 663 flectit
1132 641 1140 663 ε
1153 624 1193 661 sic
1213 625 1486 673 ventusquandiu
1502 626 1582 661 nihil
1595 626 1731 671 obsistit,
1742 630 1791 663 vi-

397 689 448 712 tes
463 677 528 712 suas
538 676 686 714 effundit.
703 678 765 713 Sed
778 677 835 717 ubi
847 676 959 725 aliquo
971 677 1198 724 promontorio
1220 673 1410 722 repercussus
1425 703 1435 718 ‚
1462 687 1517 710 aut
1533 678 1565 711 in
1579 677 1667 711 tenui
1686 675 1790 712 canali

395 726 549 762 collectus
561 724 671 774 saepius
683 728 716 762 in
733 725 763 762 se
775 726 947 771 volutatur,
959 725 1095 761 finnilem
1104 726 1192 773 aquis
1207 723 1284 759 facit
1291 726 1462 759 vorticem.
1483 724 1569 759 Cum
1586 723 1710 760 diutius
1730 738 1791 761 vo-

394 775 515 811 lutatus
528 774 747 811 inflammatur
758 805 767 820 ‚
779 787 833 811 aut
845 775 983 824 typhon,
994 786 1048 809 aut
1063 775 1182 822 prester
1199 774 1453 821 nominatur,qui
1462 773 1543 809 nihil
1556 774 1600 808 est
1609 772 1666 810 nisi
1679 775 1791 823 igneus

397 824 504 861 turbo.
522 825 698 873 Ecnephias
714 827 824 873 itaque
835 825 878 859 est
890 836 1003 859 ventus
1014 823 1173 872 exaliqua
1180 821 1267 858 nube
1281 821 1432 858 vibratus
1446 850 1456 866 ,
1477 827 1513 860 ὅ(
1526 821 1632 858 subito
1641 835 1793 872 prorum.

395 886 476 922 pens
489 887 497 908 :
513 873 567 908 seu
576 873 677 909 nubes
691 873 744 909 suo
755 874 899 923 pondere
916 871 1062 908 deorsum
1076 884 1170 907 ruens
1188 883 1296 906 aerem
1307 883 1426 919 magno
1438 874 1561 920 impetu
1573 871 1672 907 elidat
1681 900 1692 916 ,
1705 872 1794 920 quod

395 934 432 958 ut
445 923 582 958 diximus
602 924 645 957 est
663 925 769 958 minus
781 921 954 971 probabile
973 936 982 957 ς
1004 921 1058 956 seu
1076 921 1197 969 spiritus
1210 919 1299 956 nube
1313 920 1445 956 inclusus
1469 932 1606 968 repente
1621 931 1792 970 erumpat,

397 973 488 1019 quod
500 971 588 1008 forte
597 970 632 1006 sit
647 971 941 1021 nitro-sulphureus
952 998 961 1013 ,
976 975 1010 1008 &
1030 969 1050 1006 ἒι
1074 969 1183 1005 subtili
1201 971 1338 1003 materia
1351 971 1561 1004 circumactus
1580 971 1701 1005 exitum
1726 982 1794 1006 non

395 1019 517 1056 habeat
530 1038 539 1065 ;
554 1032 608 1056 aut
622 1023 776 1056 contrarii
791 1023 873 1056 aeris
893 1019 1091 1068 profluentes
1104 1021 1189 1054 inter
1201 1017 1231 1052 se
1246 1016 1344 1052 collisi
1360 1030 1419 1052 eos
1432 1018 1517 1053 aestus
1535 1021 1567 1054 in
1580 1017 1792 1067 atmosphaera

397 1081 640 1105 commoveant.
654 1072 743 1105 Nam
755 1082 808 1104 aer
825 1071 961 1105 nimium
975 1067 1122 1103 dilatatus
1133 1096 1142 1111 ‚
1155 1078 1210 1101 aut
1219 1065 1366 1102 densatus
1375 1096 1386 1111 ,
1399 1078 1456 1102 aut
1464 1065 1581 1115 pressus
1601 1079 1736 1116 magnos
1757 1073 1793 1105 δε

396 1121 546 1167 ingentes
556 1129 662 1154 motus
680 1121 809 1155 excitat.
823 1120 896 1156 Nec
910 1117 1006 1153 facile
1022 1117 1069 1159 est
1088 1115 1299 1165 procellarum
1320 1114 1425 1151 causas
1444 1115 1616 1165 explicate.
1659 1116 1694 1151 id
1714 1115 1796 1152 verb

398 1167 550 1204 observat
560 1170 603 1203 D.
620 1169 801 1207 Marione,
816 1168 920 1203 aestate
935 1179 1009 1203 cum
1021 1165 1138 1214 pluviae
1147 1176 1245 1214 guttae
1269 1163 1340 1200 sunt
1353 1169 1501 1213 majores,
1516 1164 1707 1213 plerumque
1717 1177 1792 1200 curn

399 1217 651 1252 vehementiore
663 1228 769 1252 vento
778 1228 832 1252 eas
848 1215 909 1252 eise
920 1215 1124 1264 conjundlms,
1157 1215 1213 1261 qui
1234 1225 1270 1248 ut
1291 1213 1466 1262 plurimum
1489 1220 1523 1251 &
1544 1214 1663 1262 pluviae
1684 1216 1794 1262 praeite

399 1265 482 1302 solet
495 1293 506 1308 ,
532 1270 567 1302 &
581 1277 656 1300 cum
675 1277 716 1299 ea
735 1264 859 1303 definit.
886 1265 922 1300 Id
933 1263 1013 1300 vero
1033 1276 1068 1298 ut
1084 1262 1244 1311 explicet,
1257 1262 1418 1310 duplicem
1435 1274 1573 1299 ventum
1590 1266 1716 1300 eminus
1738 1264 1795 1299 ad-

399 1315 534 1350 vectum
544 1315 726 1358 constituit,
743 1326 879 1362 quorum
896 1313 978 1348 alter
995 1313 1034 1348 ad
1044 1312 1183 1347 alterum
1198 1313 1243 1346 ita
1257 1310 1293 1346 sit
1311 1311 1504 1356 inclinatus,
1523 1323 1560 1347 ut
1577 1312 1677 1347 ambo
1691 1324 1794 1361 angu-

400 1364 467 1399 lum
481 1370 619 1411 15au116
632 1364 788 1411 graduum
805 1392 814 1407 ,
829 1375 882 1398 aut
894 1364 1018 1398 circiter
1035 1360 1175 1397 efficiant
1189 1375 1197 1396 :
1214 1359 1272 1394 ubi
1292 1360 1792 1409 coiturisunt,queniantrotsum

400 1412 612 1462 propulerunt
620 1414 770 1449 aetemin
781 1424 912 1460 magnas
926 1411 1059 1459 adigent
1067 1411 1225 1459 angustias
1241 1438 1250 1452 ‚
1264 1409 1347 1444 adeo
1365 1421 1401 1444 ut
1412 1412 1478 1444 vim
1488 1409 1576 1445 suam
1589 1410 1747 1446 elasticam
1766 1413 1792 1447 is

403 1473 531 1505 exerat,
555 1467 588 1499 &
606 1460 703 1496 citius
722 1461 823 1509 quarn
840 1458 1016 1510 progressus
1037 1459 1145 1495 fuerat
1160 1463 1248 1507 juxta
1266 1457 1470 1507 percussionis
1488 1457 1575 1507 leges
1603 1462 1697 1494 tertia
1722 1459 1792 1494 fere

404 1511 570 1548 suimotus
584 1522 676 1559 parte
690 1509 824 1545 celerius
837 1510 967 1546 feratur.
993 1511 1079 1544 Ante
1091 1523 1132 1555 24
1146 1520 1202 1543 aut
1219 1508 1346 1542 circiter
1363 1508 1460 1555 pedes
1473 1509 1552 1544 intra
1570 1510 1730 1543 minutum
1746 1507 1794 1543 se-

404 1560 546 1595 cundum
561 1588 572 1603 ‚
585 1571 619 1594 ut
632 1558 712 1594 fitin
727 1571 829 1595 vento
839 1558 912 1595 satis
922 1558 1031 1594 valido
1049 1586 1060 1602 ‚
1082 1562 1146 1607 jam
1158 1571 1191 1603 32
1203 1557 1300 1605 pedes
1325 1558 1443 1591 eodem
1462 1568 1610 1605 tempore
1630 1556 1795 1594 conficiet.

404 1612 514 1644 Guttae
530 1607 603 1643 satis
614 1608 715 1643 craffae
733 1610 766 1644 in
783 1606 933 1644 descensu
949 1606 989 1643 fic
999 1618 1127 1642 motum
1147 1605 1328 1641 accelerant
1344 1635 1353 1650 ,
1371 1617 1406 1641 ut
1424 1619 1458 1650 32
1468 1606 1565 1655 pedes
1576 1618 1646 1641 cum
1657 1608 1795 1641 maxima

405 1659 449 1693 est
469 1657 616 1692 celeritas
631 1669 730 1705 quam
742 1659 912 1706 acquirunt
925 1657 994 1706 post
1018 1654 1199 1691 descensum
1215 1667 1275 1689 roo
1293 1656 1415 1703 pedum
1428 1681 1437 1696 ‚
1456 1658 1541 1690 intra
1559 1655 1644 1690 idem
1665 1666 1792 1704 ternpus

404 1707 683 1755 percurrant.Jam
694 1708 727 1741 in
740 1706 806 1754 ipso
817 1705 964 1741 descensu
980 1704 1108 1752 triplam
1126 1705 1205 1739 aeris
1216 1705 1337 1738 molem
1353 1703 1531 1738 antrorsum
1544 1703 1744 1752 propellunt:
1758 1715 1794 1738 ut

404 1757 554 1792 videmus
578 1754 714 1804 globum
730 1754 918 1804 plumbeum
934 1756 965 1789 in
980 1753 1103 1788 situlam
1125 1764 1208 1800 aqua
1228 1752 1357 1799 plenam
1382 1753 1546 1800 delapsum
1562 1752 1686 1800 aliquot
1708 1755 1790 1788 aeris

404 1804 507 1839 bullas
522 1816 599 1851 quas
612 1803 717 1838 secum
729 1805 861 1839 adduxit
876 1831 886 1847 ,
905 1802 922 1838 ὲ
937 1802 1039 1838 fundo
1049 1800 1126 1836 vasis
1137 1802 1325 1849 protrudere
1335 1800 1460 1836 sursum.
1482 1803 1547 1836 Hic
1555 1813 1609 1835 aer
1626 1804 1696 1837 vim
1708 1801 1792 1836 suam

403 1853 580 1888 :introrsum
609 1854 737 1894 exerit,
765 1865 839 1887 cum
860 1863 923 1900 prae
951 1851 1061 1900 pluvia
1085 1851 1241 1892 cadente,
1261 1852 1392 1886 &venti
1402 1852 1526 1897 impetu
1541 1848 1655 1885 sursum
1667 1862 1794 1884 remea-

402 1915 438 1936 re
452 1913 591 1947 nequeat
601 1916 608 1936 ς
620 1901 705 1935 unde
720 1900 804 1935 illius
816 1903 956 1948 impetus
970 1912 1043 1933 cum
1056 1909 1157 1932 vento
1168 1899 1353 1945 conjunctus
1367 1899 1454 1933 idem
1470 1899 1564 1946 plane
1578 1896 1691 1941 efficit,
1704 1900 1793 1945 quod

402 1964 435 1989 ,in
448 1949 637 1996 quibusdam
650 1949 724 1983 ferti
735 1977 745 1992 ,
759 1960 816 1983 aut
832 1952 900 1983 aeris
911 1947 1040 1983 fabricis
1054 1945 1120 1982 fieri
1138 1946 1219 1981 solet
1233 1976 1242 1989 ,
1259 1946 1459 1994 ubiaquaeex
1489 1947 1556 1982 alto
1574 1960 1630 1995 per
1648 1948 1794 1982 infundi«.

403 1999 518 2034 bulum
531 2001 562 2033 in
574 1998 687 2032 tubum
702 1997 829 2045 delapsa
839 1996 945 2032 secum
961 1997 1097 2031 multum
1113 1998 1193 2030 aeris
1207 1995 1308 2032 vehit.
1336 1995 1449 2031 Tubus
1464 1994 1520 2031 ille
1534 1996 1628 2031 latior
1654 1996 1790 2032 fundum

404 2060 517 2096 cuppae
531 2046 658 2082 inversae
677 2057 847 2094 penetrat,
877 2047 894 2082 ὲ
916 2047 1048 2094 regione
1060 2057 1170 2092 cuppae
1188 2043 1282 2080 tubus
1298 2057 1334 2080 ex
1350 2044 1416 2080 lato
1429 2048 1461 2080 in
1472 2045 1635 2093 angustum
1648 2044 1791 2080 desinens

402 2108 533 2144 apmtur
545 2123 555 2139 ,
583 2107 640 2143 per
659 2107 757 2142 quem
775 2107 912 2130 aereum
929 2097 1052 2142 impetu
1067 2096 1098 2129 in
1116 2093 1283 2128 fornacem
1295 2094 1445 2142 impulsus
1459 2093 1614 2129 carbones
1633 2094 1788 2129 accendit.

405 2148 488 2183 Non
498 2143 638 2181 diffiniili
651 2146 776 2179 ratione
791 2143 908 2193 largior
919 2142 1023 2179 imber
1035 2155 1143 2177 aerem
1163 2141 1268 2177 secum
1278 2143 1394 2187 trahit,
1418 2149 1452 2180 &
1469 2144 1559 2177 venti
1574 2145 1731 2190 impetum
1749 2141 1788 2178 fic

404 2205 501 2243 auget
511 2222 519 2237 ,
539 2204 575 2229 ut
587 2195 669 2228 intra
679 2196 841 2228 minutum
859 2192 1029 2228 secundum
1042 2197 1084 2226 60
1095 2197 1128 2228 δι
1140 2191 1275 2239 amplius
1288 2193 1384 2240 pedes
1398 2192 1571 2234 conficiat,
1588 2192 1671 2226 urde
1685 2197 1718 2228 δι
1736 2203 1789 2226 ar-

406 2243 502 2278 bores
518 2242 821 2279 interdumevelliu
836 2255 874 2276 ac
886 2249 1041 2289 majorem
1052 2239 1185 2275 subinde
1199 2241 1334 2289 stragem
1344 2242 1411 2275 edit
1429 2253 1498 2275 cum
1512 2241 1674 2287 grandinis
1690 2252 1790 2289 grana

407 2292 547 2340 ejusdem
565 2291 655 2327 molis
669 2292 837 2326 decidunt:
851 2304 886 2325 ea
898 2294 1017 2339 quippe
1031 2294 1152 2338 majore
1162 2292 1193 2323 vi
1208 2301 1316 2325 aerem
1329 2289 1525 2338 propellunt.
1551 2292 1614 2324 Vix
1635 2290 1786 2333 trecentis

403 2353 461 2376 aut
471 2342 711 2390 quadringentis
723 2338 988 2390 paffibusventus
998 2338 1141 2387 pluviam
1154 2339 1314 2373 antecedit
1328 2353 1335 2372 τ
1353 2350 1413 2373 nec
1423 2350 1476 2373 aer
1489 2339 1521 2373 in
1535 2340 1656 2381 rectam
1670 2336 1787 2374 lineam

408 2390 557 2438 progredi
572 2389 700 2439 longius
707 2390 821 2439 potest*
831 2419 841 2434 ‚
856 2388 979 2425 ficausa
998 2399 1068 2436 quae
1088 2387 1245 2436 impellit,
1259 2386 1397 2425 desierit.

1873 147 1878 188 ι

1873 193 1878 275 l
