1878 2724
413 129 488 168 306
692 119 992 159 PHYsrc'AE
1035 120 1179 158 PARS
1215 121 1527 161 SECUNDA:
1598 167 1601 170 Α
1668 165 1675 167 ⁴

409 177 596 214 montem,
618 172 706 218 quod
730 169 777 205 ibi
793 171 875 205 radii
892 168 1009 206 solares
1034 171 1166 206 refraffl
1188 170 1290 206 solem
1310 174 1343 207 in
1359 176 1491 223 proprio
1512 171 1602 207 loco<
1615 182 1683 207 non
1699 173 1792 210 exhi-⁴

405 222 593 306 bzaflr-rum
611 268 687 303 luna
706 268 817 305 deficit
828 296 838 311 ‚
853 279 927 303 cum
945 267 1037 304 nodis
1049 269 1154 303 vicina
1173 248 1239 303 non
1254 267 1380 317 longius
1398 269 1419 305 a
1430 271 1551 318 Ριιηᾶο
1567 269 1624 305 soli
1640 258 1790 319 opposito

411 318 563 362 discedit,
580 330 680 366 quam
699 316 931 353 semidiametri
947 328 1138 365 apparentes
1151 318 1249 360 lunae,
1271 322 1306 353 ὃ(
1319 317 1442 352 umbtae
1455 319 1577 354 telluris
1596 331 1735 368 patent,
1753 331 1791 367 nt

402 369 437 401 in
453 366 553 416 figura
570 379 701 402 cernere
715 367 774 405 est.
790 366 865 403 Post
879 368 1047 401 inventum
1059 366 1269 415 telescopium
1289 378 1416 415 tempus
1438 367 1610 416 diligenter
1623 368 1789 404 observari
1837 405 1847 414 Α,

403 414 485 451 solet
497 429 562 463 quo
578 428 710 464 quaeque
725 415 843 451 lunaris
856 415 978 450 macula
997 414 1147 450 umbram
1167 428 1254 450 terrae
1273 417 1471 464 ingreditur:
1491 418 1578 464 quod
1590 418 1723 464 quidem
1742 413 1791 453 in-

406 466 578 499 veniendis
598 466 741 500 locorum
752 463 1004 515 longitudinibus
1024 464 1103 499 utile
1115 464 1175 499 ell'e
1193 465 1305 514 potest·
1325 465 1386 499 Sed
1401 477 1475 499 cum
1497 478 1570 500 eam
1590 466 1671 501 lunae
1684 474 1792 501 macu-

403 512 469 548 lam
488 526 556 561 pars
577 512 650 549 solis
666 514 816 550 diametri
836 515 950 562 exigua
976 512 1139 548 illuminat
1151 543 1161 557 ‚
1181 525 1249 548 tum
1270 512 1448 562 penumbra
1463 515 1580 548 dicitur
1594 543 1605 558 ‚
1616 527 1712 561 quam
1723 514 1789 550 dif‘

403 561 586 598 ficillimum
612 562 783 611 estabipsa
795 561 910 598 umbra
929 562 1112 600 secernere:
1131 563 1215 598 uude
1237 565 1290 598 vix
1303 565 1430 598 initium
1448 574 1502 598 aut
1521 562 1621 598 finem
1635 562 1790 612 eclipseos

403 610 476 646 satis
498 624 645 647 accurate
659 611 820 661 possumus
832 611 1040 660 distinguere.
1582 638 1585 641 -

442 672 472 706 ς’
486 660 623 709 Eclipses
634 673 669 696 ut
680 661 853 709 parallaxes
867 665 1010 708 ‚quatita
1020 659 1056 695 fit
1071 661 1214 696 distantia
1232 673 1305 699 cum
1317 660 1390 696 solis
1402 690 1411 703 ,
1424 673 1490 696 tum
1505 661 1584 697 lunae
1597 661 1617 698 ὲ
1633 674 1737 706 terra,
1757 667 1792 699 δε

401 721 521 757 quanta
537 709 573 744 sit
582 709 743 757 utriusque
755 709 858 746 sideris
868 709 971 744 moles
989 711 1118 744 docent.
1143 708 1313 746 Parallaxis'
1332 710 1412 745 lunae
1431 723 1517 745 tauta
1531 712 1591 755 est,
1610 723 1732 758 quanta
1744 709 1793 746 se-

402 758 607 794 midiameter
627 771 718 794 terrae
730 771 769 794 ex
784 759 860 794 luna
875 757 944 794 visa
959 771 1082 806 teaque
1093 756 1246 793 in'media
1262 760 1407 794 distantia
1419 760 1461 794 est
1475 759 1544 794 fere
1561 762 1650 795 unius
1664 760 1791 808 gradus·

401 809 446 843 Ex
461 807 739 843 observat'mmbus
754 812 797 845 D.
811 805 930 843 Cassini
942 808 1097 842 diameter
1111 820 1201 844 terrae
1216 808 1256 843 est
1268 807 1335 842 fere
1351 807 1528 856 quadrupla
1544 809 1691 843 diametri
1701 808 1793 844 luna-

402 867 464 892 ris:
480 860 615 892 minima
627 856 738 892 lunae&
754 869 837 892 tetra
849 856 997 891 distantia
1009 858 1050 891 cst
1065 872 1091 903 55
1109 886 1116 898 ,
1143 859 1284 891 maxima
1305 865 1344 894 62.
1373 863 1405 893 &
1421 857 1516 904 paulo
1527 857 1661 906 amplius
1677 857 1793 894 semid.

404 917 508 942 terrae:
523 908 656 941 minima
667 906 746 941 lunae
755 907 775 941 a
789 918 869 940 terra
881 905 1025 940 distantia
1039 907 1083 940 est
1101 905 1169 939 fere
1182 905 1496 953 quadringentesima
1507 919 1578 953 pars
1590 909 1730 942 minimae
1749 910 1792 942 X).

403 953 441 988 lis
458 955 615 990 distantiae
630 956 650 990 ὲ.
668 958 836 991 terra.Vix
849 956 941 989 unius
950 954 1101 988 diametri
1119 966 1208 988 ττι-[κ
1221 966 1306 988 error
1319 957 1354 989 in
1372 954 1431 989 hac
1447 953 1670 1001 supputatione
1689 957 1794 1004 potest

403 1004 546 1052 irrepere
558 1033 568 1047 ,
584 1004 673 1052 quod
689 1015 780 1039 terrae
794 1005 950 1038 diameter
960 1001 1034 1037 sensi
1062 1003 1138 1038 ilem
1155 1000 1275 1038 habeat
1290 1016 1363 1038 cum
1387 1016 1422 1036 ea
1440 1003 1586 1038 distantia
1610 1006 1793 1041 rationem:

401 1053 486 1087 unde
497 1055 531 1087 in
543 1055 674 1088 minima
687 1052 770 1087 illius
788 1053 933 1087 distantia
945 1053 1110 1099 parallaxis
1124 1052 1202 1086 lunae
1213 1052 1258 1085 est
1270 1054 1358 1086 unius
1367 1052 1480 1100 gradus
1499 1058 1531 1088 ἃ
1546 1067 1571 1096 4
1583 1056 1792 1090 minutorum.

402 1102 447 1135 Ea
476 1103 597 1149 quippe
618 1102 661 1136 est
682 1101 867 1137 differentia
896 1099 969 1135 fitus
995 1104 1177 1148 apparentis
1204 1099 1347 1149 respectu
1372 1101 1508 1134 duorum
1531 1100 1771 1146 obqugvatorum
1781 1131 1794 1146 ‚

401 1161 541 1196 quorum
551 1163 630 1185 unus
643 1149 751 1185 lunam
761 1149 873 1186 zenith
884 1177 894 1193 ,
905 1149 985 1184 alter
999 1149 1162 1185 horizonti
1173 1153 1355 1197 proximam
1365 1149 1500 1185 videret.
1513 1151 1580 1184 Hic
1590 1152 1712 1198 quippe
1723 1163 1793 1186 uno

402 1199 503 1246 gradu
516 1198 537 1234 ὲι
549 1199 635 1234 stella
648 1203 1023 1234 remotioremcerneret.
1045 1200 1213 1234 Diameter
1233 1198 1305 1234 solis
1324 1198 1368 1233 est
1384 1197 1509 1233 centies
1528 1203 1631 1243 major
1642 1216 1652 1221 ·⁴
1663 1200 1791 1234 diame-

403 1257 454 1280 tro
482 1258 590 1290 terrae,
607 1246 789 1294 superficies
813 1247 885 1281 solis
909 1261 1012 1282 10000
1027 1259 1116 1281 terrae
1138 1246 1338 1294 superficiem
1364 1249 1512 1281 continet
1528 1265 1538 1292 3
1558 1253 1591 1286 ὅ(
1604 1246 1739 1283 solidum
1751 1247 1794 1283 il-

402 1293 463 1329 lius
478 1294 592 1330 millies
604 1295 696 1330 mille
709 1300 810 1344 majus
831 1295 879 1330 est
892 1294 1013 1330 telluris
1031 1294 1145 1344 glob0.
1176 1297 1345 1331 Diameter
1362 1295 1443 1330 luiiae
1455 1307 1612 1343 apparens
1627 1297 1659 1331 in
1683 1297 1792 1331 media

402 1341 448 1378 sui
462 1342 482 1378 ὲ
492 1354 574 1378 terra
588 1344 870 1392 distantiaaequalis
885 1345 928 1378 est
938 1344 1096 1378 diametro
1111 1343 1180 1379 solis
1191 1348 1380 1392 apparenti,
1393 1356 1465 1378 cum
1476 1345 1564 1385 estin
1582 1357 1715 1393 apogaeo
1732 1374 1741 1388 ‚
1761 1357 1793 1389 3¹

403 1393 479 1426 min.
493 1397 526 1428 δε
537 1406 583 1437 40
601 1391 659 1430 sec.
669 1394 825 1428 diameter
837 1392 916 1428 lunae
932 1394 966 1426 in
979 1395 1117 1441 perigaeo
1126 1391 1249 1440 semper
1262 1397 1365 1439 major
1377 1393 1420 1426 est
1428 1391 1500 1426 solis
1518 1393 1679 1427 diametro
1689 1422 1700 1436 ‚
1716 1393 1792 1428 ubi-

402 1453 529 1488 cunque
538 1441 583 1477 fit.
597 1444 716 1491 Augeri
726 1442 828 1490 potest
837 1442 994 1476 diameter
1008 1441 1086 1476 lunae
1095 1440 1281 1490 sexagesima
1296 1441 1339 1475 sui
1353 1454 1443 1490 parte
1457 1441 1498 1475 ab
1509 1441 1682 1477 horizonte
1694 1442 1794 1490 usque

403 1489 443 1524 ad
460 1491 568 1525 zenith
582 1492 732 1527 nostrum.
753 1493 831 1540 Jam
842 1491 1012 1526 dimidium
1028 1490 1116 1535 hujus
1130 1492 1321 1525 incrementi
1336 1492 1537 1538 accipit‚cum
1548 1486 1586 1523 ad
1599 1490 1791 1526 tricesimum

404 1539 539 1585 gradum
550 1539 640 1588 supra
654 1541 861 1575 horizontem
875 1542 1034 1588 pervenit.
1052 1540 1095 1574 At
1109 1541 1191 1573 circa
1203 1538 1340 1573 visibiles
1353 1540 1526 1573 diametros
1542 1550 1611 1572 tum
1622 1537 1705 1582 solis,
1720 1551 1790 1576 tum

404 1586 488 1622 lunae
500 1618 509 1632 ‚
527 1601 596 1623 tum
607 1588 743 1624 aliorum
752 1588 952 1637 planetarum
962 1587 1206 1625 observationes
1219 1588 1300 1622 adeo
1312 1599 1473 1623 accuratas
1488 1593 1521 1623 &
1533 1586 1727 1635 multiplices
1737 1588 1792 1623 fe-

405 1636 502 1674 citD.
517 1638 637 1672 Picard
647 1667 656 1681 ,
672 1650 711 1672 ex
721 1650 786 1685 quo
797 1637 968 1672 transversa
985 1636 1036 1672 fila
1046 1639 1077 1671 in
1093 1636 1161 1671 tubi
1174 1638 1274 1685 optici
1291 1636 1368 1672 foco
1381 1637 1515 1685 aptandi
1531 1647 1635 1671 artem
1648 1638 1789 1684 invenit,

405 1695 441 1718 ut
451 1688 504 1721 vix
521 1688 695 1733 quicquam
709 1686 769 1721 hac
788 1689 821 1721 in
837 1698 871 1720 re
890 1685 1056 1721 desiderari
1076 1684 1180 1733 poffit.

443 1734 526 1769 Illud
536 1747 667 1782 quoque
678 1748 745 1770 non
756 1735 976 1769 omittendum
988 1734 1170 1769 machinam
1181 1734 1199 1768 a
1211 1737 1251 1769 D.
1262 1735 1375 1767 Romer
1383 1746 1455 1767 cum
1465 1734 1568 1769 adhuc
1579 1730 1653 1768 esset
1667 1737 1698 1769 in
1710 1733 1791 1769 Gal-

403 1785 446 1819 lia
463 1811 472 1825 ,
490 1784 658 1817 inventam
668 1782 729 1817 effe
743 1788 775 1819 &
786 1782 983 1829 perfeetam,
999 1795 1064 1828 qua
1080 1782 1209 1830 eclipses
1227 1793 1339 1816 omnes
1363 1793 1431 1815 tum
1453 1781 1525 1815 solis
1540 1811 1549 1824 ,
1568 1794 1634 1816 tum
1648 1782 1728 1816 luna:
1740 1785 1788 1816 ci-

406 1845 454 1868 tra
469 1829 593 1866 tabulas
613 1832 850 1866 Astronomicas
866 1832 1007 1865 inveniri
1020 1830 1114 1865 facile
1129 1829 1253 1877 possunt
1268 1845 1275 1864 ;
1297 1842 1364 1864 non
1383 1842 1426 1863 eae
1442 1829 1540 1864 modo
1558 1842 1629 1876 quae
1647 1835 1714 1875 jam
1735 1831 1787 1866 ef-

404 1881 571 1916 fluxerunt
582 1908 591 1922 ,
606 1879 656 1913 sed
669 1879 729 1914 illae
744 1882 841 1914 etiam
853 1892 922 1927 quae
933 1879 1044 1914 futurae
1054 1877 1133 1914 sunt.
1148 1880 1257 1925 Qam
1274 1880 1386 1925 utique
1405 1880 1477 1913 Rex
1498 1877 1787 1915 Christianiffimus

404 1943 477 1964 cum
488 1930 519 1962 in
537 1928 744 1962 Academiam
758 1930 898 1977 Regiam
906 1931 1021 1964 venire
1032 1929 1176 1976 dignatus
1188 1928 1233 1961 est
1243 1939 1329 1962 anno
1351 1930 1412 1964 1681
1432 1928 1482 1961 die
1498 1941 1521 1974 5.
1540 1926 1733 1964 Decembris
1741 1925 1789 1963 at'-

406 1989 498 2012 tente
511 1977 554 2010 est
566 1976 800 2025 contemplatus
816 2005 825 2018 ,
846 1979 893 2011 vti
924 1983 957 2014 &
981 1977 1115 2011 alteram
1135 1976 1319 2011 machinam
1340 1975 1382 2011 ab
1410 1977 1526 2011 eodem
1561 1976 1789 2025 peringenioso

406 2028 476 2060 viro
501 2027 667 2060 inventam
684 2053 694 2067 ,
719 2038 788 2072 quae
797 2026 996 2073 planetarum
1017 2025 1086 2059 loca
1102 2037 1298 2072 unoquoque
1315 2025 1368 2059 die
1384 2031 1416 2062 &
1437 2025 1515 2059 hora
1534 2026 1674 2067 indicat,
1695 2036 1787 2072 quae-

404 2087 468 2123 que
484 2084 709 2121 perpetuarum
720 2074 964 2122 ephemeridum
978 2074 1052 2109 loco
1062 2073 1122 2108 esse
1138 2074 1249 2122 potest.
1270 2074 1358 2109 Ante
1373 2074 1406 2107 id
1422 2076 1575 2123 temporis
1588 2076 1627 2108 D.
1642 2072 1786 2109 Caffinus

405 2122 661 2172 planisphaerium
671 2125 911 2171 excogitaverat
920 2136 1042 2171 magnae
1054 2122 1197 2157 utilitatis
1212 2136 1220 2157 :
1245 2135 1320 2158 nam
1331 2127 1398 2171 ejus
1416 2135 1479 2170 ope
1498 2135 1563 2157 non
1585 2120 1788 2169 planetarum

398 2170 507 2212 modo
516 2200 527 2217 ,
540 2170 591 2206 sed
604 2176 637 2209 δι
649 2171 811 2208 stellarum
822 2172 901 2214 loca,
916 2172 992 2208 coeli
1003 2184 1141 2221 ,quoque
1153 2171 1248 2207 status
1261 2177 1295 2209 &
1307 2170 1551 2220 pofitura‚facile
1569 2169 1784 2222 inveniuntur}
