1878 2724
56 171 327 217 tremescat-,five
339 171 419 206 citra
434 169 714 208 effervescentiarn
725 197 736 215 ,
755 183 810 207 aut
822 170 987 207 elisionem
999 171 1050 207 hic
1067 180 1172 207 motus
1194 171 1375 221 perficiatur
1387 139 1438 210 fid

61 229 149 262 enim
160 225 363 261 omninonos
382 221 475 270 fugit.

93 274 178 308 Illud
189 272 321 321 quidem
340 283 462 306 cerrum
476 271 622 314 viderur,
639 282 667 307 10
680 281 796 306 nervos
814 270 871 316 qui
887 269 907 305 ὲ
927 268 1061 305 cerebro
1082 280 1215 305 manant
1232 298 1242 312 ,
1266 272 1386 317 quique
1405 272 1440 304 in

59 322 150 360 mille
165 321 287 356 abeunt
296 318 428 356 fibrillas
438 348 449 363 ‚
460 320 647 355 instintfiwm
661 319 888 354 tantummodo
906 318 958 352 vel
973 321 1130 366 impeturn
1145 318 1268 354 afferre.
1292 326 1335 355 2⁰-
1353 318 1442 353 Mus*

58 371 147 408 culos
161 369 312 406 uberiore
335 368 486 417 sanguine
497 368 667 417 perfundi,
681 367 768 416 quod
781 369 814 403 in
832 378 939 401 motus
962 365 1152 415 spontaneos
1173 368 1303 416 plurimi
1317 367 1442 415 spiritus

59 418 264 456 absumantur
276 446 285 461 ,
299 419 354 464 qui
369 418 385 453 ὲ
398 419 494 452 latice
506 417 680 466 sanguineo
694 415 825 452 subinde
842 427 1035 464 reparantur.
1053 426 1091 462 30.
1107 418 1220 464 Longe
1234 421 1368 465 majores
1379 446 1389 460 ‚
1407 412 1442 452 δὲ

61 471 161 517 magis
173 469 340 503 continuas
353 465 471 500 futuras
482 465 694 501 musculorum
716 465 954 499 contractiones
967 493 977 508 ,
994 463 1049 499 nisi
1074 465 1136 500 sese
1162 477 1278 500 mutuo
1303 466 1444 513 impedi-

61 528 143 553 rent.
162 516 262 554 Unde
280 527 353 549 cum
366 514 447 549 alter
464 514 619 549 musculus
631 512 763 563 paralysi
774 512 953 556 resolvitur,
969 512 1051 549 illius
1068 513 1228 562 oppositus
1239 543 1249 557 ‚
1273 514 1327 548 seu
1340 525 1375 548 ut
1395 513 1445 549 lo-

61 576 203 614 quuntur
215 593 225 608 ‚
239 564 437 612 antagonista
447 563 636 611 plerumque
652 564 718 612 jugi
731 562 953 598 contraCtione
966 573 1021 596 aut
1039 561 1244 598 convulfione
1258 561 1403 598 afficitur.

99 615 210 662 Atque
223 614 283 647 ista
292 612 333 646 de
346 611 559 648 musculorum
571 622 662 647 motu
679 624 716 646 ex
728 612 886 653 Stenone,
901 616 935 647 ὃς
947 610 1094 645 Vvillifio
1105 624 1222 660 magna
1234 624 1272 645 ex
1285 623 1374 659 parte
1386 614 1445 645 de..

59 663 184 711 sumpta
194 667 259 710 Jam
271 660 390 696 distata
403 666 437 698 &
463 660 621 708 explicata
636 660 784 703 fuerant,
808 672 881 695 cum
899 659 1034 696 Dooriffi
1055 664 1210 696 Vernaeus
1237 662 1334 708 regiae
1360 661 1446 694 Aca-

61 711 395 747 demiaeAnatomicus
404 709 617 745 musculorum
629 709 813 745 stradburam
824 714 857 745 &
866 708 953 744 usum
965 711 1010 742 ita
1030 709 1099 744 fere
1108 709 1263 758 exposuit.
1281 711 1328 744 Ac
1342 711 1447 756 primo

62 761 197 808 quidem
213 758 308 795 fibras
322 758 472 806 cujusque
482 757 773 793 musculimotrices
789 756 936 793 exhibuit
947 786 958 801 ,
972 770 1104 803 quarum
1122 768 1321 805 unaquaeque
1332 758 1448 806 triplici

63 820 154 858 parte
176 807 349 844 necelsario
373 807 518 851 constat,
541 807 659 855 duplici
673 808 825 842 nimirum
841 806 1026 849 tendinosa‚
1043 818 1079 841 ur
1095 809 1128 842 in
1146 806 1298 854 apposita:
1320 805 1449 841 tabellae

65 860 169 906 prima
184 856 286 905 figura
312 858 334 890 B
351 858 392 899 B,
411 861 445 892 ὃ(
457 856 564 890 media
577 867 646 904 quae
669 853 799 889 carnosa
812 855 857 888 est
870 883 879 897 ‚
890 859 923 891 ὅ(
937 854 1063 890 craffior
1081 857 1118 890 A.
1131 855 1264 902 haecque
1281 867 1320 889 ex
1337 855 1449 890 multis

64 906 186 941 constat
203 897 328 941 fibrillis
340 916 436 951 ‚quas
453 903 617 940 filamenta
630 901 854 938 membranosa
876 905 1094 939 commolunt:
1114 916 1186 950 pars
1205 903 1354 938 tendinea
1371 903 1450 938 dura

65 955 113 989 est
125 984 135 999 ‚
151 953 240 990 firma
255 982 266 997 ,
281 954 449 1002 compa-Cra
460 980 471 997 ,
488 965 559 988 curn
573 964 688 989 carnea
705 951 883 988 cohaerens:
900 964 971 1000 pars
994 964 1101 988 autern
1119 952 1248 988 carnosa
1261 953 1304 988 est
1320 951 1450 989 mollior

67 1009 102 1040 &
118 1005 219 1038 minus
240 1002 340 1038 firma.

102 1068 132 1089 2.
156 1050 250 1087 Fibra
263 1049 391 1086 carnosa
403 1049 447 1084 est
460 1050 555 1085 instar
573 1050 708 1095 elaterii,
720 1053 811 1097 cujus
823 1061 931 1087 morus
948 1049 993 1085 est
1012 1050 1200 1086 manifestus
1214 1050 1390 1095 3tendinea
1402 1051 1464 1085 est‘

67 1102 156 1137 velut
167 1099 329 1136 funiculus
339 1099 470 1146 quidam
489 1101 623 1134 omnino
641 1099 829 1145 immobilis.
1108 1136 1110 1138 ,

106 1163 134 1195 3.
166 1147 308 1198 Ejusdem
322 1146 455 1184 musculi
475 1146 563 1182 fibrae
577 1160 698 1184 carneae
713 1147 769 1184 fibi
785 1160 896 1183 mutuo
909 1147 979 1184 sunt
993 1145 1153 1194 aequales:
1174 1146 1243 1182 sunt
1255 1149 1343 1184 enim
1365 1147 1452 1184 fibrae

67 1197 195 1247 fingulae
212 1195 297 1245 quali
311 1196 448 1231 totidem
461 1196 609 1235 elateria,
625 1209 695 1244 quse
711 1198 751 1231 ad
762 1209 882 1233 certam
899 1195 998 1244 usque
1015 1195 1253 1244 longitudinem
1274 1198 1452 1233 extendun-

69 1257 135 1290 tur;
153 1247 251 1293 idque
268 1258 308 1280 eo
324 1247 436 1293 magiS,
452 1257 519 1291 quo
536 1244 778 1294 sunrlongiores
791 1259 800 1282 ε
814 1246 896 1280 adeo
906 1244 971 1280 urfi
994 1243 1074 1279 fibra
1089 1256 1157 1278 uno
1173 1245 1204 1279 di
1230 1247 1278 1280 ito
1295 1245 1390 1294 longa
1412 1247 1452 1280 ad

67 1298 158 1330 unius
182 1295 275 1330 lineae
294 1323 304 1338 ,
321 1293 371 1328 seu
391 1295 487 1341 partis
504 1294 700 1329 duodecimae
722 1294 957 1343 longitudinem
980 1292 1126 1329 contrahi
1146 1258 1265 1340 posfit,
1293 1293 1374 1329 fibra
1390 1306 1453 1330 tres

68 1343 202 1392 pollices
217 1354 270 1378 aut
289 1343 408 1391 digitos
421 1342 519 1391 longa
529 1342 628 1389 usque
639 1343 679 1377 ad
691 1353 752 1378 tres
763 1342 862 1379 lineas
876 1342 1092 1378 contrahatur.
1122 1341 1207 1377 Cum
1221 1344 1331 1390 itaque
1347 1355 1455 1391 :equa-

68 1393 114 1428 les
137 1391 196 1428 fint
212 1404 325 1427 omnes
337 1390 474 1440 ejusdem
489 1390 620 1426 musculi
632 1390 720 1427 fibrae
730 1421 741 1436 ‚
751 1404 786 1426 ut
801 1394 833 1427 in
844 1390 946 1441 figura
963 1390 1099 1426 secunda
1109 1390 1218 1427 videre
1231 1392 1274 1426 est
1286 1420 1296 1434 ,
1310 1391 1368 1427 ubi
1378 1405 1455 1428 con-

69 1441 236 1476 trahuntur
251 1445 286 1478 ὃς
299 1442 367 1476 vim
382 1439 465 1474 suam
477 1441 663 1484 exeruiir,ad
674 1441 811 1476 eandem
824 1452 936 1475 omnes
948 1441 1167 1488 quantitatem
1175 1438 1264 1475 fimul
1274 1443 1455 1488 corripiun-

71 1501 121 1525 tur
138 1506 148 1534 ·‚
162 1488 265 1537 ficque
277 1501 389 1524 mutuo
402 1486 464 1535 sese
489 1488 644 1536 adjuvant
657 1518 666 1532 ‚
678 1494 711 1526 δε
723 1491 792 1524 vim
814 1488 899 1524 suam
912 1490 1026 1537 majori
1037 1499 1159 1523 conatu
1173 1489 1270 1524 edunt
1287 1517 1296 1532 ‚
1314 1502 1410 1536 quam
1435 1489 1455 1524 fi

70 1538 241 1586 inaequales
254 1536 351 1573 essent
369 1536 475 1572 fibrae:
491 1534 560 1571 'turn
578 1540 666 1572 enim
679 1550 739 1572 una
754 1538 795 1571 ad
812 1540 927 1581 trium,
940 1538 1040 1572 altera
1054 1536 1093 1569 ad
1105 1539 1196 1571 unius
1217 1537 1307 1573 lineae
1327 1541 1456 1584 quanti-

73 1599 176 1625 tatem
193 1588 358 1622 contraem
369 1615 379 1629 ‚
392 1598 507 1635 magna
520 1587 657 1620 oriretur
670 1587 702 1621 in
716 1585 843 1620 musculi
862 1597 956 1620 motu
971 1584 1165 1631 inaequalitas
1186 1590 1221 1621 &
1235 1585 1379 1621 confufio
1392 1603 1401 1629 5
1420 1599 1456 1621 ac

71 1635 246 1682 debiliores
258 1634 345 1671 fibrae
363 1647 429 1670 non
442 1634 541 1669 modo
555 1633 684 1669 inutiles
698 1633 808 1669 forent
820 1663 830 1677 ‚
846 1633 897 1669 sed
908 1635 1095 1683 vegetiores
1104 1645 1234 1680 quoque
1251 1637 1456 1683 impedirent.

72 1685 171 1721 Unde
183 1683 205 1719 fi
218 1683 298 1719 fibra
311 1695 425 1718 carnea
441 1682 534 1718 altius
550 1685 582 1717 in
593 1684 758 1718 tendinem
768 1682 938 1718 descendat
947 1712 957 1727 ,
975 1683 1080 1717 minus
1095 1683 1129 1718 in
1142 1682 1277 1718 alterum
1291 1685 1456 1720 tendinem

76 1733 219 1768 ascendit
232 1733 334 1767 :adeo
350 1743 386 1766 ut
403 1742 514 1771 omnes
529 1730 617 1766 fibrae
633 1729 689 1766 sibi
702 1743 814 1768 mutuo
829 1744 1020 1779 sequentur.-

88 1786 209 1829 4·Q0
221 1783 320 1830 magis
331 1779 420 1815 fibrae
432 1782 463 1815 in
473 1782 574 1816 restas
586 1780 685 1816 lineas
694 1781 989 1828 producuntur‚hoc
1002 1781 1069 1814 vim
1080 1784 1236 1828 majorem
1250 1779 1458 1816 habenr:liinc

72 1842 185 1875 natura
196 1843 267 1865 eam
279 1830 506 1865 rectitudinem
523 1841 620 1876 quam
631 1825 793 1877 saepisfime
803 1828 1068 1877 potest‚affe&at.
1092 1830 1138 1863 At
1153 1828 1174 1863 si
1189 1841 1302 1864 omnes
1318 1828 1459 1864 fibraeita

75 1879 173 1914 effent
190 1877 355 1927 dispositae,
374 1877 532 1913 musculus
550 1877 615 1926 ipse
635 1877 760 1914 craffior
776 1876 878 1922 foret,
904 1879 997 1913 instar
1014 1876 1138 1912 arboris
1152 1880 1276 1913 trunci:
1295 1878 1368 1913 hinc
1387 1890 1457 1926 pars

74 1928 229 1963 tendinea
243 1932 398 1973 majorem
409 1925 479 1962 offis
492 1928 544 1961 cui
553 1926 711 1972 inseritur,
723 1938 847 1975 partem
859 1937 1040 1975 occuparet.
1059 1928 1110 1961 Sic
1121 1929 1153 1962 in
1169 1925 1270 1975 figura
1283 1926 1418 1962 secunda
1436 1927 1459 1963 si

75 1975 164 2011 fibrae
181 1974 361 2010 desinerent
371 1976 403 2009 in
417 1976 446 2009 G
457 1976 491 2017 F,
505 1973 658 2010 musculus
673 1978 707 2011 in
727 1976 860 2011 nimiam
875 1976 995 2012 molem
1005 1974 1206 2010 excresceret.
1219 1976 1300 2026 Qo
1311 1977 1408 2025 igitur
1425 1983 1459 2014 &

77 2024 231 2058 venustari
247 2051 256 2065 ‚
272 2029 305 2059 δε
325 2022 456 2057 utilitati
472 2023 608 2070 partium
622 2022 800 2059 consuleret
812 2035 941 2066 natura,
958 2023 997 2058 fic
1008 2022 1163 2059 musculos
1175 2027 1322 2071 aptavit,
1335 2035 1372 2060 ut
1387 2025 1460 2073 plu-

76 2085 126 2108 res
156 2084 256 2120 quam
288 2072 460 2106 minimum
483 2070 616 2118 spatium
638 2083 849 2119 occuparent,
880 2078 914 2109 δε
940 2071 1072 2121 figuram
1093 2074 1130 2106 iis
1153 2073 1244 2107 dedit
1259 2101 1269 2116 ,
1300 2073 1404 2120 qualis
1427 2075 1461 2108 in

77 2120 179 2170 figura
207 2122 299 2155 tertia
320 2124 354 2156 &
371 2129 483 2166 quarta
512 2120 674 2155 cernitur:
691 2121 774 2154 adeo
793 2131 828 2154 ut
855 2119 951 2156 fibras
975 2133 1088 2156 omnes
1113 2122 1280 2156 tendineas
1298 2124 1381 2156 intra
1405 2134 1462 2157 an-

77 2169 201 2218 gustum
220 2168 399 2204 funiculum
409 2165 662 2215 colligarmeque
671 2170 703 2204 in
718 2169 838 2204 reolum
851 2169 969 2205 lineam
980 2171 1214 2218 protenduntur
1223 2198 1232 2212 ‚
1241 2169 1293 2203 sed
1310 2169 1379 2203 aliae
1390 2170 1462 2204 aliis

79 2219 196 2253 leniter
210 2216 412 2252 incumbunt.
426 2217 478 2250 Sic
487 2219 520 2250 in
532 2218 625 2250 tertia
635 2216 734 2265 figura
743 2217 894 2253 musculus
906 2219 948 2254 est
960 2218 1093 2267 simplex
1103 2222 1187 2266 cujus
1200 2218 1346 2252 teudines
1355 2220 1384 2254 A
1393 2221 1417 2254 B
1427 2223 1463 2255 δε

80 2267 112 2302 C
125 2269 175 2310 D,
189 2278 228 2300 eo
240 2278 306 2313 quo
321 2267 459 2300 diximus
480 2264 580 2300 ruodo
591 2293 599 2307 ‚
609 2265 826 2313 disponuntur.

116 2330 138 2361 5.
165 2317 244 2349 Sunt
255 2315 387 2361 quidam
400 2312 531 2349 musculi
548 2313 775 2362 oblongiores,
790 2328 927 2362 quorum
952 2313 1040 2350 fibra:
1057 2327 1176 2350 carneae
1188 2313 1258 2350 sunt
1272 2313 1436 2349 breviores
1449 2323 1464 2358 ‚¹

69 2361 126 2398 sed
144 2362 319 2446 nurneJr-osae
342 2363 519 2446 aldniodum
532 2379 545 2409 5
558 2362 618 2400 alii
633 2374 745 2401 contra
764 2363 834 2414 sunt
852 2363 981 2402 musculi
1004 2377 1144 2413 quorum
1162 2366 1327 2412 pauciores
1344 2362 1414 2402 sunt
1427 2363 1466 2410 fif

262 2425 322 2449 om.
387 2436 394 2444 ·
1211 2416 1241 2450 V
1253 2423 1303 2448 uu
