1878 2724
601 152 757 191 PARS
792 150 1049 190 TERTtA:
1463 160 1520 204 σε,

159 207 274 240 *Cruor
283 203 315 240 in
329 202 421 240 venis
432 205 531 239 etiam
545 206 665 239 mortui
678 203 828 254 ‘animalis
846 203 988 252 liquidus
1006 211 1142 253 apparet
1160 217 1168 239 ε
1194 203 1246 238 {ed
1264 204 1366 242 acrius
1383 208 1522 244 intuenti

126 253 195 290 luto
206 253 308 290 fluido
318 268 384 290 non
395 252 548 290 diffimssis
562 253 734 290 videbitur.
744 255 872 302 Exiguis
886 255 974 288 enim
987 253 1112 289 constat
1122 252 1265 302 globulis
1278 268 1352 291 cum
1363 255 1430 292 sero
1440 270 1522 294 con-

127 302 200 339 fusis
214 333 224 347 ,
238 310 271 342 δε
282 318 321 339 co
336 316 373 339 or
387 316 479 353 niger
488 315 527 338 cx
536 303 641 338 rubris
653 303 814 352 particulis
828 308 893 351 jim
907 303 1043 338 densatis
1058 305 1206 352 emergit.
1224 305 1277 339 Sic
1291 302 1396 340 caseus
1409 318 1447 341 ex
1467 320 1523 343 va-

127 355 180 389 riis
198 353 339 402 globulis
360 351 555 402 compositus
574 353 728 388 duritiem
745 366 811 389 non
838 350 1028 400 assequitur,
1054 352 1159 387 donec
1173 352 1328 402 preffione
1345 368 1523 400 manuum,

127 414 181 438 aut
195 406 307 438 innato
321 405 461 452 partium
479 404 624 452 pondere
642 402 743 438 serum
759 401 933 450 expressum
956 402 1062 438 fucrit.

176 454 222 489 Ac
236 452 342 487 nescio
363 466 405 488 an
424 452 529 487 sitalia
544 450 754 501 insanguine,
775 449 1073 495 autsubtilior,aut
1093 453 1194 499 magis
1213 451 1377 501 spirituosa
1391 455 1500 502 portio
1511 464 1530 499 ‚²

127 503 224 550 quam
238 514 310 549 quse
318 501 426 536 rubras
439 531 449 545 ,
470 507 501 538 ὅ(
517 503 654 537 maxime
663 511 845 537 attenuatas
863 512 992 536 atomos
1012 514 1069 548 per
1082 513 1187 535 totum
1205 515 1353 537 cruorem
1371 502 1526 551 dispersas

127 550 243 587 efficit.
262 554 298 586 in
311 551 360 586 his
377 550 506 586 forsitan
521 551 564 585 cst
576 550 630 585 ille
642 550 683 585 sal
697 554 788 595 vitae,
808 550 848 584 de
870 562 938 597 quo
958 552 1033 587 ante
1053 552 1213 595 diximus,
1235 563 1333 599 atque
1346 552 1438 602 hujus
1454 551 1524 588 salis

128 600 257 636 sulfurei
269 603 302 636 vi
320 599 443 650 sanguis
457 603 545 649 viget
557 629 568 643 ,
585 606 618 637 ὃς
632 600 711 636 fluit.
733 603 804 637 Nec
824 602 929 635 minus
947 600 989 634 est
1002 599 1173 648 probabile
1192 613 1265 635 eum
1286 600 1382 636 l‘alem
1398 614 1436 636 ex
1456 602 1525 650 ipso

126 662 200 685 aere
214 663 271 698 per
302 651 446 685 ulmone's
467 651 553 693 elici,
567 650 667 696 quam
682 662 719 685 ex
730 649 865 699 lympha
877 678 886 693 ‚
901 661 954 683 aut
962 649 1061 698 chylo
1072 661 1129 697 per
1143 649 1435 685 fermentationem
1448 664 1525 699 pro-

126 702 236 735 creari.
285 711 328 733 aec
341 702 434 749 igitur
445 698 630 747 corpuscula
640 702 672 734 in
682 700 874 747 pulmonum
883 697 995 733 cribris
1006 698 1172 733 elaborata
1183 698 1288 734 succos
1298 702 1352 747 qui
1364 699 1526 749 sanguinis

128 747 257 785 massam
275 747 442 792 efficiunt,
453 760 507 784 aut
517 760 712 792 extenuant,
725 761 778 783 ant
795 746 972 782 accuratius
991 748 1135 783 miscent.
1152 750 1253 784 Unde
1267 751 1301 784 in
1318 761 1429 784 cruore
1452 763 1525 786 cum

128 799 229 833 crusta
241 799 288 833 est
303 797 486 846 copiosior,
504 810 574 833 tum
593 800 697 833 tenuis
711 799 816 846 liquor
831 798 937 839 minus
949 796 1093 832 abundat
1107 827 1115 841 ,
1132 809 1230 845 atque
1245 810 1279 834 ut
1290 799 1414 835 distum
1430 800 1487 842 est,
1499 801 1526 833 is

125 847 283 883 deficitin
297 847 472 896 pleuriticis
490 876 500 891 ,
525 851 558 883 in
568 846 687 895 quibus
699 848 790 897 huJus
809 846 877 881 ialis
892 846 1072 894 percolatio
1086 850 1217 884 vitiatur
1237 862 1246 883 :
1269 848 1344 884 hinc
1360 848 1527 898 polyposae

125 899 351 932 concretiones
365 899 398 931 in
416 896 637 945 pulmonibus,

161 946 243 981 Illud
261 947 361 979 etiam
377 947 478 993 quaeri
492 943 613 979 merito
623 945 726 993 potest
735 957 776 980 an
792 943 891 980 serum
902 955 1002 980 omne
1016 945 1105 992 quod
1119 944 1199 980 inest
1214 944 1357 994 sanguini
1369 975 1378 989 ,
1392 945 1412 982 ὸ.
1425 945 1525 995 chylo

125 995 194 1045 ipso
210 995 367 1030 dimanet.
393 996 482 1031 Nam
497 1006 581 1029 vena
591 993 675 1029 secta
694 995 762 1042 post
772 994 897 1041 aliquot
911 994 1027 1042 &pastu
1036 994 1172 1043 largiore
1183 994 1276 1028 horas
1286 1023 1296 1038 ,
1309 994 1411 1030 serum
1423 995 1525 1044 pluri-

125 1043 443 1081 inanima-§testeos
455 1043 598 1090 sanguini
613 1044 759 1078 innatat:
779 1044 866 1090 quod
887 1043 976 1078 lento
995 1045 1063 1092 igni
1087 1044 1276 1086 admotum,
1297 1055 1332 1078 ut
1349 1044 1464 1092 chylus
1483 1057 1523 1080 ex

124 1094 290 1129 communi
300 1090 507 1140 receptaculo
523 1094 682 1127 extrastus
699 1090 880 1127 concrescit.
901 1094 1020 1139 Neque
1037 1091 1097 1127 alia
1108 1121 1118 1135 ‚
1145 1103 1179 1126 ut
1192 1096 1256 1138 jam
1279 1094 1438 1129 innuimus
1452 1123 1461 1138 ,
1475 1095 1524 1129 est

125 1142 215 1178 laetis
232 1144 326 1191 origo
337 1171 346 1185 ‚
364 1140 417 1177 nifi
428 1140 539 1189 chylus
553 1140 619 1189 ipse
631 1153 687 1189 per
699 1144 829 1176 arterias
844 1141 864 1177 a
877 1142 974 1176 corde
984 1144 1015 1176 in
1032 1154 1247 1176 mammarum
1264 1142 1431 1190 glandulas
1445 1156 1522 1193 pro-

127 1192 242 1235 trusus,
265 1192 404 1227 necdum
419 1189 515 1240 longa
527 1192 678 1225 coctione
696 1203 768 1226 cum
787 1191 938 1240 sanguine
960 1190 1108 1226 confusus
1120 1220 1130 1235 ‚
1148 1190 1199 1225 scd
1214 1191 1319 1226 adhuc
1341 1193 1468 1228 crudior
1486 1194 1523 1230 in

124 1241 261 1276 uberum
278 1240 368 1276 velut
383 1239 544 1275 colatorio
567 1239 725 1288 separatus
737 1269 746 1284 ‚
765 1247 797 1278 ὅ(
809 1243 842 1275 in
857 1239 932 1276 vasa
954 1242 1132 1275 excretoria
1149 1252 1221 1287 quae
1239 1240 1391 1277 omnibus
1417 1242 1522 1278 insunt

124 1290 286 1338 glandulis
300 1320 309 1335 ,
322 1296 356 1327 &
372 1291 405 1324 in
424 1289 552 1324 tubulos
571 1289 692 1335 ladkeos
719 1288 881 1339 impulsus.
901 1291 963 1324 Sed
987 1288 1044 1324 ubi
1062 1288 1174 1338 chylus
1196 1289 1292 1338 paulo
1308 1290 1427 1327 diutius
1445 1304 1521 1328 cum

123 1340 274 1389 sanguine
287 1339 453 1388 permistus
469 1338 588 1374 multos
607 1338 715 1375 effecit
727 1341 878 1375 circuitus
892 1368 902 1384 ,
927 1350 993 1375 tum
1016 1338 1205 1375 albedinem
1236 1339 1322 1375 suam
1341 1345 1429 1376 exuit
1448 1370 1458 1386 ,
1486 1346 1520 1378 δε

125 1386 254 1425 tenuior
265 1389 368 1424 fa&us
385 1393 449 1435 jam
465 1387 567 1423 serum
579 1389 640 1423 dici
653 1390 766 1438 potest.
1142 1433 1146 1435 ¹

158 1441 203 1475 Ex
221 1437 336 1486 quibus
356 1438 387 1472 id
408 1440 508 1473 etiam
524 1435 685 1482 efficitur,
707 1440 796 1487 quod
814 1441 956 1475 maxime
980 1452 1048 1476 rem
1072 1440 1211 1476 nostram
1234 1443 1396 1484 continet,
1414 1452 1520 1489 partes

122 1491 268 1537 corporis
280 1488 393 1523 solidas
406 1486 517 1522 saltem
527 1516 537 1530 ‚
556 1500 694 1537 quaeque
707 1488 805 1538 vulgo
818 1488 1014 1538 spermaticae
1023 1490 1172 1525 dicuntur
1182 1519 1190 1534 ‚
1207 1488 1386 1538 cujusmodi
1396 1490 1465 1526 sunt
1474 1490 1521 1526 os-

123 1535 177 1582 sa,
192 1537 393 1586 cartilagines
405 1566 414 1581 ‚
425 1536 743 1581 inembranae,riervi
756 1568 764 1581 ,
781 1537 870 1573 fibrae
886 1551 999 1574 omnes
1019 1539 1176 1588 (anguinis
1198 1539 1266 1573 sero
1279 1551 1334 1574 aut
1353 1538 1522 1576 albumine

123 1588 185 1622 rite
200 1586 332 1622 subacto
345 1585 398 1622 ali.
415 1586 503 1621 Cum
526 1589 611 1622 enim
628 1600 699 1636 pars
714 1586 862 1623 subtilior
880 1589 1086 1636 procreandis
1103 1588 1264 1637 spiritibus
1273 1590 1522 1624 accommodata

123 1637 157 1670 in
167 1635 301 1671 cerebro
318 1634 436 1670 secreta
446 1635 525 1680 fuit,
535 1648 605 1684 quae
615 1638 716 1686 magis
725 1635 844 1672 viscosa
855 1638 898 1672 est
909 1666 920 1680 ,
935 1642 970 1674 δέ
987 1637 1084 1674 facile
1093 1638 1283 1680 concrescit,
1299 1637 1366 1680 haec
1380 1638 1422 1673 ab
1434 1651 1522 1674 atte-

124 1687 177 1720 riis
190 1698 263 1720 cum
278 1688 401 1734 impetu
413 1685 554 1734 protrusa
566 1685 711 1735 partibus
722 1686 909 1722 adhaerescit
919 1704 928 1730 3
937 1686 1074 1722 sulfurea
1086 1685 1166 1723 verb
1175 1687 1331 1736 sanguinis
1347 1691 1457 1736 portio
1467 1701 1521 1723 cat„

123 1733 230 1769 lorem
244 1734 378 1770 vitalem
395 1746 501 1769 tuetur
514 1763 523 1779 ‚
540 1740 574 1773 δε
588 1734 765 1772 conservat.
776 1738 863 1772 Hinc
878 1734 934 1770 ubi
949 1735 1061 1785 clr'ylus
1074 1742 1130 1771 aut
1143 1736 1321 1772 reficiendo
1332 1740 1458 1785 corpori
1475 1738 1521 1772 est

123 1785 250 1831 parcior
261 1813 269 1827 ,
282 1796 336 1818 aut
345 1785 471 1818 crudior
480 1786 512 1820 in
523 1783 712 1820 cachefflcis
721 1813 731 1829 ,
746 1784 799 1820 seu
817 1788 849 1820 in
867 1788 906 1820 iis
916 1787 972 1833 qui
983 1798 1087 1835 pravo
1098 1784 1165 1822 sunt
1178 1784 1290 1821 habitu
1301 1814 1310 1829 ‚
1327 1798 1386 1821 nec
1395 1785 1520 1835 spiritus

122 1844 162 1866 ex
175 1845 214 1867 eo
223 1835 395 1882 gignuntur
406 1861 415 1876 ‚
424 1835 469 1867 uti
480 1845 588 1881 neque
601 1846 640 1870 ex
650 1836 730 1870 vino
744 1836 888 1870 nondum
900 1834 1102 1871 fermentato
1111 1863 1120 1878 ‚
1129 1847 1185 1871 aut
1195 1835 1360 1883 vappido,
1376 1848 1436 1870 nec
1447 1849 1521 1884 par-

123 1890 171 1916 tes
184 1882 313 1917 aluntur
325 1911 334 1926 ‚
353 1894 413 1917 nec
426 1881 490 1917 suus
505 1883 596 1918 cordi
612 1884 735 1919 constat
755 1886 850 1933 vigor
870 1898 878 1920 :
895 1884 979 1919 unde
993 1886 1027 1920 in
1047 1883 1166 1920 tabidis
1183 1895 1239 1919 aut
1250 1884 1438 1920 cacheeticis
1460 1898 1521 1934 po-

123 1929 194 1978 lypi
209 1959 219 1972 ‚
239 1930 292 1966 seu
305 1931 386 1966 albat
396 1933 618 1968 concretiones
632 1934 665 1967 in
676 1933 786 1977 corde,
797 1944 853 1968 aut
866 1935 899 1968 in
910 1932 1117 1982 pulmonibus
1128 1936 1184 1969 vix
1197 1935 1399 1982 reperiuntur
1408 1963 1417 1978 ‚
1431 1936 1521 1982 quod

123 1981 157 2014 in
175 1981 211 2012 iis
236 1978 338 2014 succus
354 1982 503 2014 nutritius
529 1994 597 2016 non
619 1981 716 2016 facile
734 1981 928 2018 concrescat.
960 1985 1050 2018 Hinc
1069 1985 1170 2018 etiam
1188 1994 1272 2029 aqua
1291 1983 1345 2018 illa
1369 1996 1450 2030 quae¹
1465 1997 1520 2019 cor

123 2030 258 2064 inter&
272 2032 339 2077 ejus
349 2025 572 2071 involucrum,
587 2030 676 2076 quod
687 2031 896 2078 pericardium
911 2021 1031 2065 vocassrt
1041 2060 1051 2074 ,
1069 2032 1113 2065 est
1133 2031 1302 2071 interfusa,
1326 2044 1462 2079 quaeque
1479 2044 1520 2067 ex

122 2075 199 2111 vafis
214 2076 418 2125 lymphaticis
430 2106 439 2120 ,
454 2082 486 2113 &
497 2076 654 2123 glandulis
668 2078 708 2112 ad
719 2077 818 2113 basim
831 2078 934 2112 cordis
946 2078 1054 2127 politis
1076 2081 1234 2126 originem
1257 2078 1343 2114 suam
1359 2080 1466 2125 ducit,
1486 2083 1520 2117 in

123 2124 242 2161 tabidis
253 2155 262 2170 ,
274 2136 331 2160 aut
343 2128 377 2161 in
386 2130 427 2161 iis·
435 2127 492 2174 qui
506 2138 548 2162 ex
559 2124 679 2161 morbo
697 2127 855 2162 decedunt
866 2156 874 2170 ,
893 2140 962 2163 non
978 2127 1171 2172 concrescit,
1189 2126 1245 2163 ubi
1262 2127 1354 2163 lento
1371 2131 1438 2177 igni
1460 2130 1518 2164 ad-

123 2187 274 2211 movetur
289 2204 298 2218 ,
315 2178 398 2211 utin
413 2175 493 2211 sanis
508 2204 518 2218 ,
536 2181 570 2212 &
580 2175 780 2224 strangulatis
791 2177 921 2213 accidit.
940 2180 992 2213 Ex*
1002 2176 1127 2214 morbo
1139 2180 1227 2214 enim
1241 2177 1354 2226 chylus
1373 2181 1519 2215 nutrien-

122 2226 166 2260 do
177 2227 303 2272 corpori
323 2226 430 2261 minus
451 2225 587 2259 idoneus
603 2223 746 2260 efficitur.

158 2274 245 2309 Cum
255 2285 362 2308 autem
382 2272 484 2310 succus
501 2276 653 2310 nutritius
663 2275 823 2310 interdum
838 2277 871 2311 in
889 2276 993 2311 cordis
1003 2276 1190 2312 ventriculis
1201 2277 1247 2312 ita
1259 2277 1443 2313 concrescat
1455 2308 1464 2322 ,
1481 2288 1518 2315 ut
1541 2306 1543 2308 -

122 2335 207 2371 pene
217 2321 314 2358 abeat
326 2325 358 2357 in
372 2336 501 2358 carnem
514 2322 603 2358 fibris
615 2351 626 2368 ,
638 2329 672 2361 &
683 2323 766 2360 vasis
778 2323 952 2374 sanguineis
967 2329 999 2360 in
1006 2326 1154 2362 structam
1169 2355 1178 2370 ,
1197 2326 1272 2360 hinc
1284 2326 1374 2361 redte
1390 2328 1518 2373 colligiu

123 2383 191 2406 mus
207 2383 312 2419 partes
325 2372 417 2407 succo
433 2375 569 2408 nutritio
581 2403 591 2417 ,
609 2376 665 2422 qui
676 2373 816 2423 sanguini
827 2374 926 2418 inest,
944 2388 1010 2410 non
1026 2374 1117 2411 succo
1133 2374 1271 2411 nervoso
1279 2374 1323 2409 ali
1335 2404 1345 2418 ,
1366 2368 1518 2424 utpleris.

121 2432 185 2468 que
198 2421 310 2471 Anglis
323 2422 525 2460 Doctonbus
538 2423 640 2462 visum
659 2423 706 2462 cst
719 2437 729 2458 :¹
744 2421 871 2460 tametsi
883 2436 951 2462 non
969 2422 1096 2462 inficior
1114 2424 1242 2462 succum
1255 2424 1346 2459 illum
1363 2437 1523 2476 vegetum

1204 2475 1240 2510 R
1249 2487 1262 2508 r
1273 2487 1285 2508 ι
1296 2486 1310 2508 r
1331 2476 1355 2521 ij
