1878 2724
74 157 187 204 giones
206 156 302 192 novis
311 154 427 190 itidem
444 154 617 190 elementis
632 152 790 202 affignent
803 181 813 196 ‚
851 152 907 188 vel
925 152 1069 201 aliquam
1090 163 1131 187 ex
1149 152 1187 186 iis
1209 161 1290 198 quas
1323 116 1471 186 nomini-

65 207 181 241 ssvimus
195 207 320 240 naturis
330 233 340 249 ,
362 203 437 238 loco
454 202 507 239 suo
520 203 685 252 depellant
699 201 820 238 necesse
834 202 888 239 est.

105 253 258 290 Secundo
273 283 284 298 ,
305 266 356 290 tot
368 252 438 289 sunt
446 265 564 289 naturae
571 251 727 301 [implices
740 281 751 295 ‚
770 263 828 288 aut
836 250 1001 286 elementa
1017 276 1028 292 ‚
1042 260 1126 296 quot
1139 247 1210 283 sunt
1222 250 1330 296 primae
1341 251 1375 282 δε
1384 247 1456 294 prin

73 304 160 352 cipes
169 303 345 352 qualitates
365 316 373 338 ε
404 315 478 338 curn
496 304 603 351 primo
623 308 657 339 &
674 300 810 350 simplici
823 302 951 349 corpori
977 301 1081 347 prima
1099 298 1240 339 itidem,
1278 301 1312 334 δε
1336 294 1467 343 simplex

71 351 214 401 qualitas
229 354 406 388 conveniat
421 368 430 394 ς
450 350 502 387 sed
522 362 661 399 quatuor
678 350 750 387 sunt
768 352 880 399 prima:
891 347 1065 397 qualitates
1080 375 1091 390 ,
1110 359 1152 382 ex
1164 345 1279 393 quibus
1292 347 1469 394 gignuntur

73 404 206 446 omnia,
225 402 315 437 calor
331 400 489 437 videlicet
513 406 547 438 &
571 399 671 449 frigus
683 428 693 444 ,
715 411 787 447 quae
802 401 917 435 afflvae
932 396 1003 432 sunt
1021 396 1195 444 qualitates
1210 412 1220 439 ·,
1243 394 1416 429 humiditas
1433 397 1468 429 &

73 449 192 486 siccitas
206 480 216 494 ,
229 463 302 499 quae
314 448 442 499 paffivae
458 449 609 485 dicuntur
624 477 635 492 ‚
654 460 691 484 ut
713 447 769 482 suo
786 447 863 483 loco
877 448 1032 482 dicemus.
1057 447 1141 493 Ergo
1157 449 1192 482 &
1212 455 1349 491 quatuor
1374 453 1470 477 erunt

74 499 262 543 elementa,
290 511 432 547 quorum
449 497 578 546 singulis
601 496 774 544 qualitates
794 496 911 532 itidem
940 492 1066 542 singula:
1092 497 1125 528 in
1143 493 1270 528 summo
1293 491 1394 539 gradu
1413 491 1470 524 tri-

75 547 225 586 buuntur,
239 548 340 585 Calor
357 549 425 596 igni
443 575 454 590 ,
478 545 654 581 humiditas
669 547 732 583 ae'ri
743 574 753 588 ,
777 544 880 594 frigus
897 555 989 591 aquae
1006 571 1016 586 ‚
1037 548 1071 580 &
1088 541 1210 576 siccitas
1225 552 1329 576 terrae.

110 596 262 643 Confirm.
282 599 365 633 Duae
377 595 552 643 qualitates
566 598 599 631 in
611 594 714 644 gradu
732 592 859 630 summo
879 605 946 629 non
973 593 1175 627 conveniunt
1193 591 1251 624 uni
1273 588 1441 623 elemento
1459 605 1468 631 ς

75 657 138 682 nec
150 646 216 681 duae
228 647 312 681 inter
329 643 360 680 se
373 643 526 694 oppositae
545 644 653 680 eidem
676 646 806 692 corpori
834 641 969 691 simplici
985 641 1087 676 tribui
1113 637 1250 689 possunt.
1273 640 1362 675 Nam
1381 637 1468 672 idem

75 694 278 730 elementum
295 693 316 730 si
338 692 483 743 impense
495 693 638 729 calidum
657 691 694 729 fit
710 722 719 737 ,
737 698 771 730 δι
788 691 910 728 summe
921 691 1090 727 humidum
1101 718 1112 734 ,
1129 687 1225 726 citius
1237 685 1396 730 avolabit,
1408 698 1470 722 nec

76 745 167 778 mixti
190 743 300 781 forma
313 745 475 780 contineri
490 744 624 791 poterit.
641 743 743 793 Qod
761 740 783 777 si
805 744 840 778 in
857 753 899 776 eo
920 740 1042 776 summa
1071 739 1169 776 suerit
1189 736 1310 773 siccitas
1326 763 1336 778 ,
1361 746 1467 784 partes

75 791 160 828 illius
179 793 263 828 adeo
276 794 384 842 rigidae
397 798 432 830 &
451 791 645 829 inflexibiles
666 792 781 828 futurae
805 789 879 827 sunt
893 818 903 833 ,
927 801 964 825 ut
989 788 1120 825 extrahi
1137 788 1154 824 ὲ
1178 788 1282 823 mixto
1301 796 1468 832 nunquam

74 839 202 890 poffint.
221 844 302 878 Non
318 841 457 879 dissimili
470 843 596 877 ratione
607 853 722 890 corpus
741 839 875 888 simplex
889 837 1012 874 summe
1031 838 1185 886 frigidum
1201 865 1212 880 ,
1237 835 1326 872 idem
1339 839 1372 872 &
1383 831 1467 869 sum-

75 902 130 926 me
152 890 319 927 humidum
336 889 398 927 esse
415 893 542 938 nequit.
561 892 650 927 Nam
674 890 847 926 humiditas
862 891 933 924 vim
945 887 1077 936 frigoris
1094 886 1261 923 imminuit
1293 897 1300 919 :
1326 895 1387 920 nec
1404 884 1463 918 im-

73 938 172 988 pense
190 943 251 975 erit
265 938 400 976 ficcum:
421 939 591 987 quomodo
607 940 697 975 enim
715 937 780 974 sese
795 936 951 974 insinuare
972 939 1004 974 in
1017 947 1153 984 coi-pota
1172 934 1291 983 poterit
1308 944 1374 968 tam
1387 933 1465 979 rigi-

75 988 152 1026 dum
163 991 291 1026 &iners
304 988 517 1027 elementum.
529 991 614 1037 Ergo
622 990 677 1026 uni
689 987 856 1024 elemento
865 998 929 1024 una
941 984 1080 1034 qualitas
1097 982 1218 1020 intensa
1235 981 1333 1017 tribui
1351 980 1466 1022 deber,

76 1042 111 1075 δε
121 1049 172 1074 tot
183 1049 279 1074 erunt
295 1037 473 1081 elementa,
486 1050 567 1085 quot
579 1039 738 1086 principes
755 1036 930 1085 qualitates
953 1050 960 1073 :
984 1037 1071 1084 ignis
1085 1036 1146 1070 erit
1160 1030 1305 1081 impense
1319 1030 1440 1066 calidus
1457 1056 1468 1071 ‚

76 1088 129 1121 aiir
146 1085 268 1122 summe
282 1086 429 1123 humidus
447 1114 458 1131 ,
481 1099 566 1134 aqua
584 1083 787 1134 frigidiffinia
800 1114 810 1129 ,
836 1096 920 1121 terra
940 1082 1114 1121 siccissima.

60 1139 63 1143 '
112 1134 249 1178 Tertio,
268 1138 489 1183 quaternarius
500 1135 740 1171 elementorum
754 1145 902 1170 numerus
918 1145 958 1169 ex
967 1132 1164 1169 resolutione
1174 1142 1347 1178 corporum
1356 1127 1466 1163 osten-

78 1183 174 1218 ditur.
193 1186 282 1222 Nam
294 1196 332 1218 ex
345 1184 434 1233 ligno
448 1197 520 1219 cum
530 1183 732 1219 comburitur
742 1211 752 1226 ,
768 1185 850 1231 ignis
869 1184 1015 1231 in‚parte
1031 1180 1139 1218 oleosa
1151 1185 1185 1218 &
1200 1175 1425 1216 inflamniabili
1438 1175 1469 1210 se

76 1233 186 1280 prodit
202 1248 211 1270 :
229 1235 281 1268 a'e'r
296 1234 330 1268 in
352 1232 447 1268 fumo
460 1260 471 1275 ,
493 1232 583 1279 isque
593 1244 708 1267 omnes
723 1233 867 1279 corporis
880 1241 1005 1266 meatus
1020 1229 1136 1278 implet
1159 1247 1169 1273 ·‚
1191 1239 1274 1275 aqua
1300 1226 1415 1260 itidem
1435 1227 1468 1259 in

77 1280 172 1316 fumo
183 1311 193 1326 ,
217 1293 274 1316 aut
291 1284 326 1317 in
343 1294 464 1330 vapore
476 1281 520 1317 est
533 1281 671 1329 plurima
689 1298 699 1324 ·‚
727 1292 813 1316 terra
832 1282 866 1315 in
881 1277 1041 1316 cineribus
1057 1288 1205 1313 remanet
1222 1290 1230 1313 z
1253 1288 1291 1310 ac
1304 1274 1381 1310 licet
1395 1286 1469 1308 cor-

77 1342 138 1378 pus
158 1330 282 1367 nullum
298 1332 334 1367 iii
344 1333 448 1379 prima
470 1331 634 1366 elementa
649 1328 827 1366 resolvatur
840 1356 850 1372 ,
880 1330 913 1364 in
939 1340 977 1363 ea
992 1339 1101 1364 tamen
1127 1324 1274 1368 facessit,
1298 1327 1333 1360 in
1349 1321 1468 1372 quibus

77 1390 192 1414 natura
205 1379 442 1416 elementorum
459 1380 505 1415 est
517 1379 697 1416 manifesta.

113 1430 189 1465 Pars
205 1428 305 1465 altera
319 1428 528 1465 conclusionis
546 1427 676 1477 probari
694 1426 789 1465 facile
811 1427 924 1476 potest.
951 1424 1011 1462 Etsi
1026 1428 1112 1462 enim
1132 1437 1178 1460 eae
1203 1435 1282 1472 quas
1301 1420 1468 1458 attulimus

78 1479 220 1515 rationes
239 1489 401 1526 utcunque
421 1476 575 1514 suadeant
595 1489 735 1526 quatuor
747 1475 808 1512 eisc
822 1475 988 1512 elementa
999 1504 1009 1519 ,
1033 1488 1071 1510 ex
1082 1473 1200 1522 quibus
1213 1475 1314 1509 mixta
1328 1482 1469 1519 quaeque

79 1526 261 1562 conflantur
284 1555 293 1570 ,
311 1541 379 1564 non
393 1540 436 1562 eae
453 1526 522 1562 sunt
540 1539 648 1561 tamen
660 1539 730 1574 quae
748 1528 815 1560 vim
833 1524 978 1560 habeant
999 1524 1324 1559 demonstrationum.
1344 1522 1393 1555 Ac
1407 1521 1470 1568 pti-

45 1580 47 1583 '
78 1587 139 1610 mae
155 1577 288 1622 quidem
299 1578 417 1611 rationi
433 1577 558 1610 occurri
578 1574 676 1610 facile
693 1575 806 1622 potest.
829 1575 965 1620 Negant
986 1575 1074 1607 enim
1097 1574 1154 1619 qui
1175 1582 1289 1606 contra
1305 1569 1443 1605 sentiunt
1459 1598 1468 1611 ‚

79 1623 244 1660 elementa
259 1653 268 1667 ,
291 1623 343 1658 seu
367 1623 534 1659 miscibilia
550 1652 560 1667 ,
583 1634 620 1659 ut
635 1634 741 1671 partes
760 1620 895 1657 universi
908 1619 1034 1669 sphaeris
1048 1619 1107 1656 suis
1126 1625 1160 1657 &
1175 1617 1261 1666 quasi
1279 1615 1468 1667 regionibus

79 1673 228 1709 distincta
249 1672 436 1708 consistere:
458 1685 532 1707 cum
552 1684 637 1707 terra
667 1683 766 1719 quam
786 1670 943 1706 calcamus
957 1698 967 1712 ,
989 1681 1025 1704 ut
1045 1681 1130 1716 aqua
1144 1697 1154 1711 ,
1174 1666 1226 1704 vel
1242 1679 1297 1702 aer
1320 1679 1388 1702 non
1411 1664 1470 1701 sint

79 1733 155 1757 vera
173 1720 406 1764 elementa,sed
419 1723 527 1770 potius
543 1734 655 1757 eorum
667 1722 869 1763 matrices,ac
884 1718 976 1753 velut
989 1716 1133 1754 officinae.
1150 1720 1253 1753 Terra
1267 1718 1386 1764 quippe
1401 1726 1469 1749 arte

62 1771 230 1818 -chymica
247 1773 280 1806 in
299 1773 388 1806 varia
406 1770 575 1806 resolvitur
589 1772 754 1817 principia.
775 1768 858 1815 Qae
873 1768 989 1803 itidem
1005 1770 1179 1816 gignuntur
1190 1768 1223 1800 in
1240 1776 1322 1800 terra
1333 1770 1471 1810 &aqua,

79 1819 251 1857 manifeste
269 1819 411 1868 probarit
429 1832 466 1854 ea
483 1833 552 1855 non
570 1816 632 1855 eise
651 1821 752 1867 prima
773 1818 950 1853 elementa.
964 1810 1018 1852 Sic
1029 1829 1083 1852 aer
1100 1828 1198 1864 quem
1215 1813 1363 1863 spirando
1380 1812 1472 1847 duci-

80 1881 164 1912 mm,
176 1868 255 1904 nihil
271 1869 315 1904 cst
333 1867 438 1904 forsan
447 1881 562 1917 praeter
577 1867 697 1904 halitus
708 1869 765 1915 qui
779 1868 795 1903 ὲ
813 1878 898 1903 terra
914 1871 950 1903 &
969 1878 1052 1913 aqua
1066 1867 1273 1901 continenter
1289 1873 1472 1910 erumpunt.

85 1951 89 1953 ,
107 1919 187 1968 Jam
196 1930 267 1966 qua:
280 1920 371 1966 regio
386 1920 469 1966 ignis
481 1917 588 1953 futura
599 1917 645 1953 est
656 1928 666 1955 Ξ
679 1919 769 1955 Nam
779 1915 898 1966 sphaera
912 1914 968 1951 illa
979 1917 1060 1964 ignis
1075 1926 1150 1950 aere
1162 1913 1301 1963 superior
1315 1941 1325 1955 ,
1339 1917 1372 1949 &
1389 1910 1470 1946 lunae

81 1969 230 2014 proxima
241 1966 357 2005 fiaitia
367 1968 415 2003 est
427 1982 434 2003 :
444 1980 516 2002 cum
529 1979 592 2003 nec
605 1969 732 2003 ratione
746 1994 756 2009 ,
782 1977 843 2001 nec
860 1963 947 2001 sensu
961 1966 1170 2013 percipiatur,
1197 1969 1230 2000 &
1242 1961 1282 1998 ad
1299 1960 1472 1996 libidinem

83 2013 392 2059 conficiavideamr,
419 2017 596 2065 Qiodnam
614 2015 700 2052 illius
725 2015 772 2051 est
791 2013 968 2064 pabulum?
990 2026 1031 2049 an
1050 2014 1135 2050 forte
1149 2024 1243 2061 purus
1260 2021 1338 2046 aer?
1355 2021 1389 2044 at
1406 2014 1471 2057 jam

84 2064 208 2112 pridem
227 2062 314 2101 suum
328 2064 481 2113 pabulum
496 2064 610 2102 debuit
624 2064 750 2114 depasci
767 2079 775 2100 :
800 2075 1017 2113 praeterquam
1036 2075 1090 2098 aer
1110 2064 1165 2098 vix
1182 2063 1265 2111 ignis
1279 2059 1472 2095 alimentum

85 2111 146 2149 effe
157 2113 269 2162 potest.
288 2114 364 2161 Jain
381 2117 432 2151 cui
441 2114 508 2151 usui
523 2116 603 2162 ignis
619 2114 675 2150 ille
687 2115 810 2151 futurus
829 2114 896 2150 est?
911 2126 952 2149 an
972 2112 1063 2148 forte
1078 2113 1095 2148 ὲ
1105 2110 1158 2147 sua
1167 2111 1333 2160 provincia
1343 2109 1377 2142 in
1388 2107 1472 2143 hanc

84 2174 120 2199 re
144 2163 254 2199 ionem
269 2160 447 2207 descendit,
458 2175 494 2198 ut
502 2165 695 2200 mixtionem
713 2176 884 2212 corporum
901 2161 1035 2198 subeam
1059 2160 1098 2197 fic
1112 2165 1202 2197 enim
1220 2156 1379 2208 plerisque
1395 2156 1474 2191 Phi-

86 2211 120 2249 lo
132 2211 227 2259 ophis
244 2211 381 2249 videtur.
409 2213 473 2249 Sed
492 2215 526 2248 in
543 2224 663 2248 terram
681 2212 790 2248 delabi
811 2226 876 2250 non
892 2211 998 2262 potest
1012 2239 1022 2254 ,
1045 2223 1118 2246 cum
1141 2208 1178 2245 sit
1195 2205 1367 2243 levissimus
1384 2217 1391 2240 :
1412 2216 1474 2239 nec

86 2259 258 2296 verisimile
271 2261 317 2295 est
335 2273 376 2296 eo
394 2263 525 2312 ingenio
541 2262 709 2310 praeditum
724 2260 784 2297 esse
794 2275 829 2297 ut
840 2261 988 2298 scintillas
1003 2263 1113 2297 mittat
1126 2288 1134 2302 ‚
1151 2259 1279 2305 quoties
1292 2257 1326 2290 in
1344 2253 1403 2287 hac
1422 2265 1474 2287 re-

87 2311 186 2358 gione
207 2313 308 2346 mixta
320 2323 523 2358 generantur·
544 2309 771 2357 Qiamobrem
786 2324 853 2346 non
874 2310 1012 2346 absurde
1033 2310 1143 2356 negari
1157 2305 1263 2355 potest
1280 2303 1440 2338 elementa
1453 2300 1474 2335 ἐι

89 2361 196 2395 mixtis
207 2359 398 2408 corporibus
416 2360 557 2411 separata
578 2355 744 2396 consistere
763 2373 772 2395 z
788 2359 864 2396 cuin
883 2371 919 2395 ea
935 2371 1001 2395 non
1017 2356 1073 2393 nisi
1094 2361 1128 2392 in
1146 2356 1283 2405 gratiam
1298 2354 1475 2388 mixtorum

1228 2405 1257 2437 G
1281 2404 1311 2449 iij
