1878 2724
355 145 408 180 ΜΒ
721 138 982 177 PHYSICAE
1017 140 1345 179 GENERALIS

354 204 490 241 corpora
503 201 609 240 partes
624 188 749 225 habent
764 191 907 225 maxime
924 188 1078 236 mobiles,
1096 201 1133 226 ut
1144 191 1269 240 spiritus
1282 194 1365 237 vini,
1377 196 1411 230 &
1421 202 1475 226 aer
1489 189 1567 241 ipse,
1580 202 1634 228 aut
1642 196 1752 230 ramo⁴

354 242 400 278 sas
415 270 424 285 ‚
440 242 673 278 &minutiores
685 267 695 282 ,
710 239 776 273 haec
789 238 888 287 frigus
903 238 1075 275 contrahit.
1101 242 1238 276 Motum
1253 245 1376 291 quippe
1389 244 1590 277 concitatum
1611 245 1752 290 partium

353 292 537 333 imminuit,
552 301 620 324 non
630 289 766 324 omnino
781 287 878 326 tollit.
893 290 958 324 Aet
969 298 1078 324 autem
1090 302 1153 339 prae
1165 290 1288 340 frigore
1301 291 1501 328 contrahitur
1515 320 1523 335 ,
1539 291 1593 326 vel
1612 293 1700 340 quod
1714 293 1754 329 il-

353 341 412 376 lius
422 350 529 387 partes
541 351 607 375 non
622 338 705 373 adeo
724 337 874 374 celeriter
884 347 1100 384 moveantur,
1118 340 1172 376 vel
1183 340 1272 389 quod
1284 342 1332 378 vis
1348 344 1417 390 ejus
1433 340 1561 376 elastica
1574 341 1750 391 plurimum

353 399 573 425 imminuatur.

386 437 552 473 Secundus
572 438 702 486 frigoris
715 436 849 473 effeetus
867 437 911 472 est
932 446 1023 486 aquae
1037 439 1232 484 tarefaffio,
1251 439 1336 475 adeo
1353 451 1390 475 ut
1402 451 1486 487 aqua
1501 440 1585 476 tubo
1602 439 1751 477 conclusa

350 499 409 536 per
419 485 622 523 artificiosam
633 488 898 538 congelationem
909 517 919 532 ‚
933 500 1019 523 nona
1032 487 1075 524 sui
1088 501 1180 538 parte
1190 519 1200 533 ‚
1224 500 1277 525 aut
1291 489 1418 526 decima
1437 490 1599 525 interdum
1616 490 1750 526 attolla-

351 549 412 573 tur.
427 539 516 573 Hinc
525 537 642 587 glacies
654 550 743 586 aquae
756 539 906 574 innatat:
925 538 1014 585 quod
1034 550 1094 588 pro
1104 537 1193 574 mole
1205 538 1258 574 sua
1269 537 1431 575 sitleviot.
1451 540 1541 574 Hinc
1553 541 1651 575 etiam
1676 539 1750 576 tubi

348 592 383 624 δὲ
393 584 465 622 vasa
475 586 671 636 plerumque
683 587 891 636 franguntur,
913 599 986 622 cum
1005 600 1076 637 pars
1093 600 1184 636 aquae
1197 587 1320 624 summa
1334 590 1449 638 ptimo
1462 589 1497 623 in
1507 588 1646 637 glaciem
1658 588 1747 625 abit:

323 680 325 682 Ι
348 649 426 672 nam
437 649 507 685 quae
527 636 626 674 subest
642 649 725 686 aqua
737 666 746 681 ,
774 635 833 672 ubi
848 636 1038 687 congelatur
1061 643 1095 676 δε
1119 635 1402 686 expanditur‚'vas
1419 637 1596 688 confringit
1615 668 1626 683 ,
1657 639 1749 686 quod

351 690 417 733 eJ‘us
435 686 622 723 dilatationi
635 686 723 723 locus
739 699 806 723 non
820 698 941 735 pateat.
951 687 1077 723 Contra
1096 690 1206 723 evenit
1215 687 1270 723 ubi
1284 688 1473 738 congelatio
1485 686 1527 722 ab
1538 690 1606 723 imo
1622 689 1747 737 incipit.

345 737 400 771 Sic
412 747 496 784 aqua
508 739 542 771 in
555 735 643 772 tubis
657 739 768 772 vitreis
777 737 818 770 ad
837 739 947 785 ignem
960 735 1117 785 lampadis
1133 735 1250 774 fusis&
1265 737 1408 788 sigillatis
1423 736 1579 787 paulatim
1592 738 1750 787 congela-

348 796 418 829 tur,
430 791 527 823 &aer
537 785 636 822 illaesis
646 786 842 836 plerumque
853 784 939 821 tubis
949 787 983 820 in
993 786 1162 835 angustum
1172 786 1281 822 locum
1298 788 1435 836 cogitur.
1452 787 1506 822 Sic
1520 789 1562 822 D.
1581 789 1681 835 Boyle
1698 798 1748 822 tu-

346 833 427 871 bum
448 848 576 872 aeneum
595 847 658 871 tres
680 848 737 871 aut
761 837 886 871 circiter
898 836 1019 884 digitos
1037 836 1140 871 latum
1155 865 1165 880 ,
1191 841 1225 873 δε
1238 848 1321 885 aqua
1338 836 1473 886 plenrun
1483 837 1528 870 ita
1544 838 1691 884 aptavit,
1711 847 1749 871 ut

344 896 430 932 aqua
452 897 509 934 per
523 884 730 922 artificiosam
746 884 1011 934 congelationem
1021 884 1156 921 dilatata
1165 886 1292 934 pondus
1310 890 1371 930 60,
1391 896 1448 921 aut
1461 888 1505 922 »80
1521 884 1676 920 librarum
1693 898 1747 921 at-

345 934 491 971 tolleret.
505 934 622 971 Tubos
640 934 763 971 ferreos
778 934 996 982 sclopetorum
1014 946 1099 982 aqua
1113 934 1247 983 plenoS,
1265 941 1299 972 &
1322 936 1378 970 dili
1404 933 1564 971 entissime
1585 934 1746 979 occlusos,

343 986 469 1032 impetu
481 985 639 1034 disruptos
649 984 739 1020 fuisse
752 1014 762 1028 ‚
777 982 853 1019 cum
862 984 975 1033 gelido
989 985 1056 1019 aeri
1068 983 1169 1020 essent
1185 984 1320 1032 expositi
1335 1013 1344 1028 ,
1363 998 1384 1020 o
1411 982 1571 1019 servatum
1585 984 1665 1020 olim
1680 984 1747 1021 fuit

343 1032 366 1069 ὲ
377 1030 501 1070 Clariis.
512 1036 668 1084 Hugenio
678 1036 710 1070 in
722 1034 897 1071 Academia
906 1035 1023 1083 Regia.
1032 1031 1140 1069 Tanta
1151 1035 1304 1071 nimirum
1313 1035 1361 1069 est
1372 1035 1420 1070 vis
1434 1032 1663 1081 frigoris,quod
1674 1046 1744 1082 pat.

346 1086 394 1118 tes
403 1095 494 1131 aquae
507 1084 708 1128 distendit‚ut
721 1084 812 1121 lento
822 1083 957 1132 quidem
971 1112 980 1127 ,
993 1083 1046 1120 sed
1056 1085 1249 1119 continuato
1261 1086 1403 1133 partium
1414 1081 1484 1118 nisu
1494 1081 1644 1118 solidiora
1653 1095 1745 1132 quae-

344 1144 411 1181 que
425 1145 563 1181 corpora
577 1132 765 1183 disrumpat.
1466 1178 1468 1180 q

387 1182 470 1229 Qae
483 1182 518 1218 sit
534 1191 643 1218 autem
656 1182 748 1231 hujus
761 1181 960 1220 dilatationis
969 1182 1060 1218 causa
1070 1214 1080 1229 ,
1099 1183 1260 1234 explicatu
1272 1182 1344 1219 satis
1359 1182 1406 1218 est
1420 1180 1562 1218 difficile.
1583 1182 1634 1218 An
1654 1180 1746 1229 quod

344 1242 453 1279 partes
471 1244 563 1278 aquae
577 1232 653 1267 dum
665 1234 698 1266 vi
711 1232 842 1281 frigoris
860 1235 968 1281 rigent
979 1261 988 1275 ‚
1005 1231 1086 1269 fiant
1098 1233 1287 1269 immobiles
1302 1262 1312 1276 ‚
1335 1245 1396 1268 nec
1412 1244 1479 1268 tam
1492 1243 1567 1279 apte
1581 1231 1650 1266 aliae
1673 1229 1745 1265 aliis

345 1278 535 1314 incumbant
549 1309 559 1324 ,
574 1280 673 1327 quam
686 1280 746 1315 ubi
757 1288 850 1315 'motu
863 1282 1013 1330 ingenito
1021 1284 1207 1330 agitantur?
1227 1294 1294 1317 tum
1309 1283 1397 1316 enim
1410 1279 1539 1317 facilius
1550 1278 1744 1324 flectuntur,

344 1340 383 1363 ac
396 1328 545 1376 preffioni
556 1329 689 1364 aliatum
701 1331 842 1379 partium
857 1357 868 1372 ,
884 1341 939 1366 aut
950 1330 1131 1367 circumfusi
1144 1334 1226 1367 aeris
1249 1329 1380 1366 facilius
1398 1330 1528 1365 cedunt.
1563 1331 1615 1364 An
1633 1330 1742 1378 potius

343 1389 398 1412 aer
408 1380 494 1426 potis
503 1389 596 1427 aquae
606 1378 771 1415 conclusus
783 1381 816 1415 in
827 1381 931 1414 varias
951 1379 1054 1414 bullas
1063 1380 1214 1417 dilatatur
1226 1410 1235 1425 ‚
1254 1381 1345 1429 quod
1358 1379 1379 1416 a
1394 1378 1585 1415 circumfuso
1599 1390 1672 1413 aere
1683 1380 1745 1412 mi-

344 1440 404 1462 nus
420 1437 606 1476 prematur?
627 1429 691 1464 Sed
701 1437 775 1464 cum
786 1441 880 1476 aquae
890 1428 1076 1477 congelatio
1088 1429 1109 1466 ὲ
1123 1430 1225 1466 fundo
1248 1432 1364 1479 incipit
1382 1458 1391 1473 ‚
1414 1440 1484 1464 tum
1503 1440 1590 1476 aeque
1609 1426 1651 1462 ab
1674 1439 1741 1462 am-

343 1475 457 1512 biente
470 1490 544 1512 aere
556 1480 732 1526 premitur,
744 1491 782 1513 ac
793 1477 814 1513 fi
827 1477 914 1513 nulla
931 1477 1008 1514 esset
1021 1479 1207 1528 congelatio
1222 1495 1229 1516 :
1244 1491 1299 1514 cur
1317 1481 1414 1529 igitur
1426 1486 1482 1513 aer
1505 1476 1640 1513 inclusus
1658 1477 1742 1511 adeo

342 1528 554 1575 expanditur?
567 1539 623 1562 cur
639 1539 725 1575 aqua
736 1530 768 1563 in
780 1527 929 1563 machina
945 1531 1152 1576 pneumatica
1166 1530 1258 1564 omni
1272 1540 1361 1576 pene
1375 1539 1449 1562 aere
1458 1528 1636 1570 exinanita,
1646 1526 1741 1560 dein-

344 1576 386 1609 de
396 1575 568 1624 congelata
578 1576 792 1612 nihilominus
807 1577 976 1612 attollatur
993 1592 1002 1614 ε
1017 1576 1247 1613 tametsi‘bullae
1258 1579 1290 1613 in
1303 1590 1342 1613 ea
1359 1577 1456 1625 longe
1474 1578 1618 1611 minores
1637 1586 1740 1622 appa-

342 1636 417 1660 rent
430 1654 439 1668 ‚
460 1634 566 1673 neque
584 1628 668 1661 adeo
682 1625 869 1662 intumescit
880 1632 965 1674 aqua
975 1656 984 1670 ,
995 1634 1096 1675 atque
1105 1626 1335 1663 intumesceret
1348 1625 1368 1662 si
1380 1637 1433 1661 aer
1444 1631 1512 1661 non
1528 1622 1605 1660 esset
1617 1624 1740 1659 exhau-

344 1674 418 1710 stus.
437 1677 690 1724 Negaretamen
709 1689 774 1711 non
792 1674 950 1725 possumus
961 1688 1078 1724 aquam
1089 1676 1235 1725 sclopeto
1247 1675 1403 1712 inclusam
1416 1704 1423 1714 ‚
1442 1675 1518 1709 dum
1532 1672 1737 1723 congelatur,

346 1728 379 1759 &
391 1724 555 1771 particulae
569 1727 649 1758 aeris
660 1754 669 1767 ,
685 1736 742 1759 aut
753 1725 1145 1761 forteilliusfulminantis
1163 1725 1354 1768 substantiae‚
1374 1731 1459 1775 cujus
1479 1723 1569 1772 supra
1585 1724 1738 1758 memini-

346 1784 414 1806 mus
428 1800 438 1814 ,
463 1775 550 1807 intus
564 1772 763 1807 conclusae-in
775 1773 878 1808 bullas
892 1773 1103 1816 attolluntur,
1118 1779 1273 1822 majorem
1286 1774 1394 1809 locum
1407 1773 1571 1816 affe-Stare,
1586 1778 1618 1809 &
1630 1774 1737 1805 conti-

345 1834 412 1856 nuo
424 1821 489 1856 nisu
500 1833 536 1855 ac
547 1824 579 1855 vi
594 1821 717 1855 clastica
736 1824 815 1857 aeris
830 1820 1012 1870 sclopetum
1023 1823 1122 1857 etiam
1135 1834 1208 1863 cum
1226 1824 1349 1870 impetu
1365 1821 1526 1869 disrumpi.

378 1873 494 1918 ltaque
503 1882 559 1906 aut
572 1883 625 1905 aer
638 1869 772 1905 inclusus
786 1884 853 1906 non
872 1873 965 1906 unius
981 1871 1024 1905 est
1036 1873 1164 1920 generis
1177 1900 1185 1913 ,
1201 1883 1233 1906 ut
1244 1875 1312 1919 jarn
1332 1870 1512 1906 identidem
1526 1871 1734 1911 monuimus,

343 1931 400 1954 aut
417 1932 454 1954 ex
467 1919 592 1954 diverso
601 1921 741 1969 partium
750 1920 896 1970 cujusque
909 1922 1052 1969 corporis
1062 1932 1237 1964 contextu,
1251 1919 1348 1969 figura
1363 1949 1373 1964 ,
1391 1930 1483 1954 motu
1495 1930 1629 1968 corpora
1645 1931 1735 1966 quae-

344 1981 408 2017 que
419 1968 470 2002 vel
485 1969 646 2004 rarescunt
658 1998 666 2012 ,
680 1969 733 2003 vel
752 1969 1000 2006 condensantur.

379 2016 495 2053 Tertio
505 2047 514 2060 ,
533 2019 609 2054 hinc
619 2021 719 2054 etiam
730 2017 766 2053 fit
776 2030 811 2053 ut
825 2019 927 2054 multa
937 2019 1063 2067 frigoris
1077 2020 1109 2052 vi
1129 2028 1376 2069 corrumpantur
1390 2048 1399 2063 ‚
1416 2018 1480 2054 alia
1490 2016 1732 2054 conserventur.

338 2067 511 2102 interdum
532 2070 622 2103 enim
640 2068 738 2116 frigus
756 2071 896 2117 partium
914 2080 1073 2104 texturam
1093 2070 1135 2103 ita
1161 2071 1334 2111 immutat,
1349 2080 1385 2102 ut
1403 2071 1457 2103 vix
1477 2068 1597 2102 restitui
1614 2064 1733 2115 possit:

343 2116 420 2151 dum
438 2114 557 2150 scilicet
573 2117 700 2164 aquosae
710 2127 818 2166 partes
836 2117 1029 2161 dilatantur,
1044 2117 1133 2153 fibtae
1144 2148 1152 2162 ‚
1171 2123 1203 2155 &
1214 2114 1382 2153 solidiores
1391 2117 1555 2167 particulae
1580 2116 1734 2161 disrumpi

342 2165 455 2201 solent.
488 2167 524 2200 In
540 2167 576 2199 iis
590 2169 713 2215 quippe
728 2167 816 2201 idem
831 2167 900 2201 fere
909 2168 1028 2203 accidit
1044 2168 1130 2215 quod
1141 2170 1172 2204 in
1186 2165 1320 2203 contusis
1339 2167 1497 2203 fructibus
1518 2180 1525 2201 :
1547 2164 1684 2199 infinita?
1696 2164 1733 2199 fi-

342 2215 478 2262 quidem
492 2214 574 2250 fiunt
582 2215 672 2251 velut
686 2215 887 2251 contusiones
899 2218 933 2252 in
942 2219 979 2251 iis
990 2217 1181 2266 corporibus
1190 2247 1199 2261 ‚
1215 2219 1292 2252 duni
1305 2216 1429 2264 aquosis
1442 2213 1583 2264 partibus
1596 2213 1730 2262 congla-

343 2267 435 2299 ciatis
456 2270 489 2301 &
505 2264 658 2308 extensis,
675 2265 743 2300 aliae
761 2268 1019 2313 comprimuntur
1031 2296 1039 2309 ,
1053 2273 1110 2302 aut
1124 2267 1325 2309 lacerantur,
1343 2278 1379 2300 ac
1397 2265 1502 2300 succus
1522 2263 1732 2298 alimentitius

336 2311 393 2347 suis
405 2313 528 2349 tubulis
540 2320 574 2352 &c
584 2312 708 2349 cellulis
718 2315 967 2351 excluditurSic
978 2315 1174 2359 inRuffia,&
1185 2319 1217 2351 in
1230 2316 1296 2350 aliis
1317 2317 1351 2349 in
1363 2311 1546 2363 regionibus
1560 2311 1615 2347 ubi
1632 2312 1730 2360 frigus

340 2364 425 2410 riget
445 2366 544 2398 actius
561 2392 569 2406 ‚
590 2363 672 2412 saepe
686 2362 720 2402 &
731 2371 823 2400 aures
840 2370 874 2401 δε
886 2364 976 2400 nasus
989 2394 998 2408 ,
1016 2371 1048 2402 δι’
1066 2366 1134 2400 aliae
1150 2376 1254 2413 partes
1269 2363 1359 2398 velut
1373 2375 1539 2412 gangtaeiia
1559 2362 1687 2396 infectae
1698 2364 1729 2395 vi

334 2410 470 2459 frigoris
495 2414 652 2450 decidunt
676 2428 681 2450 :
707 2420 767 2451 nec
790 2414 873 2450 aliud
895 2415 939 2450 'est
953 2415 1027 2451 huic
1045 2415 1133 2451 malo
1152 2415 1254 2463 magis
1280 2424 1501 2461 opportunum
1528 2412 1708 2448 remedium
1717 2439 1728 2455 ‚
