1878 2724
417 153 475 197 458
736 147 1004 185 PHYSlCAE
1027 146 1169 182 PARS
1207 145 1489 185 SECUNDA.
1870 194 1872 196 v

419 200 498 234 lares
513 198 607 234 fibras
622 209 676 233 aut
688 198 809 231 radices
824 198 858 231 in
877 207 996 232 terram
1016 196 1134 245 spargit
1145 224 1155 240 ‚
1174 209 1307 245 tumque
1324 199 1358 233 in
1373 199 1554 246 persedram
1572 197 1716 234 radicem
1727 198 1818 242 abit‚·

420 261 491 295 quae
506 246 592 296 prius
603 245 759 282 crescit&
776 257 841 281 uno
852 244 906 281 vel
915 245 1019 281 altero
1032 245 1342 296 polliceporrigitur
1352 275 1363 290 ‚
1383 247 1484 295 quam
1502 246 1613 295 pluma
1629 247 1694 296 ipsa
1711 259 1816 284 emer.

420 307 486 332 (rat.

420 327 440 345 ὃ
456 350 495 389 3⁰.
507 345 594 379 Cum
606 355 707 380 novus
721 341 936 380 indesinenter
945 343 1051 379 succus
1064 372 1073 388 ‚
1087 355 1156 380 tum
1174 345 1191 380 ὲ
1211 343 1298 381 lobis
1308 373 1317 388 ‚
1339 357 1408 381 tum
1418 346 1433 382 ὲ
1444 357 1528 380 terra
1538 345 1603 394 ipsa
1620 347 1652 381 in
1667 357 1815 384 truncum

415 393 561 427 radiculae
578 393 721 428 exundet
736 422 746 437 ‚
766 405 835 441 pars
854 393 939 429 illius
952 392 1189 429 succisubtilior
1200 423 1212 438 ‚
1230 395 1287 429 vel
1300 394 1464 442 spiritibus
1477 397 1576 444 magis
1592 394 1671 430 foeta
1683 397 1718 430 in
1728 408 1816 433 trun.

414 455 454 476 co
468 441 536 489 ipso
552 442 664 477 radicis
677 442 797 490 digesta
812 471 822 486 ‚
841 447 875 479 &
888 442 996 478 calore
1013 442 1147 478 dilatata
1161 441 1275 478 sursum
1287 446 1447 488 nititur,&
1461 445 1482 480 a
1495 445 1603 478 radice
1614 448 1646 479 in
1655 444 1815 493 plumam,

414 490 466 526 seu
477 493 510 527 in
525 503 598 526 eam
614 503 739 540 partem
748 493 903 540 germinis
914 504 984 540 quae
1002 504 1108 528 ramos
1121 522 1131 536 ,
1155 497 1188 528 &
1200 492 1282 527 folia
1303 494 1478 529 convoluta
1496 491 1632 528 exhibet
1647 523 1657 537 ‚
1677 507 1814 543 quaeque
1866 520 1867 529 1

412 552 470 588 per
483 542 610 589 apicem
623 539 707 575 fabae
724 539 841 576 sursum
853 540 1003 577 efferetur
1020 570 1029 585 ‚
1057 542 1225 578 redundat.
1248 542 1283 576 Id
1297 545 1383 577 enim
1400 541 1575 578 observatu
1593 543 1730 592 dignum
1746 544 1815 589 est,
1866 540 1868 559 ³

411 592 466 623 vix
477 601 548 624 eam
560 600 684 636 partem
693 592 846 638 germinis
857 593 1065 639 promoveri,
1082 590 1139 627 nifi
1148 591 1320 640 postquam
1332 592 1422 626 radix
1435 591 1499 640 ipsa
1511 596 1573 640 jam
1590 603 1674 639 pene
1687 592 1736 627 est
1752 591 1813 627 ab..

408 637 511 673 soluta
525 667 534 681 ‚
554 644 588 676 &
608 639 696 674 velut
719 638 909 688 capillitium
927 640 1095 688 quoddam
1113 642 1146 675 in
1162 652 1279 675 terram
1290 639 1473 677 demiserit:
1494 641 1581 688 quod
1602 652 1729 676 truncus
1747 641 1813 678 unit

410 701 484 722 curn
500 689 596 723 ramis
607 687 723 736 abipsa
731 689 837 724 radice
847 689 989 737 pendeat
1000 718 1010 733 ‚
1034 688 1122 738 isque
1132 688 1257 724 succum
1277 694 1342 738 jam
1360 701 1571 740 expurgatum
1586 694 1621 726 &
1636 691 1730 724 variis
1749 692 1813 726 tin-

411 738 506 771 ‹sturis
517 750 554 772 ac
568 737 739 773 fermentis
756 736 922 773 imbutum
936 736 956 774 ὲ,
967 739 1072 773 radice
1087 741 1236 787 excipiat.
1257 741 1328 774 Imo
1342 751 1412 787 pars
1427 739 1509 774 succi
1522 741 1554 774 in
1565 739 1672 773 radice
1686 751 1812 789 praepa.

409 788 471 820 rati
483 787 515 821 in
528 785 629 835 ipsum
643 785 728 823 forte
739 787 961 836 parenchyma
978 800 1035 836 per
1045 800 1152 823 ramos
1163 788 1312 823 laterales
1329 799 1462 824 remeat.

444 842 497 879 4⁰.
520 836 625 871 Radix
643 835 733 872 succo
744 836 870 885 turgida
883 839 918 872 in
932 835 1039 885 plures
1060 849 1167 873 ramos
1184 849 1258 872 cum
1275 836 1311 873 su
1322 836 1421 872 divisa
1434 867 1444 882 ,
1461 837 1566 872 succus
1581 835 1650 885 ipse
1664 836 1811 873 fermen-

408 884 530 921 tescens
541 887 630 919 exiis
649 885 794 933 angustiis
813 884 876 921 sese
894 885 1048 934 expedire
1060 888 1174 921 nititur
1184 915 1194 929 ‚
1207 898 1306 934 atque
1317 888 1351 921 in
1364 897 1511 921 truncum
1522 886 1636 920 radicis
1649 888 1789 934 primum
1798 916 1810 932 ,

407 946 474 969 tum
487 937 520 969 in
536 933 679 982 plumam
694 932 793 981 ipsam
809 934 961 970 exundat.
975 936 1110 969 Interim
1121 934 1259 982 obliquo
1278 935 1375 970 dutstu
1388 934 1408 970 a
1422 936 1528 969 radice
1538 936 1570 968 in
1584 933 1680 969 lobos
1693 937 1807 970 rever..

407 985 504 1027 titur,
520 982 572 1018 seu
586 982 671 1019 forte
680 982 888 1019 circulatione
905 982 970 1031 ipsa
982 985 1090 1032 purior
1105 984 1244 1028 evadat,
1267 983 1318 1019 seu
1334 986 1369 1019 in
1411 983 1643 1032 arenchymate
1661 983 1808 1030 seminis,

407 1043 562 1079 tanquam
577 1034 609 1066 in
622 1035 847 1080 promptuario
864 1032 1009 1079 quodam
1026 1032 1199 1081 colligatur
1217 1048 1226 1077 ;
1248 1032 1302 1072 seu
1318 1045 1357 1068 ex
1370 1031 1390 1068 fi
1416 1035 1458 1067 ris
1477 1045 1534 1082 per
1547 1044 1663 1081 corpus
1677 1031 1807 1070 seminis

405 1079 522 1116 diffusis
536 1080 604 1114 aliae
614 1080 672 1116 lint
682 1083 869 1117 arteriarum
881 1080 1083 1128 limiles‚quae
1095 1081 1221 1118 succum
1238 1081 1448 1125 vehunt-‚aliae
1459 1082 1554 1117 instar
1567 1093 1723 1118 venatum
1737 1083 1808 1118 suc’-

405 1142 481 1165 cum
497 1129 674 1173 revehant,
693 1128 797 1178 fitque
813 1129 909 1165 lobos
925 1129 1053 1165 seminis
1067 1132 1291 1180 impraegnent.
1316 1132 1363 1166 Hi
1377 1133 1500 1180 quippe
1523 1132 1665 1179 primum
1692 1133 1807 1167 radicis

405 1179 628 1214 rudimentum
640 1180 796 1215 continuo
813 1179 957 1214 humoris
970 1176 1091 1214 affluxu
1114 1182 1146 1215 in
1159 1180 1341 1229 perfeEtarn
1356 1181 1500 1216 radicem
1517 1191 1734 1217 convertunt:
1752 1180 1804 1216 sed

406 1228 494 1262 radix
506 1226 722 1276 viciffimjam
740 1240 824 1277 pene
841 1227 986 1263 absoluta
997 1231 1098 1265 nutrit
1108 1234 1141 1266 &
1153 1241 1251 1279 auget
1265 1229 1371 1274 lobos,
1391 1228 1509 1278 eosque
1524 1231 1557 1264 in
1567 1228 1647 1263 folia
1658 1231 1804 1277 quaedam

403 1287 598 1312 commutat.

444 1329 569 1376 50.Duo
587 1326 708 1375 quippe
722 1325 792 1361 lobi
803 1328 835 1362 in
853 1327 1003 1363 omnibus
1024 1339 1107 1376 pene
1118 1325 1292 1362 seminibus
1306 1327 1323 1362 ὲ
1334 1338 1417 1362 terra
1431 1337 1604 1375 emergunt
1619 1328 1651 1361 in
1670 1325 1735 1362 duo
1749 1327 1803 1363 fo·.

404 1375 449 1410 lia
465 1374 535 1410 aliis
548 1374 708 1412 diffimilia
719 1376 862 1420 didueti3
877 1388 974 1425 atque
983 1376 1039 1412 ubi
1050 1377 1122 1412 sunt
1131 1376 1247 1411 latiora
1256 1405 1265 1419 ‚
1287 1388 1323 1411 ut
1336 1379 1370 1412 in
1383 1387 1554 1411 cucumere
1563 1404 1573 1419 ,
1597 1376 1713 1410 eadem
1725 1389 1804 1425 pro-

404 1427 558 1473 portione
580 1425 651 1461 sunt
669 1427 821 1461 tenuiora.
843 1426 1010 1471 Qiocirca
1023 1438 1062 1460 ex
1074 1424 1158 1461 iobis
1170 1424 1311 1474 primum
1322 1426 1436 1460 humor
1451 1424 1661 1459 alimentitius
1673 1427 1706 1459 in
1717 1427 1801 1460 radi·

402 1485 478 1510 cem
491 1473 679 1510 inchoatam
689 1475 853 1518 dimanat,
875 1486 944 1510 tum
955 1488 992 1511 ex
1005 1475 1183 1524 radicejam
1194 1474 1340 1522 perfecta
1359 1473 1462 1509 succus
1477 1476 1510 1508 in
1520 1472 1614 1508 lobos
1629 1475 1726 1509 redux
1741 1475 1800 1510 hos

401 1525 515 1570 utique
526 1522 658 1559 velutin
675 1523 754 1559 folia
763 1524 914 1571 quaedam
929 1526 1111 1568 convertit,
1127 1535 1200 1571 quae
1213 1536 1285 1559 cum
1302 1523 1362 1558 sint
1383 1522 1467 1558 lobis
1488 1521 1558 1570 ipfis
1574 1521 1704 1566 similia,
1732 1536 1799 1560 non

402 1572 486 1607 villis
497 1570 620 1620 hispida
634 1601 643 1616 ,
658 1571 711 1607 sed
732 1572 822 1608 laevia
836 1578 870 1610 ὃς
889 1572 1042 1621 aequabili
1058 1572 1183 1616 limbo,
1205 1586 1271 1609 non
1290 1572 1408 1607 serrato
1424 1575 1638 1607 terminentur
1650 1601 1660 1616 ,
1689 1571 1798 1620 palam

403 1622 451 1656 est
464 1634 501 1655 ea
514 1620 593 1656 folia
611 1621 693 1657 nihil
709 1621 769 1658 effe
789 1633 900 1670 praeter
913 1621 1008 1658 lobos
1025 1621 1119 1671 ipsos.
1147 1622 1247 1657 Unde
1275 1633 1356 1670 quot
1379 1621 1450 1656 lobi
1466 1621 1540 1656 sum
1552 1623 1585 1656 in
1603 1623 1730 1669 granis,
1745 1632 1798 1657 tot

402 1670 558 1718 ejusmodi
574 1670 652 1705 folia
664 1683 835 1720 emergunt
851 1686 859 1708 :
874 1672 957 1706 adeo
973 1683 1007 1706 ut
1017 1674 1048 1706 in
1061 1672 1214 1707 nasturtio
1229 1671 1280 1706 sex
1291 1669 1444 1720 ejusmodi
1455 1669 1536 1705 folia
1552 1670 1797 1719 conspiciantur-

403 1721 442 1754 ln
451 1721 533 1768 rapis
549 1731 590 1754 ex
603 1731 740 1768 utroque
753 1721 853 1756 latere
864 1720 982 1756 folium
993 1719 1077 1768 quafi
1088 1720 1288 1769 duplicatura
1298 1720 1525 1766 quadam,utin
1536 1732 1636 1767 grano
1650 1717 1716 1768 ipso
1726 1718 1796 1754 lobi

402 1779 496 1803 erant
508 1766 699 1817 dispositi‚fic
712 1770 948 1818 erumpit:adeo
962 1780 997 1805 ut
1008 1781 1045 1804 ea
1054 1769 1133 1804 folia
1146 1768 1286 1818 primum
1299 1769 1359 1804 sint
1370 1767 1532 1812 subrubra,
1544 1780 1613 1803 tum
1624 1768 1794 1812 virescant,

404 1820 479 1853 &in
488 1817 631 1864 amplum
641 1818 776 1865 spatium
786 1819 1038 1866 explicenturJn
1052 1817 1129 1853 faba
1140 1821 1304 1853 communi
1315 1818 1380 1852 haec
1390 1817 1469 1852 folia
1487 1830 1552 1852 non
1566 1816 1758 1865 assurgimus
1753 1818 1794 1851 ed

430 1866 514 1900 lunia
524 1865 576 1901 seu
588 1867 684 1902 caulis
699 1867 803 1902 statim
815 1869 832 1903 ὲ
841 1879 925 1902 terra
936 1869 1075 1914 erumpit
1086 1868 1192 1913 :quod
1203 1867 1267 1901 duo
1279 1868 1358 1900 rami
1371 1894 1382 1908 ‚
1398 1868 1451 1913 qui
1467 1865 1487 1900 ὲ
1499 1864 1638 1899 radicula
1653 1867 1686 1899 in
1697 1865 1792 1900 lobos

402 1878 589 1962 sparguntur
601 1943 610 1958 ,
627 1914 686 1950 sint
698 1915 884 1959 minusculi,
904 1928 941 1949 ac
950 1915 1055 1950 succus
1073 1927 1157 1962 pene
1167 1916 1297 1949 totusin
1309 1914 1451 1962 plumam
1461 1912 1564 1948 abeat.
1585 1916 1663 1949 Non
1677 1914 1792 1949 eadem

401 1963 449 1999 est
460 1964 591 1997 minoris
607 1962 691 1999 fabae
703 1966 785 1999 ratio
801 1977 809 1998 t
832 1976 908 2000 nam
922 1963 993 1999 lobi
1006 1965 1117 1999 eterra
1134 1962 1300 2012 affingunt.
1321 1966 1465 1998 Granum
1484 1964 1581 1997 tritici
1601 1961 1730 1998 mollius
1747 1963 1792 1999 est

400 2023 461 2046 nec
476 2010 546 2046 satis
557 2010 685 2048 firmum
700 2026 709 2048 ε
722 2013 808 2048 unde
818 2015 850 2048 in
860 2024 942 2048 terra
958 2011 1024 2060 ipsa
1035 2014 1248 2060 corrumpitur
1259 2041 1267 2056 ‚
1277 2014 1381 2048 necin
1399 2011 1530 2048 lobulos
1547 2011 1713 2048 dividitur.

432 2062 607 2108 Praecipuus
620 2061 783 2109 utriusque
797 2062 887 2111 hujus
903 2061 975 2097 folii
988 2064 1183 2110 emergentis
1193 2061 1264 2098 usus
1278 2062 1333 2105 est,
1347 2073 1384 2096 ut
1395 2063 1478 2110 parti
1493 2062 1642 2108 germinis
1658 2062 1790 2095 tenuio-

398 2108 472 2148 risit
486 2112 712 2147 munimento:
735 2111 777 2146 est
796 2115 883 2146 enim
898 2110 1035 2160 parsilla
1046 2123 1118 2158 quae
1130 2110 1238 2158 pluma
1255 2111 1392 2154 dicitur,
1411 2121 1541 2145 texturae
1565 2108 1731 2157 exquifitae.
1750 2113 1788 2145 In

399 2161 498 2197 tritici
507 2171 608 2208 grano
623 2189 635 2204 ‚
646 2159 792 2199 ubinulli
802 2159 870 2196 sunt
885 2159 971 2203 lobi,
994 2171 1140 2194 tenerum
1156 2160 1233 2194 illud
1249 2172 1360 2208 corpus
1369 2162 1401 2194 in
1414 2157 1481 2206 ipso
1493 2161 1578 2193 exitu
1587 2158 1670 2193 folio
1679 2171 1787 2193 mem-

397 2206 523 2245 braneo
537 2211 666 2257 tegitur.
686 2208 761 2244 Alia
771 2222 906 2258 quoque
914 2210 957 2244 est
967 2212 1000 2243 in
1016 2208 1105 2243 foliis
1120 2209 1237 2244 utilitas
1252 2239 1261 2254 ‚
1272 2210 1359 2256 quod
1377 2220 1448 2243 rore
1464 2219 1519 2242 aut
1531 2208 1639 2256 pluvia
1649 2206 1786 2255 perfusa,

396 2255 418 2292 s1
437 2257 524 2293 forte
547 2258 563 2294 ὲ
586 2259 693 2294 radice
710 2258 818 2294 succus
838 2260 962 2307 parcior
976 2257 1143 2303 ascendat,
1161 2258 1248 2296 hunc
1268 2257 1434 2308 supplent:
1453 2257 1538 2294 unde
1554 2263 1716 2305 &aquam
1729 2255 1784 2292 fe-

396 2317 431 2340 re
444 2318 478 2342 ut
491 2304 562 2344 vasa
577 2307 726 2346 nonnihil
738 2319 901 2356 excaan
915 2311 1094 2345 continent.
