1878 2724
487 118 851 158 TRACTATUS
899 119 1222 159 SECUNDUS.
1486 137 1512 159 υ

141 172 370 219 tiumexpets,
384 181 450 206 non
466 169 674 219 distinguitur
686 167 708 205 ὲ
723 181 758 204 re
775 167 926 218 spiritali:
955 169 1052 217 idque
1071 172 1215 207 maxime
1238 167 1260 205 si
1278 168 1355 204 illud
1375 139 1534 218 punfturii

139 221 212 270 plus
221 221 392 263 autminus
405 218 538 254 extendi
555 217 698 267 poffigut
713 220 746 253 in
764 218 980 254 :arefactione
1005 220 1168 267 contingit
1183 236 1191 263 ;
1208 217 1266 254 ubi
1279 219 1394 253 eadem
1413 221 1531 267 pumera

136 269 207 319 plus
221 267 284 304 loci
294 279 473 317 occupant,
487 268 778 316 &quodammodo
791 268 952 304 inflantur.
969 269 1058 303 Hinc
1072 267 1126 302 illa
1144 267 1303 304 sententia
1319 279 1390 314 quae
1408 271 1529 316 puncta

122 314 281 355 'inflantia
289 320 505 367 excogitavit,
524 328 607 365 pene
621 319 707 352 inter
722 318 860 365 ineptias
870 318 1002 352 evanuit
1015 345 1025 359 ,
1042 321 1076 354 δι
1089 315 1132 350 ab
1144 315 1300 352 omnibus
1312 316 1440 365 explosa
1451 317 1526 361 fuit,

133 368 222 416 quod
244 367 435 403 incredibile
480 365 581 401 rorsus
603 366 774 410 videatur,
795 367 881 402 idem
895 366 1050 414 puanum
1078 368 1219 413 partium
1234 367 1384 400 omnium
1408 378 1526 416 expers

132 416 214 452 adeo
225 416 312 466 poffe
326 380 537 452 intumelZere
554 427 590 450 ut
604 414 810 462 centuplum,
829 417 898 452 imo
915 420 949 453 &
965 413 1191 463 millecuplum
1202 413 1340 464 spatium
1357 426 1496 464 occupet
1514 431 1523 453 :

131 477 168 501 ut
184 465 260 502 cum
275 478 357 513 aqua
367 467 402 502 in
412 476 546 513 vapores
556 461 709 499 difflatur.
1525 472 1527 475 ⁴

169 515 257 562 Resp.
273 517 306 549 in
317 514 379 550 hoc
394 515 564 550 materiam
573 512 720 559 distingui
734 509 753 547 ὲ
762 521 874 547 natura
889 511 1042 560 spiritali,
1053 514 1143 560 quod
1152 512 1208 547 illa
1222 510 1257 547 sit
1270 512 1403 547 extensa
1415 515 1522 562 impe-

128 562 346 606 netrabiliter‚
357 563 426 599 haec
434 575 502 599 non
515 562 605 596 item.
624 560 753 596 Deinde
766 561 884 608 punem
894 560 1023 609 physica
1033 590 1043 604 ,
1063 561 1138 596 licet
1150 572 1188 596 ex
1203 559 1344 608 partibus
1356 573 1425 596 non
1438 575 1518 599 con-

127 612 291 657 stent‚suut
302 623 410 646 tamen
423 621 528 659 partes
539 609 787 656 continui‚quod
796 620 913 645 naturae
923 609 1058 659 spiritali
1068 623 1136 645 non
1149 611 1314 644 convenit.
1331 611 1452 645 Utrum
1462 624 1518 646 au-

126 673 194 698 tem
205 674 242 696 ea
252 662 370 709 puncta
380 659 512 695 extendi
520 657 653 707 poffinr,
666 670 724 694 aut
734 660 841 694 minus
850 658 915 694 loci
929 671 1089 707 occupare
1098 688 1107 702 ,
1125 670 1160 694 ut
1182 670 1297 694 eorum
1313 657 1427 693 formae
1446 664 1516 694 exi-

122 720 202 758 gunt
212 721 272 754 ·,an
283 708 346 744 alia
353 708 423 744 aliis
438 705 497 744 sint
513 713 634 756 majora
651 725 660 751 ·‚
674 706 774 743 solida
787 706 846 742 fint
855 737 865 752 ‚
880 721 921 744 an
932 707 1029 744 fluida
1040 737 1050 752 ,
1062 708 1127 744 haec
1136 707 1207 743 aliis
1217 707 1409 742 excutienda
1421 708 1517 744 relin-

120 760 335 806 quimus,cum
347 757 439 794 nullo
448 756 637 801 sensu,nulla
646 759 856 805 experientia,
864 757 953 793 nulla
965 759 1091 793 ratione
1101 768 1189 792 certa
1203 756 1374 804 dijudicari
1385 757 1513 805 possinr.

164 806 248 844 Illud
260 806 356 844 nobis
369 807 498 844 videtur
511 805 712 854 probabilius
722 818 760 841 ea
775 817 897 841 certam
910 812 944 844 &
953 807 1208 842 determinatam
1220 804 1340 842 habere
1351 818 1389 841 ex
1396 806 1513 842 tenfio-

120 868 195 892 nem
210 872 218 892 ;
237 869 310 892 cum
323 869 433 892 tamen
447 858 496 892 An
522 855 564 890 eli
579 854 666 890 suam
685 852 908 890 extenfionem
922 868 1039 904 augere
1052 854 1168 904 poffint
1181 867 1238 890 aut
1256 857 1413 892 minuere.
1431 857 1510 904 Jarn

121 903 178 940 ubi
196 906 237 940 de
249 909 395 942 materiae
408 870 633 940 divifibilitate
646 904 780 952 quaestio
799 906 933 939 vertitur
948 934 959 948 ,
979 904 1059 940 illud
1081 916 1236 952 tanquam
1257 915 1379 939 certum
1395 903 1510 953 suppo-

110 965 194 999 nere
204 968 270 991 non
284 954 458 998 debemus,
469 954 509 990 de
523 955 651 988 ratione
664 953 805 989 materiae
817 951 877 988 ess'e
893 982 902 997 ‚
913 965 949 990 ut
961 952 996 988 lit
1005 952 1187 989 divifibilis.
1201 954 1236 988 1d
1247 955 1336 988 enim
1352 952 1451 1001 ipsum
1461 955 1507 989 est

115 1004 204 1049 quod
222 1005 393 1051 quaeritur:
415 1001 468 1039 sed
479 1004 629 1052 principii
648 1002 721 1038 loco
745 1001 932 1038 sumendum
943 1033 953 1048 ,
970 1004 1059 1050 quod
1076 1001 1118 1038 ab
1139 1000 1292 1038 omnibus
1307 1003 1504 1039 conceditur.

115 1051 198 1087 Illud
209 1051 290 1088 vero
300 1054 444 1100 corporis
457 1080 467 1094 ,
477 1063 533 1086 aut
542 1054 657 1099 quanti
668 1053 802 1088 nomine
817 1050 861 1086 ab
871 1052 1024 1090 omnibus
1046 1051 1238 1102 intelligitur
1247 1080 1255 1095 ‚
1277 1052 1368 1099 quod
1390 1063 1504 1087 exten-

113 1098 236 1137 fionern
248 1100 368 1144 habet,
390 1113 443 1137 aut
459 1102 559 1149 exigit
570 1100 926 1148 impenetrabilitatem.

149 1150 212 1184 Sed
227 1178 238 1194 ,
255 1151 422 1197 inquiunt,
435 1148 455 1185 fi
468 1150 588 1198 punCta
603 1160 709 1198 partes
721 1148 844 1185 habent
855 1149 1009 1185 virtuales
1023 1177 1033 1192 ,
1045 1149 1165 1184 eoedem
1175 1146 1380 1184 difficultates
1396 1160 1503 1184 recur-

110 1201 204 1242 rent,
219 1210 299 1246 quas
313 1209 418 1247 partes
434 1202 467 1234 in
486 1196 650 1234 infinitum
662 1196 836 1233 divisibiles
855 1199 1020 1234 inducunt.

143 1247 232 1296 R‘ffi·
242 1259 293 1282 eas
303 1258 410 1296 partes
426 1251 459 1284 in
472 1248 595 1295 punito
607 1246 760 1281 virtuales
769 1247 920 1290 admitti,
931 1248 1009 1294 quia
1023 1245 1164 1282 extenfio
1177 1246 1369 1295 peffeffloss
1386 1249 1420 1282 ὅ(
1430 1259 1501 1295 per-

108 1294 229 1331 fectior
243 1298 280 1331 iis
291 1299 466 1332 convenire
484 1295 592 1345 potest
606 1313 615 1340 3
630 1307 667 1330 ac
678 1296 804 1344 punffis
822 1294 885 1330 loci
896 1294 1097 1339 minoribus,
1120 1301 1153 1333 δι
1170 1292 1350 1329 minoribus
1365 1305 1501 1344 compe-

107 1348 230 1381 netrari
240 1375 250 1389 ‚
260 1357 296 1380 ut
308 1345 483 1394 loquuntur
496 1374 505 1389 ‚
524 1351 557 1382 &
580 1343 784 1393 respondere.
798 1345 860 1380 Sed
876 1357 914 1380 ea
926 1374 934 1388 ‚
953 1356 987 1379 ut
998 1345 1135 1380 diximus
1150 1374 1160 1388 ‚
1177 1344 1224 1378 est
1240 1355 1366 1378 tanturn
1376 1355 1500 1380 conno-

108 1396 190 1428 tatio
204 1394 388 1430 extrinseca.
404 1397 524 1442 Neque
539 1395 659 1428 idcirco
678 1395 796 1441 punCta
815 1393 941 1442 physica
956 1406 1066 1441 partes
1081 1392 1187 1429 haben
1197 1404 1209 1427 t
1220 1422 1230 1437 ,
1253 1396 1301 1427 uti
1326 1392 1367 1426 de
1379 1403 1499 1429 exten-

107 1440 195 1479 fione
213 1443 360 1491 angelica
373 1443 436 1479 fuit
449 1442 662 1492 explicatum.
684 1445 753 1478 imo
767 1442 873 1478 schola
894 1442 995 1478 sanffl
1014 1442 1151 1478 Thomae
1163 1471 1172 1486 ‚
1189 1454 1262 1490 quae
1281 1442 1405 1475 animas
1422 1439 1497 1477 bru-

108 1501 214 1527 torum
228 1505 398 1541 corporeas
412 1491 639 1530 &materiales
649 1491 769 1536 statuit,
780 1490 908 1528 easdem
919 1494 1048 1540 penitus
1063 1490 1273 1527 indivisibiles
1291 1489 1352 1525 else
1363 1501 1498 1526 conten.

105 1540 160 1576 dit.
176 1543 226 1575 Sic
236 1543 344 1576 anima
353 1542 518 1577 rationalis
527 1543 589 1575 toti
598 1543 726 1588 corpori
737 1542 975 1583 coextenditur,
993 1541 1070 1577 licet
1084 1539 1120 1576 fit
1135 1543 1277 1589 partium
1289 1550 1420 1586 expers.

178 1591 242 1624 uod
252 1592 350 1624 etiam
360 1589 461 1624 solent
480 1601 650 1636 opponere
662 1600 712 1623 tot
727 1588 798 1623 fore
808 1590 926 1637 punsta
939 1591 972 1623 in
981 1592 1111 1626 minore
1124 1589 1245 1623 circulo
1254 1616 1263 1630 ‚
1281 1599 1365 1634 quot
1377 1589 1411 1621 in
1424 1601 1489 1623 ma-

99 1642 187 1685 jore.
198 1637 394 1674 Namfiduo
410 1639 516 1674 circuli
534 1637 576 1673 ab
592 1638 707 1672 eodem
725 1649 839 1672 centro
851 1635 1085 1681 describantur,
1103 1641 1137 1674 &
1157 1635 1199 1671 ab
1218 1649 1258 1670 eo
1275 1636 1368 1670 lineae
1380 1636 1420 1669 ad
1432 1635 1493 1671 fin-

102 1686 179 1734 gula
190 1689 448 1734 puanJJ'oris
457 1687 615 1721 ducantur
629 1715 637 1729 ‚
656 1686 702 1721 hae
722 1686 813 1721 lineae
825 1698 882 1734 per
896 1689 1056 1722 minorem
1076 1685 1231 1721 circulum
1250 1682 1425 1720 transibunt
1438 1688 1493 1720 in.

101 1735 242 1771 confusae
255 1764 264 1778 ‚
279 1741 312 1772 &
325 1735 494 1783 singulaein
504 1748 568 1770 uno
578 1737 698 1783 punito
709 1748 783 1770 eum
804 1733 960 1771 secabunt
983 1748 991 1769 ι
1007 1747 1084 1783 ergo
1099 1735 1238 1769 totidem
1260 1745 1354 1769 erunt
1370 1735 1492 1782 pundlu

88 1785 132 1818 in
148 1787 277 1820 minure
289 1784 409 1820 circulo
428 1814 438 1828 ‚
458 1795 542 1831 quot
554 1786 587 1819 in
598 1796 718 1832 magno
732 1814 741 1826 ‚
764 1784 851 1830 quod
866 1786 1001 1819 ommno
1021 1784 1068 1818 est
1085 1782 1269 1818 absurdum.

133 1833 223 1869 Idem
238 1834 363 1881 prorsus
371 1834 460 1881 quod
469 1833 623 1882 superiori
637 1833 678 1868 de
688 1831 811 1868 duabus
826 1832 918 1868 lineis
931 1832 1091 1881 parallelis
1111 1831 1293 1881 responsum
1307 1829 1390 1874 fuit,
1403 1843 1487 1866 nunc

99 1881 346 1930 regermpn'mo
358 1883 507 1931 negando
527 1881 741 1930 hypothcfirn.
761 1884 840 1918 Non
860 1880 986 1930 possunt
1005 1884 1092 1918 enim
1112 1892 1162 1916 tot
1180 1881 1271 1917 lineae
1289 1877 1424 1929 phyficae
1446 1879 1489 1914 ab

99 1931 218 1967 eodem
234 1933 358 1980 ριιηὲὶο
370 1933 451 1968 duci.
466 1932 597 1967 Deinde
615 1931 674 1967 illae
684 1932 773 1967 lineae
782 1929 936 1967 secabunt
952 1932 1115 1966 minorem
1132 1929 1288 1966 circulum
1302 1931 1335 1964 in
1345 1928 1486 1964 totidem

99 1981 224 2026 puniris
235 1980 468 2017 mathematice
479 2009 490 2025 ,
506 1983 544 2017 C.
554 1978 700 2029 physice,
723 1982 774 2017 N.
784 1979 1037 2017 confundentur
1054 1982 1141 2016 enirn
1159 1982 1192 2016 in
1210 1980 1331 2015 minori
1353 1977 1486 2021 circulo,

100 2037 138 2062 ut
153 2029 185 2062 in
204 2040 318 2064 centro
329 2029 511 2077 utriusque,
529 2029 638 2064 saltem
655 2031 865 2077 inadaeqnate.

129 2078 220 2114 Hinc
228 2089 359 2124 qnoque
369 2076 448 2113 solvi
459 2078 561 2127 potest
574 2079 818 2115 formidolosum
830 2079 908 2115 illud
918 2090 1144 2128 argumentum
1162 2107 1172 2121 ‚
1193 2080 1338 2126 corporis
1356 2087 1484 2112 motum

98 2124 300 2161 velociorem
309 2125 370 2162 effe
381 2155 391 2170 ,
411 2139 467 2163 aut
485 2127 658 2163 tardiorem
667 2141 734 2164 non
744 2126 831 2178 posse
852 2158 860 2173 ,
879 2127 935 2164 nisi
952 2140 1010 2177 per
1021 2130 1208 2176 interjectas
1225 2125 1364 2162 morulas
1382 2127 1484 2159 inter-

97 2173 255 2222 pelletur,
284 2187 340 2210 aut
372 2176 490 2211 eodem
509 2175 639 2211 instanti
661 2177 755 2224 plura-
768 2189 907 2227 occupet
923 2177 1004 2215 loca.
1025 2177 1270 2226 Namficorpus
1291 2186 1329 2209 ex
1354 2174 1481 2220 punitis

98 2221 176 2258 effet
199 2223 413 2270 compositum
433 2254 443 2268 ‚
463 2231 525 2273 jam
556 2224 730 2273 probatum
746 2227 767 2263 ἐι
791 2227 888 2264 nobis
909 2226 973 2262 fuit
986 2255 996 2270 ,
1032 2226 1207 2274 quodlibet
1236 2224 1391 2272 pun6lum
1416 2234 1482 2255 non

97 2272 183 2318 poise
194 2272 343 2320 quolibet
375 2275 500 2309 instanti
525 2276 627 2309 minus
652 2273 714 2309 loci
736 2278 922 2322 acquirere,
959 2275 1057 2324 quam
1071 2289 1169 2310 unum
1189 2273 1302 2308 itidem
1323 2271 1386 2305 loci
1398 2282 1480 2318 pun-

98 2322 193 2357 &um
215 2324 276 2357 Sed
297 2335 404 2370 neque
417 2326 463 2360 ita
475 2322 630 2359 velociter
645 2321 722 2358 ferri
732 2325 838 2371 potest
858 2327 936 2360 utin
954 2325 1084 2359 instanti
1095 2324 1165 2372 plus
1177 2320 1277 2370 quani
1291 2328 1390 2355 unum
1401 2331 1480 2366 puri-

98 2369 184 2405 &um
196 2369 258 2405 loci
271 2372 438 2408 decurtat:
456 2371 510 2408 nisi
520 2371 610 2407 simul
629 2378 662 2410 &
677 2374 794 2409 eodem
817 2374 942 2409 instanti
960 2372 995 2408 sit
1016 2374 1046 2407 in
1059 2371 1200 2421 pluribus
1214 2370 1291 2404 locis
1307 2384 1314 2405 :
1331 2380 1406 2417 ergo
1422 2379 1482 2402 ne:

1225 2421 1249 2454 r>
1286 2420 1321 2465 iq
