1878 2724
401 132 476 166 404
720 113 973 153 PHYS'ICAE
1020 114 1158 151 PARS
1208 113 1504 153 SECUNDA.

399 181 435 204 ut
448 172 480 203 in
498 165 702 202 metallorum
716 163 1026 207 calcibus‚fixitatem
1036 163 1136 199 efficit
1148 193 1157 207 ,
1175 169 1208 200 &
1218 163 1322 200 obstat
1330 169 1504 213 quominus
1514 164 1630 201 sursum
1646 163 1780 202 efferan-
1826 158 1828 162 ¹
1870 202 1874 209 h

399 229 457 252 tur.
478 218 611 257 Tertio,
625 215 763 260 partium
779 212 877 261 figura
896 214 940 247 ita
961 212 1137 261 disponitur
1149 241 1158 255 ,
1171 224 1206 247 ut
1223 214 1353 248 ramulis
1365 243 1375 257 ‚
1392 214 1445 249 vel
1463 214 1597 250 hamulis
1608 244 1617 258 ,
1637 226 1694 249 aut
1710 214 1778 250 aliis
1826 248 1827 251 ,

397 261 706 312 configurationibus
722 274 835 297 mutuo
847 261 1067 309 implicentur,
1080 273 1137 296 aut
1154 261 1240 296 forte
1253 263 1464 311 complanatis
1475 262 1701 312 superficiebus
1712 292 1721 307 ‚
1732 263 1779 298 fe·
1826 280 1829 306 χ
1871 258 1876 274 ³

399 325 433 347 re
447 324 483 346 ut
495 314 559 346 duo
573 310 674 359 polita
684 323 844 345 marmora
853 312 969 346 aretius
983 310 1040 345 fibi
1051 311 1249 354 cohaereant,
1262 324 1321 345 nec
1337 311 1469 359 separari
1479 312 1572 347 facile
1590 311 1714 361 posiliit.
1733 314 1779 348 Ac
1826 321 1828 346 ἵ
1867 325 1872 332 ’

399 361 476 408 saepe
493 362 574 409 ignis
594 359 659 407 ipse
677 360 760 394 hanc
769 358 981 394 cohaefionem
1000 357 1097 393 efficit
1111 388 1119 400 ,
1135 360 1211 394 dum
1228 372 1336 408 partes
1354 373 1522 408 corporum
1536 359 1575 395 sie
1592 364 1721 405 atterit,
1743 373 1779 396 ut
1826 357 1827 362 ¹
1866 378 1878 389 u

399 409 578 457 superficies
597 421 710 444 eorum
722 410 822 457 magis
841 407 1062 456 complanatas
1083 406 1200 442 efficiat
1212 423 1220 444 :
1232 421 1298 443 non
1308 408 1399 443 aliter
1409 410 1478 444 fere
1496 422 1533 444 ac
1545 412 1625 445 vitra
1636 411 1714 445 dum
1726 421 1780 444 ex·
1828 434 1830 436 v
1877 425 1878 431 ¹

399 458 564 505 poliuntur
576 486 584 501 ‚
604 459 690 506 typis
708 457 764 492 suis
779 460 824 492 ita
835 455 1070 500 adhaerescunt,
1083 469 1119 491 ut
1131 459 1182 491 vix
1194 456 1235 491 ab
1251 459 1288 491 iis
1299 458 1411 493 divelli
1425 470 1555 505 queant.
1569 461 1621 493 Sic
1632 461 1782 498 minium,

394 503 453 542 seu
464 507 533 542 calx
543 505 690 555 plumbi,
704 511 737 543 &
750 505 819 540 aliae
831 506 1002 540 metallicae
1011 505 1113 540 calces
1125 516 1213 540 certo
1231 508 1311 554 ignis
1328 507 1426 555 gradu
1440 510 1475 542 in
1495 513 1617 556 majora
1631 520 1726 555 grana
1747 513 1781 544 ὃς

398 555 600 604 splendentia
619 555 717 589 instar
732 555 1012 603 lithargyriaureae
1024 554 1210 589 coalescunt·
1234 557 1324 590 Hinc
1340 555 1398 589 ubi
1417 555 1587 604 plumbum
1613 558 1645 591 in
1662 559 1781 592 vitrum

396 607 598 639 convertitur
609 633 619 647 ‚
630 615 734 652 partes
747 603 829 638 illius
850 605 945 639 laeves
959 603 1041 638 fiunt
1050 609 1082 640 &
1092 603 1200 652 politae
1211 632 1220 647 ‚
1233 609 1266 640 &
1281 602 1338 638 fibi
1347 615 1458 639 mutuo
1481 607 1596 640 atfflus
1609 604 1782 643 cohaerent.

397 655 478 689 Non
495 652 634 688 diffimili
647 655 772 688 ratione
781 654 951 687 mercurius
964 652 1036 688 vase
1047 651 1175 687 occluso
1185 655 1251 701 igni
1266 656 1437 688 moderato
1452 665 1507 701 per
1526 654 1576 688 sex
1587 665 1640 688 aut
1658 653 1782 702 septem

397 701 620 738 hebdomadas
631 701 790 748 expositus
802 730 812 743 ‚
822 704 854 738 in
871 701 1004 736 rubrum
1015 700 1086 736 abit
1106 701 1271 750 pulverem
1281 730 1290 744 ,
1304 714 1404 748 quem
1428 705 1658 750 praecipitatum
1679 714 1737 750 per
1751 702 1783 738 se

399 763 520 785 vocant
533 780 542 795 ,
556 750 660 785 multo
671 750 928 798 fixioreiwqtiam
941 761 1010 785 erat
1033 761 1128 785 antea
1142 751 1249 797 :quod
1266 749 1348 785 illius
1369 751 1531 798 particulae
1545 752 1607 786 huc
1621 750 1697 785 illuc
1711 754 1782 800 agi-

397 811 470 834 tatae
483 800 613 834 tandem
626 798 683 834 sibi
702 810 818 835 mutuo
830 799 1111 835 adhaerescantxvix
1131 801 1218 834 enim
1228 799 1393 847 pristinam
1403 798 1595 835 fluiditatem
1608 812 1782 848 recuperat.

436 851 504 883 Res
522 851 622 883 etiam
637 848 674 883 fit
695 848 789 883 fixior
800 860 871 882 curn
885 859 990 896 partes
1018 847 1167 882 volatiles
1187 853 1221 884 δε
1243 847 1389 896 fugitivae
1410 848 1566 894 avolant3
1584 860 1638 884 aut
1658 861 1782 884 meatus

396 900 539 946 corporis
551 897 704 932 solidiore
719 899 852 931 materia
866 896 1058 944 opplentur3
1072 908 1126 931 aut
1158 907 1241 930 artes
1256 899 1340 931 inter
1352 896 1382 930 se
1392 900 1493 946 magis
1504 910 1602 945 quam
1615 910 1712 933 antea
1724 899 1783 932 de-

395 949 591 983 vinciuntur.
605 948 658 980 Sic
670 946 792 994 spiritus
807 947 882 980 nitri
890 945 960 980 satis
971 944 1115 981 volatilis
1130 910 1184 979 gili
1196 944 1261 983 fixo
1272 944 1385 980 affusus
1395 974 1405 988 ,
1427 957 1483 980 aut
1497 959 1571 981 cum
1594 959 1730 982 aroento
1750 949 1783 982 in

398 1007 482 1042 aqua
498 994 577 1029 forti
607 997 641 1029 in
670 993 835 1043 crystallos
849 1005 1017 1029 concretus
1032 996 1085 1028 vix
1097 993 1217 1030 avolat.
1234 996 1287 1028 Sic
1307 992 1430 1042 spiritus
1448 994 1516 1029 salis
1533 977 1654 1030 nitroso
1669 996 1782 1031 itidem
1822 1014 1823 1018 =

394 1042 497 1080 sali&
510 1042 574 1078 fixo
586 1043 739 1078 admistus
748 1045 802 1077 vix
819 1042 971 1090 ulloigne
987 1041 1146 1090 separatur
1165 1055 1174 1077 t
1193 1043 1277 1077 adeo
1296 1043 1404 1077 stricto
1427 1056 1509 1078 nexu
1527 1056 1632 1091 partes
1652 1046 1734 1079 inter
1753 1044 1784 1079 se

396 1092 623 1127 devinciuntur
635 1122 645 1136 ‚
669 1104 707 1126 ut
728 1090 838 1126 divelli
859 1104 926 1126 non
941 1090 1068 1139 poffint.
1093 1091 1194 1138 Qod
1209 1103 1330 1126 vocant
1347 1094 1521 1127 antimonii
1543 1091 1714 1141 butyrum,
1729 1092 1784 1128 vel

398 1140 508 1176 oleum
520 1169 530 1184 ,
562 1140 674 1188 spiritu
693 1142 772 1176 nitri
798 1142 832 1175 in
865 1139 977 1176 album
1005 1139 1172 1189 pulverem
1184 1168 1194 1183 ‚
1225 1145 1259 1177 &
1281 1142 1326 1175 ita
1357 1139 1455 1175 fixum
1485 1144 1701 1190 praecipitatur
1711 1170 1720 1185 ,
1747 1153 1783 1177 ut

398 1192 432 1224 in
455 1188 621 1224 crucibulo
657 1202 714 1237 per
738 1188 856 1224 multas
880 1189 973 1224 horas
998 1188 1149 1223 calcinari
1170 1187 1264 1235 posfit
1287 1202 1294 1224 :
1331 1195 1366 1226 &
1405 1201 1516 1225 tamen
1548 1189 1648 1226 ambo
1673 1190 1783 1238 liquo-

400 1250 451 1272 res
481 1237 651 1286 separatim
678 1249 772 1273 erant
782 1236 943 1273 volatiles,
972 1239 1025 1272 Sic
1043 1236 1138 1271 flores
1163 1237 1310 1280 sulfuris*³
1338 1243 1373 1274 δε
1399 1236 1440 1272 sal
1456 1242 1656 1274 armoniacus
1668 1241 1784 1287 exqui-

399 1285 455 1321 fite
471 1289 562 1321 tritus
578 1285 668 1321 simul
681 1286 852 1330 commisti,
874 1292 907 1324 &
925 1298 974 1321 ter
987 1296 1043 1320 aut
1058 1296 1173 1332 quater
1191 1285 1234 1320 ab
1252 1286 1451 1334 hydrargyro
1464 1315 1474 1329 ‚
1503 1292 1587 1335 cujus
1602 1289 1726 1336 pondus
1748 1287 1784 1324 fit.

400 1336 571 1370 dimidium
591 1335 673 1370 illius
696 1337 842 1380 misturae,
858 1335 1032 1378 sublimati,
1056 1334 1287 1383 hydrargyrum
1306 1334 1408 1383 specie
1431 1335 1573 1383 pulveris
1586 1339 1734 1385 purpurei
1750 1339 1784 1373 in

400 1384 505 1419 fundo
517 1383 594 1418 vasis
604 1383 791 1431 relinquunt
808 1387 889 1419 adeo
904 1383 1021 1426 fixum,
1037 1394 1072 1418 ut
1092 1385 1144 1417 vix
1159 1383 1251 1418 fundi
1269 1396 1367 1431 queat
1380 1402 1390 1428 ·,
1405 1389 1438 1420 &
1457 1396 1572 1420 'tamen
1588 1386 1652 1420 haec
1670 1387 1782 1421 omnia

401 1431 472 1468 sunt
484 1432 630 1467 volatilia
640 1461 649 1475 ,
669 1446 739 1480 quae
752 1433 838 1469 simul
852 1435 959 1482 junEta
972 1463 981 1477 ,
995 1442 1069 1480 apta
1083 1434 1220 1479 partium
1234 1432 1492 1480 configuratione
1509 1445 1577 1468 rem
1589 1435 1673 1469 adeo
1687 1433 1783 1470 fixam

401 1493 582 1529 procreant.
607 1482 716 1517 Multa
727 1485 761 1519 in
776 1484 858 1519 hanc
873 1496 942 1518 rem
955 1482 1044 1518 addit
1055 1483 1114 1516 Vir
1125 1479 1236 1517 clariis.
1257 1483 1320 1517 Sed
1329 1481 1393 1517 alio
1409 1483 1617 1530 pergendum.

915 1580 946 1615 C
969 1582 1001 1616 A
1025 1584 1049 1617 P
1074 1582 1108 1619 U
1131 1583 1162 1616 T
1217 1583 1288 1617 111.

947 1678 1002 1712 De
1011 1679 1113 1724 fitccis
1138 1679 1251 1724 oleosts.

444 1778 529 1813 Nter
544 1776 663 1813 foffilia
687 1790 755 1814 non
770 1774 917 1812 infimum
936 1785 1051 1812 tenent
1068 1777 1175 1812 locum
1205 1775 1329 1810 sulfurei
1353 1781 1386 1812 &
1402 1776 1588 1812 bituminosi
1605 1777 1705 1821 succi,
1727 1777 1784 1826 qui

445 1839 557 1860 omnes
571 1839 609 1860 ex
620 1839 701 1873 aqua
711 1855 720 1868 ‚
738 1826 801 1860 sale
815 1854 823 1867 ,
838 1830 870 1860 &
882 1823 988 1858 subtili
1000 1835 1082 1859 terra
1097 1827 1254 1873 prodiere.
1275 1823 1431 1859 Craffiora
1445 1828 1564 1873 quippe
1581 1828 1761 1874 plantarum
1772 1855 1782 1869 ‚

403 1881 437 1911 ἃ
451 1874 646 1908 bituminosa
663 1875 736 1908 olea
751 1873 868 1906 crebris
885 1871 1140 1908 distillationibus
1154 1877 1186 1907 in
1209 1871 1276 1906 haec
1290 1871 1424 1916 resolvi,
1437 1878 1499 1921 jam
1518 1877 1553 1908 in
1571 1874 1700 1923 Phyfica
1725 1887 1782 1922 ge-

404 1922 504 1957 nerali
515 1923 702 1957 diximuszac
713 1921 809 1955 facile
820 1921 940 1954 accedo
952 1922 997 1957 D.
1009 1922 1051 1955 du
1065 1922 1138 1955 Clos
1150 1934 1198 1956 res
1209 1932 1323 1954 omnes
1333 1920 1580 1957 inflammabsses
1592 1936 1631 1957 ex
1644 1926 1681 1957 iis
1694 1927 1783 1971 prin-

403 1973 494 2018 cipiis
507 1971 652 2005 constare
664 1999 673 2013 ‚
688 1974 719 2004 in
737 1982 774 2003 ea
787 1981 843 2016 per
853 1981 1030 2004 extremam
1045 1969 1196 2017 analysnn
1205 1968 1329 2004 dissolvi
1346 1986 1354 2012 ·,
1371 1981 1404 2004 ut
1414 1981 1488 2005 ante
1499 1971 1627 2018 aliquot
1635 1984 1735 2007 annos
1746 1973 1782 2006 in

405 2020 580 2055 Academia
593 2021 697 2066 Regia
715 2018 1028 2065 praestititindustrius
1045 2023 1076 2054 &
1090 2021 1121 2053 in
1140 2019 1281 2068 Chymia
1299 2018 1520 2054 versatissimus
1537 2021 1580 2056 D.
1595 2019 1781 2056 Bourdelin.

405 2068 487 2103 illud
507 2079 639 2115 quoque
652 2068 746 2102 facile
763 2067 938 2101 concedam
956 2066 1009 2101 vel
1025 2066 1219 2114 purislimum
1235 2070 1303 2103 vini
1317 2066 1459 2116 spiritum
1472 2080 1510 2103 ex
1526 2070 1564 2102 iis
1586 2069 1782 2112 coalescere,

405 2122 440 2154 δέ
457 2119 490 2152 in
501 2129 616 2163 aquarn
627 2129 742 2165 magna
762 2114 806 2150 sui
819 2128 908 2163 parte
926 2114 1049 2150 dissolvi
1063 2132 1071 2157 ς
1085 2114 1180 2151 salem
1200 2116 1351 2152 nitrosum
1371 2123 1404 2154 &
1423 2115 1590 2151 volatilem
1612 2120 1643 2152 in
1665 2129 1705 2152 eo
1722 2118 1781 2152 do-

406 2168 544 2207 minari,
570 2167 617 2200 uti
644 2167 676 2200 in
693 2165 772 2200 oleis
791 2164 956 2200 omnibus,
980 2167 1018 2199 In
1039 2163 1157 2199 sulfure
1181 2166 1224 2200 est
1241 2165 1326 2200 forte
1342 2165 1383 2200 sal
1408 2167 1534 2208 acidus,
1562 2165 1613 2200 sed
1639 2167 1678 2200 ad
1705 2167 1781 2201 inti-

405 2228 493 2249 mam
505 2213 589 2249 illius
601 2225 746 2249 naturam
757 2226 821 2248 non
834 2215 971 2261 pertinet
986 2242 995 2255 ‚
1011 2213 1148 2249 &facile
1159 2213 1200 2248 ab
1214 2227 1254 2248 eo
1265 2214 1433 2262 separatur.

442 2265 517 2299 Hoc
535 2265 645 2311 utique
663 2276 702 2297 ex
717 2261 874 2298 artificiali
890 2263 990 2308 adipis
1013 2264 1224 2309 generatione
1244 2275 1340 2310 quam
1364 2263 1479 2297 doctor
1494 2264 1647 2296 Grevvin
1661 2261 1779 2297 Differ-

409 2314 532 2347 tatione
555 2312 595 2347 de
624 2314 781 2347 mixtione
806 2323 841 2346 ut
861 2310 881 2346 ἓι
900 2310 929 2345 se
949 2310 1069 2345 fastam
1096 2323 1352 2353 commemorat,
1379 2324 1445 2346 non
1471 2312 1677 2346 mediocriter
1701 2323 1782 2344 con-

409 2360 559 2395 firmatur.
592 2360 715 2397 Oleum
734 2373 774 2397 ex
796 2360 889 2408 olivis
916 2358 1089 2407 expreffum
1112 2372 1183 2394 cum
1204 2359 1310 2408 spiritu
1330 2361 1403 2396 nitri
1424 2372 1480 2408 per
1503 2359 1630 2408 aliquot
1648 2359 1714 2392 dies
1733 2359 1780 2392 di-
