1878 2724
563 141 704 177 PARS
740 142 967 182 TERTIA.
1438 161 1467 182 u

80 191 240 240 so‘judicio
250 200 483 239 pervertuntur·
502 189 628 226 Verum
644 191 714 226 sunt
727 191 783 227 alii
799 192 954 237 affectus,
982 195 1041 242 qui
1057 193 1226 243 phantafiae
1246 199 1279 233 &
1302 165 1467 232 mernor-fia:

79 243 166 277 aetus
179 243 223 275 ita
231 239 430 275 conturbant
441 268 451 283 ‚
471 252 506 274 ιιι
519 252 608 276 mens
623 253 690 276 non
703 239 761 275 fibi
776 243 898 278 constet
914 271 924 286 ‚
945 242 1042 279 sedin
1060 244 1268 279 transversum
1278 247 1330 294 agi
1348 245 1465 279 videa-

78 300 141 326 tut.
153 290 237 324 Cum
255 289 384 323 morbus
404 288 506 323 levior
521 290 564 324 est
574 318 584 332 ,
601 294 634 326 &
644 302 708 325 non
720 291 897 326 admodum
908 292 1072 328 diuturnus
1086 321 1096 336 ,
1113 293 1262 328 delirium
1271 293 1463 342 appellatur:

77 351 152 374 cum
167 340 254 373 enim
271 336 395 386 spiritus
405 340 486 372 intra
496 338 564 373 suos
577 338 688 374 dustus
697 367 707 383 ‚
722 351 778 374 aut
795 339 918 376 orbitas
935 343 969 377 in
980 342 1132 376 ordinem
1145 342 1258 391 digesti
1274 354 1464 386 moventur,

77 397 146 422 tum
158 398 247 422 mens
263 398 302 421 ex
313 389 406 421 certis
413 386 536 422 cerebri
549 388 686 436 vestigiis
701 388 860 425 diffinitas
872 402 1003 438 quoque
1025 403 1130 426 rerum
1150 387 1308 440 imagines
1332 389 1464 440 effingit.

76 436 123 470 At
135 434 155 470 fi
165 435 250 472 forte
265 435 347 470 ordo
357 435 412 470 ille
421 434 442 471 ὲ.
453 447 565 470 natura
579 437 761 472 constitutus
770 438 978 485 perturbetur
987 466 997 482 ,
1012 451 1049 474 ac
1062 439 1187 488 spiritus
1199 439 1260 474 huc
1273 439 1348 474 illuc
1359 452 1465 475 teme-

73 496 110 531 re
124 496 277 534 agantur,
294 496 361 520 tum
370 497 408 519 ex
425 484 479 519 illa
495 484 660 533 spirituum
678 485 930 523 conturbatione
940 486 1089 522 absurdas
1107 491 1321 537 cogitationes
1334 517 1343 532 ,
1361 494 1396 526 ὃ(
1413 491 1465 525 in-

71 535 253 569 concinnos
269 545 373 569 motus
385 535 461 568 oriri
470 531 593 568 necesse
612 535 663 569 est.
683 537 773 571 Nam
785 564 795 579 ‚
813 548 849 572 ut
864 535 944 585 saepe
957 537 1092 572 diximus
1104 566 1114 582 ,
1131 537 1211 572 eale
1238 550 1254 572 e
1270 540 1394 573 animus
1410 541 1460 573 vi-

73 581 167 617 derur
178 581 238 617 effe
247 595 321 618 cum
332 595 466 631 corpore
478 584 665 631 conjunCtus
680 612 691 627 ‚
706 595 743 618 ut
750 596 852 620 certas
866 584 1032 634 spirituum
1045 615 1055 630 ,
1075 598 1132 621 aut
1142 551 1267 621 tercii-i
1280 585 1461 635 impressio-

69 642 149 674 nes,
164 643 257 666 certae
268 632 383 667 itidem
401 635 646 680 perceptiones,
671 644 727 668 aut
744 633 928 670 voluntates
942 662 953 678 ,
978 647 1016 670 ac
1031 633 1167 670 vicissim
1188 634 1344 683 quosdam
1358 637 1461 671 animi

71 691 168 716 nutus
185 709 195 723 ,
217 693 272 715 aut
287 681 405 730 Judicia
419 680 579 730 spirituum
592 681 798 717 determinati
812 695 917 719 motus
927 683 1161 732 consequantur
1175 699 1182 720 :
1199 684 1292 720 [euin
1305 683 1460 720 facultate

72 728 225 774 animali,
240 741 295 764 aut
311 729 453 765 sensuum
466 732 653 765 interiorum
664 729 755 775 sede,
773 731 827 767 seu
842 735 873 768 in
887 744 977 782 parte
989 733 1095 781 aliqua
1108 732 1233 769 cerebri
1249 733 1341 768 velut
1361 735 1394 768 in
1407 745 1463 768 re-

71 777 137 826 gali
151 776 230 813 solio
240 780 349 814 anima
364 777 494 814 insideat
507 808 517 823 ,
535 790 632 826 atque
647 779 722 815 hinc
735 792 840 816 totum
855 794 968 830 corpus
981 793 1093 831 regat,
1114 787 1149 819 δε
1161 783 1358 818 moderetur.

93 827 207 874 Qare
217 838 257 862 ex
270 826 569 878 ipsavertigine‚aut
580 827 736 864 scotomia
749 830 915 866 manifeste
923 830 1085 879 colligitur
1096 832 1248 882 judicium
1265 833 1384 866 mentis
1398 828 1460 866 effe

68 876 223 922 quiddam
244 876 265 912 ὀ,
283 876 347 912 sola
361 878 595 926 imaginatione
609 876 763 913 secretum
775 892 785 914 ε
800 891 873 914 cum
887 880 957 914 huic
967 882 1078 914 omnia
1090 882 1261 929 circumagi
1274 881 1459 923 videantur,

68 922 168 959 illaeso
179 929 295 961 mentis
300 926 430 973 judicio.
452 929 495 962 Ex
510 925 643 968 delirio,
660 932 693 964 &
708 926 821 962 insanis
831 926 998 964 affectibus
1012 927 1218 965 atetiffimum
1231 927 1292 964 esse
1303 930 1461 977 corporis,

68 977 104 1016 &
117 974 214 1009 animi
225 986 344 1010 nexum
357 1002 367 1018 ,
385 980 419 1012 &
437 977 553 1010 vitiato
563 986 685 1024 organo
699 975 881 1014 functiones
894 979 997 1014 animi
1012 979 1067 1013 vix
1079 980 1231 1028 integraS‚
1244 983 1279 1016 δι
1290 978 1377 1014 sanas
1389 979 1459 1012 exi-

69 1023 150 1066 stere
159 1024 296 1059 omnino
308 1023 488 1061 conficitur.
739 1029 744 1031 ’

115 1070 194 1106 Illud
211 1084 342 1120 quoque
358 1086 424 1108 non
437 1071 591 1109 abhorret
608 1072 628 1110 ὲ
641 1085 719 1109 vero
730 1075 764 1110 in
779 1074 964 1123 phrenitide
976 1085 1045 1122 qua:
1062 1073 1186 1124 semper
1209 1074 1251 1109 est
1264 1087 1338 1110 cum
1362 1073 1456 1110 febre

68 1121 237 1168 conjuanz
250 1149 261 1165 ,
282 1121 404 1170 spiritus
417 1120 610 1158 inflammari
621 1140 631 1167 3
641 1125 673 1158 in
686 1123 900 1159 melancholia
910 1123 1073 1171 liquorem
1085 1123 1176 1158 illum
1192 1123 1326 1158 vitalem
1336 1129 1370 1161 &
1380 1135 1455 1159 ner-

68 1169 179 1205 vosum
192 1198 201 1212 ‚
225 1172 281 1218 qui
297 1171 420 1219 spiritus
434 1175 599 1216 continet,
609 1184 651 1207 ne
662 1171 681 1207 ὲ
692 1171 876 1208 seinvicem
887 1172 1030 1208 distraeh
1046 1171 1209 1208 sentientis
1223 1175 1337 1208 animae
1346 1175 1458 1207 conti-

67 1220 230 1253 nuitatem
245 1217 441 1267 abrumpant
455 1249 465 1264 ‚
487 1221 673 1256 aciditatem
690 1222 854 1267 quandam
867 1250 876 1264 ‚
890 1220 994 1268 qualis
1006 1221 1052 1255 est
1064 1223 1096 1255 in
1107 1232 1201 1255 aceto
1213 1249 1222 1264 ‚
1244 1220 1456 1264 contraxille5

67 1267 102 1306 in
116 1270 220 1304 mania
231 1280 338 1303 acrem
351 1267 439 1313 fieri;
452 1271 484 1305 in
496 1268 611 1305 morosi
620 1281 690 1317 quae
706 1269 841 1305 hebetes
857 1275 889 1307 &
902 1269 1030 1305 stolidos
1041 1266 1157 1314 efficit,
1171 1268 1375 1318 vappescere.
1390 1272 1455 1305 Sae-

67 1328 110 1364 pe
121 1315 283 1352 fermenta
292 1317 440 1364 quaedam
453 1330 615 1354 venenata
624 1318 836 1355 &nervosum
849 1318 974 1354 succum
986 1318 1148 1363 inficiunt,
1165 1324 1199 1356 ὅ(
1211 1319 1365 1354 insaniam
1377 1331 1454 1368 pro-

66 1377 200 1402 creant:
215 1377 250 1401 ιιι
259 1366 365 1401 rabidi
374 1370 458 1401 canis
472 1368 590 1402 morsus
603 1382 613 1411 3
631 1379 729 1415 prava
737 1368 901 1403 interdum
915 1370 1017 1404 vietus
1033 1370 1125 1412 ratio,
1136 1379 1171 1402 ut
1181 1369 1214 1403 in
1223 1381 1340 1416 magna
1349 1380 1456 1403 auno-

67 1426 116 1450 nae
134 1417 266 1450 caritate
279 1444 288 1459 ,
306 1428 380 1451 cum
391 1415 470 1450 cibis
481 1419 585 1465 pravis
599 1428 753 1464 pauperes
770 1416 854 1452 vesci
869 1428 1025 1466 coguntur
1037 1434 1047 1461 3
1059 1419 1168 1466 magni
1179 1416 1353 1465 aliquando
1364 1416 1454 1451 ulce-

66 1466 108 1498 ris
121 1461 292 1513 suppreffio
303 1493 313 1509 ,
328 1477 400 1500 acre
409 1494 418 1509 ‚
430 1471 464 1503 ὃς
476 1465 613 1502 calidum
627 1477 921 1514 temperamentum
932 1495 941 1511 ,
955 1478 1062 1502 mores
1077 1466 1232 1503 indomiti
1244 1466 1285 1501 ad
1299 1465 1454 1501 insaniam

66 1512 245 1561 disponunt.

77 1603 83 1606 ,
106 1563 237 1598 Contra
250 1561 372 1610 sanguis
383 1561 510 1597 effoems
533 1563 655 1612 spiritus
667 1564 780 1599 itidem
792 1564 948 1612 vappidos
961 1568 996 1600 &
1009 1564 1127 1599 inertes
1136 1565 1243 1621 gignit
1255 1577 1264 1600 :
1276 1562 1352 1598 hinc
1367 1563 1453 1599 stoli-

67 1611 149 1646 ditas
185 1614 218 1646 in
255 1610 389 1645 cerebro
406 1610 575 1658 praesertim
599 1612 684 1647 male
713 1612 934 1647 conformato.
962 1614 999 1647 ln
1028 1611 1091 1647 hoc
1119 1625 1199 1648 vero
1234 1611 1320 1647 stulti
1349 1612 1369 1648 ὲ
1400 1613 1451 1647 fa„

64 1657 129 1695 ruis
153 1661 303 1695 videntur
341 1658 469 1696 differre
490 1690 499 1704 ‚
526 1662 614 1707 quod
642 1660 688 1696 illi
714 1660 786 1695 satis
817 1660 901 1696 bene
922 1666 956 1698 &
975 1659 1124 1696 celeriter
1157 1663 1341 1709 concipiant
1359 1690 1369 1705 ‚
1396 1660 1452 1696 sed

64 1709 152 1745 ¹male
197 1710 338 1754 judicent
359 1737 368 1751 ,
400 1715 436 1746 &
471 1709 601 1756 pessime
630 1712 861 1745 ratiocinemur
897 1725 906 1747 t
948 1709 1032 1744 fatui
1057 1709 1137 1745 vero
1160 1722 1267 1757 neque
1302 1722 1350 1745 res
1378 1722 1451 1758 per-

67 1761 192 1806 cipiunt
215 1786 225 1801 ,
266 1770 373 1804 neque
400 1759 486 1793 ideas
513 1771 588 1806 apte
619 1763 831 1807 conjungunt.
861 1762 898 1794 In
921 1758 984 1794 illis
1007 1756 1132 1806 spiritus
1165 1758 1342 1806 aliquando
1376 1759 1450 1794 satis

65 1808 166 1856 agiles
184 1806 274 1851 sunt3
295 1805 348 1843 sed
363 1810 464 1842 minus
489 1806 546 1843 fibi
565 1808 748 1851 cohaerent3
763 1820 825 1843 nec
839 1809 993 1843 coi-:stanti
1009 1819 1101 1842 motu
1111 1820 1166 1855 per
1178 1805 1346 1843 cerebrum
1356 1808 1451 1843 defe-

60 1868 174 1901 vtuntur
195 1871 202 1892 :
229 1855 399 1891 desultorie
416 1869 539 1892 tantum
560 1862 594 1894 ὃς
623 1857 810 1905 perturbate
842 1857 1008 1892 breviores
1038 1857 1163 1892 cerebri
1184 1856 1300 1891 :taetus
1326 1869 1452 1904 percur-

63 1918 148 1946 runt.
163 1908 200 1941 In
216 1905 309 1941 fatuis
318 1904 442 1953 spiritus
452 1907 536 1942 adeo
552 1904 623 1942 sunt
632 1906 768 1942 hebetes
777 1935 787 1951 ‚
802 1912 836 1943 &
849 1907 948 1950 tardi,
961 1916 998 1940 ut
1011 1904 1130 1941 nullam
1143 1917 1226 1953 pene
1244 1904 1448 1942 fiinfflonem

60 1957 125 1990 rite
138 1966 281 1990 exerant.
292 1956 400 2001 Atque
409 1956 478 1991 haec
487 1955 637 1990 stoliditas
647 1954 776 1990 solertes
787 1957 983 2003 quandoque
997 1958 1030 1992 δε
1041 1953 1220 2003 ingeniosos
1230 1952 1329 1990 afficit
1341 1955 1451 2003 :quod

63 2003 188 2052 sanguis
207 2015 246 2037 ex
260 2005 358 2038 nimia
375 2001 626 2039 fermentatione
642 2004 778 2051 aquosus
791 2010 825 2042 δι
838 2004 993 2054 vappidus
1001 2003 1130 2040 evadat.
1149 2005 1225 2041 Hoc
1233 2003 1333 2052 ipsum
1347 2016 1450 2052 quan-

65 2053 174 2100 doque
185 2050 326 2086 ebrietas
336 2050 438 2086 efficit
447 2081 456 2094 ‚
472 2053 548 2086 dum
562 2052 684 2088 cerebri
698 2066 796 2101 poros
808 2056 875 2088 vini
890 2051 1071 2101 corpuscula
1082 2051 1214 2088 animali
1231 2055 1381 2102 regimini
1399 2055 1449 2087 in-

64 2101 141 2138 festa
154 2100 332 2137 occludunt.
342 2101 490 2135 Tristitia
505 2101 679 2136 vehemens
691 2130 700 2144 ‚
714 2113 768 2136 aut
779 2102 928 2138 violentae
940 2099 1097 2150 passiones
1108 2102 1194 2137 idem
1209 2103 1331 2138 malum
1346 2113 1448 2148 quan-

62 2151 175 2198 doque
192 2148 332 2185 afferunt
345 2179 354 2193 ‚
368 2150 446 2185 dum
461 2148 581 2197 spiritus
596 2178 606 2192 ‚
623 2161 679 2185 aut
692 2150 712 2186 ὲ
732 2150 763 2185 se
780 2154 923 2188 invicem
939 2150 1097 2196 distracti,
1115 2153 1212 2188 autin
1227 2148 1448 2188 confufionem

23 2244 26 2248 ¹
61 2201 128 2237 affl
144 2199 263 2250 species
278 2199 364 2236 male
379 2198 578 2237 cohaerentes
593 2198 760 2237 exhibent.
