<?xml version="1.0" encoding="UTF-8"?>
<!DOCTYPE html PUBLIC "-//W3C//DTD XHTML 1.0 Transitional//EN"
    "http://www.w3.org/TR/xhtml1/DTD/xhtml1-transitional.dtd">
<html xmlns="http://www.w3.org/1999/xhtml" xml:lang="en" lang="en">
 <head>
  <title>
</title>
<meta http-equiv="Content-Type" content="text/html;charset=utf-8" />
  <meta name='ocr-system' content='tesseract 3.04.00' />
  <meta name='ocr-capabilities' content='ocr_page ocr_carea ocr_par ocr_line ocrx_word'/>
</head>
<body>
  <div class='ocr_page' id='page_1' title='image "./philosophiavetus02duhauoft_0702.png"; bbox 0 0 1878 2724; ppageno 0'>
   <div class='ocr_carea' id='block_1_1' title="bbox 351 124 1771 2438">
    <p class='ocr_par' dir='ltr' id='par_1_1' title="bbox 364 124 1768 273">
     <span class='ocr_line' id='line_1_1' title="bbox 371 124 1276 169; baseline 0.001 -9"><span class='ocrx_word' id='word_1_1' title='bbox 371 136 428 166; x_wconf 72' lang='lat'>666</span> <span class='ocrx_word' id='word_1_2' title='bbox 913 126 937 166; x_wconf 78' lang='lat' dir='ltr'><strong>P</strong></span> <span class='ocrx_word' id='word_1_3' title='bbox 951 125 983 161; x_wconf 82' lang='lat' dir='ltr'><strong>H</strong></span> <span class='ocrx_word' id='word_1_4' title='bbox 995 124 1024 160; x_wconf 80' lang='lat' dir='ltr'>Y</span> <span class='ocrx_word' id='word_1_5' title='bbox 1043 126 1063 162; x_wconf 82' lang='lat' dir='ltr'>S</span> <span class='ocrx_word' id='word_1_6' title='bbox 1077 125 1091 159; x_wconf 87' lang='lat'>1</span> <span class='ocrx_word' id='word_1_7' title='bbox 1105 124 1181 161; x_wconf 72' lang='lat' dir='ltr'>CAE</span> <span class='ocrx_word' id='word_1_8' title='bbox 1273 167 1276 169; x_wconf 18' lang='grc' dir='ltr'><strong>Α</strong></span> 
     </span>
     <span class='ocr_line' id='line_1_2' title="bbox 365 171 1768 228; baseline -0.001 -16"><span class='ocrx_word' id='word_1_9' title='bbox 365 184 399 216; x_wconf 63' lang='grc' dir='ltr'>δε</span> <span class='ocrx_word' id='word_1_10' title='bbox 413 176 533 223; x_wconf 61' lang='lat' dir='ltr'>sanquis</span> <span class='ocrx_word' id='word_1_11' title='bbox 544 176 608 228; x_wconf 75' lang='lat' dir='ltr'>ipse</span> <span class='ocrx_word' id='word_1_12' title='bbox 618 177 655 211; x_wconf 81' lang='lat' dir='ltr'>ad</span> <span class='ocrx_word' id='word_1_13' title='bbox 670 173 905 222; x_wconf 79' lang='lat' dir='ltr'>coagulandum</span> <span class='ocrx_word' id='word_1_14' title='bbox 918 171 1080 223; x_wconf 80' lang='lat' dir='ltr'>dispositus</span> <span class='ocrx_word' id='word_1_15' title='bbox 1100 187 1172 209; x_wconf 85' lang='lat' dir='ltr'>cum</span> <span class='ocrx_word' id='word_1_16' title='bbox 1183 183 1239 221; x_wconf 84' lang='lat' dir='ltr'>pet</span> <span class='ocrx_word' id='word_1_17' title='bbox 1251 173 1426 210; x_wconf 72' lang='lat' dir='ltr'>minutiora</span> <span class='ocrx_word' id='word_1_18' title='bbox 1445 174 1516 211; x_wconf 83' lang='lat' dir='ltr'>vasa</span> <span class='ocrx_word' id='word_1_19' title='bbox 1534 175 1768 214; x_wconf 59' lang='lat' dir='ltr'>intestinorum</span> 
     </span>
     <span class='ocr_line' id='line_1_3' title="bbox 364 217 1757 273; baseline 0 -13"><span class='ocrx_word' id='word_1_20' title='bbox 364 217 504 267; x_wconf 60' lang='lat' dir='ltr'>circulari</span> <span class='ocrx_word' id='word_1_21' title='bbox 521 225 614 260; x_wconf 80' lang='lat' dir='ltr'>facile</span> <span class='ocrx_word' id='word_1_22' title='bbox 624 238 689 259; x_wconf 86' lang='lat' dir='ltr'>non</span> <span class='ocrx_word' id='word_1_23' title='bbox 704 222 797 272; x_wconf 79' lang='lat' dir='ltr'>poffit</span> <span class='ocrx_word' id='word_1_24' title='bbox 810 253 819 267; x_wconf 95' lang='lat'>‚</span> <span class='ocrx_word' id='word_1_25' title='bbox 835 223 879 258; x_wconf 91' lang='lat' dir='ltr'>ibi</span> <span class='ocrx_word' id='word_1_26' title='bbox 897 226 1097 271; x_wconf 79' lang='lat' dir='ltr'>congeritur,</span> <span class='ocrx_word' id='word_1_27' title='bbox 1112 229 1144 260; x_wconf 87' lang='lat'>&amp;</span> <span class='ocrx_word' id='word_1_28' title='bbox 1156 223 1256 269; x_wconf 78' lang='lat' dir='ltr'>ruptis</span> <span class='ocrx_word' id='word_1_29' title='bbox 1266 221 1416 258; x_wconf 79' lang='lat' dir='ltr'>obicibus</span> <span class='ocrx_word' id='word_1_30' title='bbox 1435 222 1649 271; x_wconf 81' lang='lat' dir='ltr'>dysenteriam</span> <span class='ocrx_word' id='word_1_31' title='bbox 1663 229 1757 273; x_wconf 81' lang='lat' dir='ltr'>parit,</span> 
     </span>
    </p>

    <p class='ocr_par' dir='ltr' id='par_1_2' title="bbox 361 269 1771 912">
     <span class='ocr_line' id='line_1_4' title="bbox 400 269 1756 322; baseline 0.001 -13"><span class='ocrx_word' id='word_1_32' title='bbox 400 278 481 310; x_wconf 78' lang='lat' dir='ltr'>Haec</span> <span class='ocrx_word' id='word_1_33' title='bbox 495 273 576 322; x_wconf 84' lang='lat' dir='ltr'>saepe</span> <span class='ocrx_word' id='word_1_34' title='bbox 589 286 628 308; x_wconf 88' lang='lat' dir='ltr'>ex</span> <span class='ocrx_word' id='word_1_35' title='bbox 647 285 743 308; x_wconf 88' lang='lat' dir='ltr'>eunte</span> <span class='ocrx_word' id='word_1_36' title='bbox 753 274 859 311; x_wconf 81' lang='lat' dir='ltr'>aestate</span> <span class='ocrx_word' id='word_1_37' title='bbox 871 274 1045 313; x_wconf 74' lang='lat' dir='ltr'>&amp;ineunte</span> <span class='ocrx_word' id='word_1_38' title='bbox 1054 274 1177 309; x_wconf 68' lang='lat' dir='ltr'>aursino</span> <span class='ocrx_word' id='word_1_39' title='bbox 1186 269 1310 319; x_wconf 75' lang='lat' dir='ltr'>grassari</span> <span class='ocrx_word' id='word_1_40' title='bbox 1319 271 1557 316; x_wconf 83' lang='lat' dir='ltr'>solet,maxime</span> <span class='ocrx_word' id='word_1_41' title='bbox 1567 276 1600 309; x_wconf 89' lang='lat' dir='ltr'>in</span> <span class='ocrx_word' id='word_1_42' title='bbox 1611 277 1648 309; x_wconf 89' lang='lat' dir='ltr'>iis</span> <span class='ocrx_word' id='word_1_43' title='bbox 1665 275 1756 319; x_wconf 77' lang='lat' dir='ltr'>lociS,</span> 
     </span>
     <span class='ocr_line' id='line_1_5' title="bbox 363 321 1755 371; baseline 0.001 -13"><span class='ocrx_word' id='word_1_44' title='bbox 363 323 418 358; x_wconf 89' lang='lat' dir='ltr'>ubi</span> <span class='ocrx_word' id='word_1_45' title='bbox 435 336 489 357; x_wconf 90' lang='lat' dir='ltr'>aer</span> <span class='ocrx_word' id='word_1_46' title='bbox 509 335 675 371; x_wconf 83' lang='lat' dir='ltr'>corruptus</span> <span class='ocrx_word' id='word_1_47' title='bbox 690 322 744 366; x_wconf 89' lang='lat' dir='ltr'>est,</span> <span class='ocrx_word' id='word_1_48' title='bbox 761 334 816 358; x_wconf 85' lang='lat' dir='ltr'>aut</span> <span class='ocrx_word' id='word_1_49' title='bbox 827 322 927 358; x_wconf 82' lang='lat' dir='ltr'>foetor</span> <span class='ocrx_word' id='word_1_50' title='bbox 941 321 1019 357; x_wconf 85' lang='lat' dir='ltr'>inest</span> <span class='ocrx_word' id='word_1_51' title='bbox 1033 350 1042 364; x_wconf 83' lang='lat'>‚</span> <span class='ocrx_word' id='word_1_52' title='bbox 1061 333 1096 360; x_wconf 81' lang='lat' dir='ltr'>ut</span> <span class='ocrx_word' id='word_1_53' title='bbox 1113 325 1146 356; x_wconf 86' lang='lat' dir='ltr'>in</span> <span class='ocrx_word' id='word_1_54' title='bbox 1162 322 1304 355; x_wconf 86' lang='lat' dir='ltr'>militum</span> <span class='ocrx_word' id='word_1_55' title='bbox 1325 322 1433 358; x_wconf 79' lang='lat' dir='ltr'>castris</span> <span class='ocrx_word' id='word_1_56' title='bbox 1453 327 1486 360; x_wconf 87' lang='lat'>&amp;</span> <span class='ocrx_word' id='word_1_57' title='bbox 1504 325 1536 357; x_wconf 89' lang='lat' dir='ltr'>in</span> <span class='ocrx_word' id='word_1_58' title='bbox 1554 323 1733 359; x_wconf 80' lang='lat' dir='ltr'>carceribus</span> <span class='ocrx_word' id='word_1_59' title='bbox 1745 353 1755 368; x_wconf 90' lang='lat'>,</span> 
     </span>
     <span class='ocr_line' id='line_1_6' title="bbox 364 366 1758 421; baseline 0.002 -16"><span class='ocrx_word' id='word_1_60' title='bbox 364 384 437 406; x_wconf 90' lang='lat' dir='ltr'>cum</span> <span class='ocrx_word' id='word_1_61' title='bbox 454 371 578 421; x_wconf 83' lang='lat' dir='ltr'>sanguis</span> <span class='ocrx_word' id='word_1_62' title='bbox 594 373 705 408; x_wconf 83' lang='lat' dir='ltr'>aestivis</span> <span class='ocrx_word' id='word_1_63' title='bbox 718 371 876 410; x_wconf 65' lang='lat' dir='ltr'>caloribus</span> <span class='ocrx_word' id='word_1_64' title='bbox 887 383 971 419; x_wconf 89' lang='lat' dir='ltr'>pene</span> <span class='ocrx_word' id='word_1_65' title='bbox 985 372 1121 406; x_wconf 83' lang='lat' dir='ltr'>torridus</span> <span class='ocrx_word' id='word_1_66' title='bbox 1134 371 1172 405; x_wconf 87' lang='lat' dir='ltr'>ad</span> <span class='ocrx_word' id='word_1_67' title='bbox 1186 369 1466 407; x_wconf 66' lang='lat' dir='ltr'>effirvescentiam</span> <span class='ocrx_word' id='word_1_68' title='bbox 1480 370 1631 407; x_wconf 77' lang='lat' dir='ltr'><strong>febrilem</strong></span> <span class='ocrx_word' id='word_1_69' title='bbox 1644 366 1758 408; x_wconf 67' lang='lat' dir='ltr'>est&#39;dis-</span> 
     </span>
     <span class='ocr_line' id='line_1_7' title="bbox 364 420 1758 469; baseline 0.001 -14"><span class='ocrx_word' id='word_1_70' title='bbox 364 420 482 468; x_wconf 83' lang='lat' dir='ltr'>positus</span> <span class='ocrx_word' id='word_1_71' title='bbox 497 434 590 463; x_wconf 88' lang='lat' dir='ltr'>·,cum</span> <span class='ocrx_word' id='word_1_72' title='bbox 604 433 808 457; x_wconf 83' lang='lat' dir='ltr'>excrementa</span> <span class='ocrx_word' id='word_1_73' title='bbox 821 420 872 456; x_wconf 87' lang='lat' dir='ltr'>sua</span> <span class='ocrx_word' id='word_1_74' title='bbox 884 420 1048 456; x_wconf 73' lang='lat' dir='ltr'>secernere</span> <span class='ocrx_word' id='word_1_75' title='bbox 1058 434 1124 456; x_wconf 86' lang='lat' dir='ltr'>non</span> <span class='ocrx_word' id='word_1_76' title='bbox 1135 420 1239 468; x_wconf 86' lang='lat' dir='ltr'>potest</span> <span class='ocrx_word' id='word_1_77' title='bbox 1252 436 1261 464; x_wconf 83' lang='lat'>3</span> <span class='ocrx_word' id='word_1_78' title='bbox 1275 432 1348 461; x_wconf 86' lang='lat' dir='ltr'>cum</span> <span class='ocrx_word' id='word_1_79' title='bbox 1367 420 1556 469; x_wconf 82' lang='lat' dir='ltr'>perspiratio</span> <span class='ocrx_word' id='word_1_80' title='bbox 1571 421 1758 460; x_wconf 76' lang='lat' dir='ltr'>insenfibilis</span> 
     </span>
     <span class='ocr_line' id='line_1_8' title="bbox 364 468 1757 519; baseline 0.001 -14"><span class='ocrx_word' id='word_1_81' title='bbox 364 472 425 504; x_wconf 85' lang='lat' dir='ltr'>rite</span> <span class='ocrx_word' id='word_1_82' title='bbox 435 483 502 505; x_wconf 88' lang='lat' dir='ltr'>non</span> <span class='ocrx_word' id='word_1_83' title='bbox 512 470 684 519; x_wconf 85' lang='lat' dir='ltr'>perficitur.</span> <span class='ocrx_word' id='word_1_84' title='bbox 706 472 798 514; x_wconf 81' lang='lat' dir='ltr'>Saepe</span> <span class='ocrx_word' id='word_1_85' title='bbox 815 470 867 506; x_wconf 89' lang='lat' dir='ltr'>hic</span> <span class='ocrx_word' id='word_1_86' title='bbox 881 468 1011 506; x_wconf 88' lang='lat' dir='ltr'>morbus</span> <span class='ocrx_word' id='word_1_87' title='bbox 1025 482 1178 517; x_wconf 77' lang='lat' dir='ltr'>contagio</span> <span class='ocrx_word' id='word_1_88' title='bbox 1189 469 1342 518; x_wconf 83' lang='lat' dir='ltr'>serpir,&amp;</span> <span class='ocrx_word' id='word_1_89' title='bbox 1353 470 1477 519; x_wconf 80' lang='lat' dir='ltr'>sanguis</span> <span class='ocrx_word' id='word_1_90' title='bbox 1491 482 1525 505; x_wconf 92' lang='lat' dir='ltr'>ut</span> <span class='ocrx_word' id='word_1_91' title='bbox 1538 472 1569 505; x_wconf 90' lang='lat' dir='ltr'>in</span> <span class='ocrx_word' id='word_1_92' title='bbox 1584 471 1673 519; x_wconf 87' lang='lat' dir='ltr'>peste</span> <span class='ocrx_word' id='word_1_93' title='bbox 1687 484 1757 506; x_wconf 86' lang='lat' dir='ltr'>ma·</span> 
     </span>
     <span class='ocr_line' id='line_1_9' title="bbox 363 517 1758 568; baseline 0.001 -15"><span class='ocrx_word' id='word_1_94' title='bbox 363 518 512 567; x_wconf 71' lang='lat' dir='ltr'>lignitate</span> <span class='ocrx_word' id='word_1_95' title='bbox 523 521 661 568; x_wconf 80' lang='lat' dir='ltr'>quadam</span> <span class='ocrx_word' id='word_1_96' title='bbox 675 519 714 554; x_wconf 85' lang='lat' dir='ltr'>fic</span> <span class='ocrx_word' id='word_1_97' title='bbox 726 517 917 562; x_wconf 79' lang='lat' dir='ltr'>afficitur,ut</span> <span class='ocrx_word' id='word_1_98' title='bbox 928 524 991 566; x_wconf 83' lang='lat' dir='ltr'>ejus</span> <span class='ocrx_word' id='word_1_99' title='bbox 1003 530 1109 567; x_wconf 78' lang='lat' dir='ltr'>partes</span> <span class='ocrx_word' id='word_1_100' title='bbox 1120 520 1182 554; x_wconf 83' lang='lat' dir='ltr'>hoc</span> <span class='ocrx_word' id='word_1_101' title='bbox 1195 531 1325 554; x_wconf 84' lang='lat' dir='ltr'>veneno</span> <span class='ocrx_word' id='word_1_102' title='bbox 1339 520 1440 554; x_wconf 52' lang='lat' dir='ltr'>mestas</span> <span class='ocrx_word' id='word_1_103' title='bbox 1452 531 1560 566; x_wconf 87' lang='lat' dir='ltr'>neque</span> <span class='ocrx_word' id='word_1_104' title='bbox 1573 532 1629 568; x_wconf 85' lang='lat' dir='ltr'>pet</span> <span class='ocrx_word' id='word_1_105' title='bbox 1640 523 1758 565; x_wconf 85' lang='lat' dir='ltr'>urinas,</span> 
     </span>
     <span class='ocr_line' id='line_1_10' title="bbox 363 560 1759 617; baseline 0.001 -14"><span class='ocrx_word' id='word_1_106' title='bbox 363 580 470 616; x_wconf 89' lang='lat' dir='ltr'>neque</span> <span class='ocrx_word' id='word_1_107' title='bbox 483 582 538 617; x_wconf 84' lang='lat' dir='ltr'>per</span> <span class='ocrx_word' id='word_1_108' title='bbox 551 569 696 604; x_wconf 89' lang='lat' dir='ltr'>occultos</span> <span class='ocrx_word' id='word_1_109' title='bbox 706 572 787 604; x_wconf 80' lang='lat' dir='ltr'>cutis</span> <span class='ocrx_word' id='word_1_110' title='bbox 799 581 923 605; x_wconf 81' lang='lat' dir='ltr'>meatus</span> <span class='ocrx_word' id='word_1_111' title='bbox 934 568 1102 603; x_wconf 81' lang='lat' dir='ltr'>eliminare</span> <span class='ocrx_word' id='word_1_112' title='bbox 1113 567 1270 616; x_wconf 71' lang='lat' dir='ltr'>posfi13sed</span> <span class='ocrx_word' id='word_1_113' title='bbox 1288 579 1361 603; x_wconf 84' lang='lat' dir='ltr'>curn</span> <span class='ocrx_word' id='word_1_114' title='bbox 1379 568 1436 604; x_wconf 82' lang='lat' dir='ltr'>lint</span> <span class='ocrx_word' id='word_1_115' title='bbox 1443 560 1608 604; x_wconf 56' lang='lat' dir='ltr'>&amp;amores</span> <span class='ocrx_word' id='word_1_116' title='bbox 1617 598 1626 613; x_wconf 95' lang='lat'>,</span> <span class='ocrx_word' id='word_1_117' title='bbox 1646 574 1680 606; x_wconf 71' lang='grc' dir='ltr'>δ(</span> <span class='ocrx_word' id='word_1_118' title='bbox 1690 568 1759 605; x_wconf 82' lang='lat' dir='ltr'>san-</span> 
     </span>
     <span class='ocr_line' id='line_1_11' title="bbox 362 617 1761 667; baseline 0.001 -15"><span class='ocrx_word' id='word_1_119' title='bbox 362 619 453 665; x_wconf 81' lang='lat' dir='ltr'>guini</span> <span class='ocrx_word' id='word_1_120' title='bbox 464 618 518 666; x_wconf 85' lang='lat' dir='ltr'>ipfi</span> <span class='ocrx_word' id='word_1_121' title='bbox 532 620 678 662; x_wconf 60' lang='lat' dir='ltr'>incofikae,</span> <span class='ocrx_word' id='word_1_122' title='bbox 688 631 751 653; x_wconf 81' lang='lat' dir='ltr'>una</span> <span class='ocrx_word' id='word_1_123' title='bbox 762 632 835 654; x_wconf 88' lang='lat' dir='ltr'>cum</span> <span class='ocrx_word' id='word_1_124' title='bbox 845 631 886 654; x_wconf 88' lang='lat' dir='ltr'>eo</span> <span class='ocrx_word' id='word_1_125' title='bbox 894 623 960 667; x_wconf 78' lang='lat' dir='ltr'>jam</span> <span class='ocrx_word' id='word_1_126' title='bbox 972 619 1011 652; x_wconf 88' lang='lat' dir='ltr'>ad</span> <span class='ocrx_word' id='word_1_127' title='bbox 1026 618 1288 666; x_wconf 73' lang='lat' dir='ltr'>coagulationem</span> <span class='ocrx_word' id='word_1_128' title='bbox 1298 618 1434 665; x_wconf 72' lang='lat' dir='ltr'>proclivi</span> <span class='ocrx_word' id='word_1_129' title='bbox 1450 631 1507 666; x_wconf 86' lang='lat' dir='ltr'>per</span> <span class='ocrx_word' id='word_1_130' title='bbox 1517 617 1663 653; x_wconf 82' lang='lat' dir='ltr'>vasorum</span> <span class='ocrx_word' id='word_1_131' title='bbox 1672 618 1761 655; x_wconf 54' lang='lat' dir='ltr'>oscux</span> 
     </span>
     <span class='ocr_line' id='line_1_12' title="bbox 361 666 1771 716; baseline 0.003 -16"><span class='ocrx_word' id='word_1_132' title='bbox 361 667 393 700; x_wconf 75' lang='lat' dir='ltr'>la</span> <span class='ocrx_word' id='word_1_133' title='bbox 405 669 436 702; x_wconf 90' lang='lat' dir='ltr'>in</span> <span class='ocrx_word' id='word_1_134' title='bbox 448 667 511 716; x_wconf 85' lang='lat' dir='ltr'>ipsa</span> <span class='ocrx_word' id='word_1_135' title='bbox 522 669 672 704; x_wconf 84' lang='lat' dir='ltr'>intestina</span> <span class='ocrx_word' id='word_1_136' title='bbox 685 668 1000 716; x_wconf 64' lang='lat' dir='ltr'>impellunturflinc</span> <span class='ocrx_word' id='word_1_137' title='bbox 1014 670 1186 704; x_wconf 83' lang='lat' dir='ltr'>tormina&amp;</span> <span class='ocrx_word' id='word_1_138' title='bbox 1198 666 1413 704; x_wconf 82' lang='lat' dir='ltr'>inflammatio</span> <span class='ocrx_word' id='word_1_139' title='bbox 1427 667 1679 716; x_wconf 82' lang='lat' dir='ltr'>petsaepe.Unde</span> <span class='ocrx_word' id='word_1_140' title='bbox 1693 680 1771 715; x_wconf 81' lang='lat' dir='ltr'>quae·</span> 
     </span>
     <span class='ocr_line' id='line_1_13' title="bbox 363 713 1758 766; baseline 0.002 -17"><span class='ocrx_word' id='word_1_141' title='bbox 363 713 438 750; x_wconf 87' lang='lat' dir='ltr'>huic</span> <span class='ocrx_word' id='word_1_142' title='bbox 452 717 570 752; x_wconf 86' lang='lat' dir='ltr'>morbo</span> <span class='ocrx_word' id='word_1_143' title='bbox 581 716 730 752; x_wconf 84' lang='lat' dir='ltr'>adhiberi</span> <span class='ocrx_word' id='word_1_144' title='bbox 746 716 850 752; x_wconf 85' lang='lat' dir='ltr'>solent</span> <span class='ocrx_word' id='word_1_145' title='bbox 870 716 1026 760; x_wconf 77' lang='lat' dir='ltr'>remedia,</span> <span class='ocrx_word' id='word_1_146' title='bbox 1037 730 1076 751; x_wconf 89' lang='lat' dir='ltr'>eo</span> <span class='ocrx_word' id='word_1_147' title='bbox 1088 718 1224 751; x_wconf 83' lang='lat' dir='ltr'>tendunt</span> <span class='ocrx_word' id='word_1_148' title='bbox 1248 728 1283 751; x_wconf 83' lang='lat' dir='ltr'>ut</span> <span class='ocrx_word' id='word_1_149' title='bbox 1295 728 1463 753; x_wconf 79' lang='lat' dir='ltr'>venenatae</span> <span class='ocrx_word' id='word_1_150' title='bbox 1477 717 1631 766; x_wconf 80' lang='lat' dir='ltr'>sanguinis</span> <span class='ocrx_word' id='word_1_151' title='bbox 1650 728 1758 765; x_wconf 74' lang='lat' dir='ltr'>partes</span> 
     </span>
     <span class='ocr_line' id='line_1_14' title="bbox 362 764 1759 815; baseline 0 -17"><span class='ocrx_word' id='word_1_152' title='bbox 362 764 548 814; x_wconf 63' lang='lat' dir='ltr'>infco&#39;rporis</span> <span class='ocrx_word' id='word_1_153' title='bbox 562 765 712 801; x_wconf 80' lang='lat' dir='ltr'>habitum</span> <span class='ocrx_word' id='word_1_154' title='bbox 724 767 987 808; x_wconf 75' lang='lat' dir='ltr'>amandentur‚&amp;</span> <span class='ocrx_word' id='word_1_155' title='bbox 998 771 1063 815; x_wconf 87' lang='lat' dir='ltr'>ejus</span> <span class='ocrx_word' id='word_1_156' title='bbox 1075 765 1317 813; x_wconf 66' lang='lat' dir='ltr'>coagulationes</span> <span class='ocrx_word' id='word_1_157' title='bbox 1332 766 1548 803; x_wconf 78' lang='lat' dir='ltr'>diffolvantur.</span> <span class='ocrx_word' id='word_1_158' title='bbox 1559 766 1641 801; x_wconf 88' lang='lat' dir='ltr'>Illud</span> <span class='ocrx_word' id='word_1_159' title='bbox 1655 766 1759 800; x_wconf 84' lang='lat' dir='ltr'>medi-</span> 
     </span>
     <span class='ocr_line' id='line_1_15' title="bbox 364 813 1760 864; baseline 0.003 -16"><span class='ocrx_word' id='word_1_160' title='bbox 364 817 490 849; x_wconf 85' lang='lat' dir='ltr'>camina</span> <span class='ocrx_word' id='word_1_161' title='bbox 507 816 727 864; x_wconf 84' lang='lat' dir='ltr'>diaphoretica</span> <span class='ocrx_word' id='word_1_162' title='bbox 743 845 752 858; x_wconf 83' lang='lat'>‚</span> <span class='ocrx_word' id='word_1_163' title='bbox 763 816 825 851; x_wconf 92' lang='lat' dir='ltr'>hoc</span> <span class='ocrx_word' id='word_1_164' title='bbox 834 815 1093 863; x_wconf 82' lang='lat' dir='ltr'>alexipharmaca</span> <span class='ocrx_word' id='word_1_165' title='bbox 1107 814 1260 850; x_wconf 78' lang='lat' dir='ltr'>efficiunt.</span> <span class='ocrx_word' id='word_1_166' title='bbox 1279 814 1482 854; x_wconf 87' lang='lat' dir='ltr'>Dolorem&amp;</span> <span class='ocrx_word' id='word_1_167' title='bbox 1498 819 1637 852; x_wconf 84' lang='lat' dir='ltr'>tormina</span> <span class='ocrx_word' id='word_1_168' title='bbox 1649 813 1760 852; x_wconf 85' lang='lat' dir='ltr'>sedant</span> 
     </span>
     <span class='ocr_line' id='line_1_16' title="bbox 364 864 1336 912; baseline 0.004 -16"><span class='ocrx_word' id='word_1_169' title='bbox 364 866 476 910; x_wconf 82' lang='lat' dir='ltr'>opiata</span> <span class='ocrx_word' id='word_1_170' title='bbox 490 893 500 906; x_wconf 84' lang='lat'>,</span> <span class='ocrx_word' id='word_1_171' title='bbox 517 870 551 901; x_wconf 66' lang='grc' dir='ltr'>δε</span> <span class='ocrx_word' id='word_1_172' title='bbox 563 878 631 912; x_wconf 79' lang='lat' dir='ltr'>quae</span> <span class='ocrx_word' id='word_1_173' title='bbox 649 865 878 912; x_wconf 81' lang='lat' dir='ltr'>adstringentia</span> <span class='ocrx_word' id='word_1_174' title='bbox 892 865 1050 906; x_wconf 88' lang='lat' dir='ltr'>dicuntur,</span> <span class='ocrx_word' id='word_1_175' title='bbox 1064 864 1135 898; x_wconf 76' lang='lat' dir='ltr'>vasa</span> <span class='ocrx_word' id='word_1_176' title='bbox 1151 864 1336 901; x_wconf 86' lang='lat' dir='ltr'>occludunt.</span> 
     </span>
    </p>

    <p class='ocr_par' dir='ltr' id='par_1_3' title="bbox 351 911 1760 1155">
     <span class='ocr_line' id='line_1_17' title="bbox 399 911 1758 961; baseline -0.001 -15"><span class='ocrx_word' id='word_1_177' title='bbox 399 913 485 946; x_wconf 87' lang='lat' dir='ltr'>Cum</span> <span class='ocrx_word' id='word_1_178' title='bbox 501 913 568 947; x_wconf 82' lang='lat' dir='ltr'>haec</span> <span class='ocrx_word' id='word_1_179' title='bbox 586 912 751 947; x_wconf 81' lang='lat' dir='ltr'>scrib³mus</span> <span class='ocrx_word' id='word_1_180' title='bbox 762 941 772 955; x_wconf 84' lang='lat'>‚</span> <span class='ocrx_word' id='word_1_181' title='bbox 786 911 973 961; x_wconf 81' lang='lat' dir='ltr'>dysenteriae</span> <span class='ocrx_word' id='word_1_182' title='bbox 992 917 1026 949; x_wconf 88' lang='lat'>&amp;</span> <span class='ocrx_word' id='word_1_183' title='bbox 1037 913 1204 947; x_wconf 83' lang='lat' dir='ltr'>diarrhoeae</span> <span class='ocrx_word' id='word_1_184' title='bbox 1216 926 1280 947; x_wconf 90' lang='lat' dir='ltr'>non</span> <span class='ocrx_word' id='word_1_185' title='bbox 1299 915 1405 947; x_wconf 83' lang='lat' dir='ltr'>minus</span> <span class='ocrx_word' id='word_1_186' title='bbox 1421 912 1559 947; x_wconf 83' lang='lat' dir='ltr'>molestae</span> <span class='ocrx_word' id='word_1_187' title='bbox 1571 911 1694 960; x_wconf 83' lang='lat' dir='ltr'>ubique</span> <span class='ocrx_word' id='word_1_188' title='bbox 1708 914 1758 949; x_wconf 86' lang='lat' dir='ltr'>fe-</span> 
     </span>
     <span class='ocr_line' id='line_1_18' title="bbox 364 959 1758 1010; baseline 0.004 -17"><span class='ocrx_word' id='word_1_189' title='bbox 364 972 397 993; x_wconf 89' lang='lat' dir='ltr'>re</span> <span class='ocrx_word' id='word_1_190' title='bbox 416 959 599 1008; x_wconf 66' lang='lat' dir='ltr'>graffantur.</span> <span class='ocrx_word' id='word_1_191' title='bbox 621 964 779 996; x_wconf 82' lang='lat' dir='ltr'>Enemata</span> <span class='ocrx_word' id='word_1_192' title='bbox 799 973 837 995; x_wconf 82' lang='lat' dir='ltr'>ex</span> <span class='ocrx_word' id='word_1_193' title='bbox 851 961 989 996; x_wconf 69' lang='grc' dir='ltr'><em>ἀεεοᾶο</em></span> <span class='ocrx_word' id='word_1_194' title='bbox 1021 961 1237 1010; x_wconf 78' lang='lat' dir='ltr'>plantaginiS,</span> <span class='ocrx_word' id='word_1_195' title='bbox 1258 963 1307 995; x_wconf 87' lang='lat' dir='ltr'>cui</span> <span class='ocrx_word' id='word_1_196' title='bbox 1321 960 1395 995; x_wconf 67' lang='lat' dir='ltr'>roste</span> <span class='ocrx_word' id='word_1_197' title='bbox 1417 962 1625 1010; x_wconf 83' lang='lat' dir='ltr'>adjiciuntur,</span> <span class='ocrx_word' id='word_1_198' title='bbox 1647 963 1758 998; x_wconf 85' lang='lat' dir='ltr'>multis</span> 
     </span>
     <span class='ocr_line' id='line_1_19' title="bbox 362 1008 1759 1058; baseline 0.003 -16"><span class='ocrx_word' id='word_1_199' title='bbox 362 1009 534 1056; x_wconf 84' lang='lat' dir='ltr'>profuere:</span> <span class='ocrx_word' id='word_1_200' title='bbox 547 1010 667 1044; x_wconf 85' lang='lat' dir='ltr'>haustus</span> <span class='ocrx_word' id='word_1_201' title='bbox 688 1022 727 1043; x_wconf 86' lang='lat' dir='ltr'>ex</span> <span class='ocrx_word' id='word_1_202' title='bbox 750 1008 852 1044; x_wconf 80' lang='lat' dir='ltr'>tribus</span> <span class='ocrx_word' id='word_1_203' title='bbox 865 1009 1089 1044; x_wconf 80' lang='lat' dir='ltr'>cochlearibus</span> <span class='ocrx_word' id='word_1_204' title='bbox 1099 1022 1189 1056; x_wconf 86' lang='lat' dir='ltr'>aquae</span> <span class='ocrx_word' id='word_1_205' title='bbox 1205 1010 1409 1057; x_wconf 78' lang='lat' dir='ltr'>plantaginis,</span> <span class='ocrx_word' id='word_1_206' title='bbox 1423 1011 1500 1044; x_wconf 89' lang='lat' dir='ltr'>oleo</span> <span class='ocrx_word' id='word_1_207' title='bbox 1510 1011 1759 1058; x_wconf 82' lang='lat' dir='ltr'>amygdalorum</span> 
     </span>
     <span class='ocr_line' id='line_1_20' title="bbox 363 1056 1760 1105; baseline 0.003 -14"><span class='ocrx_word' id='word_1_208' title='bbox 363 1057 504 1092; x_wconf 70' lang='lat' dir='ltr'>dulcium</span> <span class='ocrx_word' id='word_1_209' title='bbox 517 1087 526 1101; x_wconf 95' lang='lat'>‚</span> <span class='ocrx_word' id='word_1_210' title='bbox 541 1070 598 1093; x_wconf 83' lang='lat' dir='ltr'>aut</span> <span class='ocrx_word' id='word_1_211' title='bbox 614 1057 635 1093; x_wconf 86' lang='lat' dir='ltr'>fi</span> <span class='ocrx_word' id='word_1_212' title='bbox 650 1056 727 1092; x_wconf 83' lang='lat' dir='ltr'>desit</span> <span class='ocrx_word' id='word_1_213' title='bbox 741 1057 900 1093; x_wconf 86' lang='lat' dir='ltr'>olivarum</span> <span class='ocrx_word' id='word_1_214' title='bbox 912 1057 1115 1094; x_wconf 75' lang='lat' dir='ltr'>tantumdem</span> <span class='ocrx_word' id='word_1_215' title='bbox 1130 1086 1140 1101; x_wconf 90' lang='lat'>,</span> <span class='ocrx_word' id='word_1_216' title='bbox 1153 1069 1245 1105; x_wconf 86' lang='lat' dir='ltr'>aquae</span> <span class='ocrx_word' id='word_1_217' title='bbox 1261 1058 1393 1093; x_wconf 86' lang='lat' dir='ltr'>demum</span> <span class='ocrx_word' id='word_1_218' title='bbox 1411 1057 1515 1096; x_wconf 64' lang='lat' dir='ltr'>erosis</span> <span class='ocrx_word' id='word_1_219' title='bbox 1526 1058 1688 1095; x_wconf 80' lang='lat' dir='ltr'>distillata:</span> <span class='ocrx_word' id='word_1_220' title='bbox 1699 1063 1760 1096; x_wconf 86' lang='lat' dir='ltr'>tria</span> 
     </span>
     <span class='ocr_line' id='line_1_21' title="bbox 351 1105 1740 1155; baseline 0.001 -15"><span class='ocrx_word' id='word_1_221' title='bbox 351 1107 478 1148; x_wconf 50' lang='lat' dir='ltr'>,iridem</span> <span class='ocrx_word' id='word_1_222' title='bbox 491 1107 673 1142; x_wconf 86' lang='lat' dir='ltr'>cochlearia</span> <span class='ocrx_word' id='word_1_223' title='bbox 689 1107 792 1155; x_wconf 85' lang='lat' dir='ltr'>plures</span> <span class='ocrx_word' id='word_1_224' title='bbox 808 1105 966 1144; x_wconf 82' lang='lat' dir='ltr'>sanarunt.</span> <span class='ocrx_word' id='word_1_225' title='bbox 1323 1138 1325 1140; x_wconf 87' lang='lat'>.</span> <span class='ocrx_word' id='word_1_226' title='bbox 1427 1137 1439 1146; x_wconf 76' lang='lat'><em>,</em></span> <span class='ocrx_word' id='word_1_227' title='bbox 1717 1124 1740 1141; x_wconf 46' lang='lat' dir='ltr'>a</span> 
     </span>
    </p>

    <p class='ocr_par' dir='ltr' id='par_1_4' title="bbox 356 1153 1760 1304">
     <span class='ocr_line' id='line_1_22' title="bbox 411 1153 1759 1205; baseline 0.002 -15"><span class='ocrx_word' id='word_1_228' title='bbox 411 1158 628 1204; x_wconf 67' lang='lat' dir='ltr'>Opiata&#39;vero</span> <span class='ocrx_word' id='word_1_229' title='bbox 649 1157 724 1192; x_wconf 90' lang='lat' dir='ltr'>huic</span> <span class='ocrx_word' id='word_1_230' title='bbox 743 1169 826 1205; x_wconf 87' lang='lat' dir='ltr'>pene</span> <span class='ocrx_word' id='word_1_231' title='bbox 838 1158 894 1192; x_wconf 84' lang='lat' dir='ltr'>uui</span> <span class='ocrx_word' id='word_1_232' title='bbox 909 1154 1027 1191; x_wconf 85' lang='lat' dir='ltr'>morbo</span> <span class='ocrx_word' id='word_1_233' title='bbox 1043 1159 1140 1192; x_wconf 87' lang='lat' dir='ltr'>tutius</span> <span class='ocrx_word' id='word_1_234' title='bbox 1160 1161 1193 1193; x_wconf 90' lang='lat'><strong>&amp;</strong></span> <span class='ocrx_word' id='word_1_235' title='bbox 1206 1156 1321 1190; x_wconf 85' lang='lat' dir='ltr'>certius</span> <span class='ocrx_word' id='word_1_236' title='bbox 1340 1153 1538 1191; x_wconf 85' lang='lat' dir='ltr'>adhibentur</span> <span class='ocrx_word' id='word_1_237' title='bbox 1552 1171 1559 1193; x_wconf 89' lang='lat'><strong>:</strong></span> <span class='ocrx_word' id='word_1_238' title='bbox 1575 1170 1642 1192; x_wconf 89' lang='lat' dir='ltr'>non</span> <span class='ocrx_word' id='word_1_239' title='bbox 1658 1157 1759 1193; x_wconf 87' lang='lat' dir='ltr'>solum</span> 
     </span>
     <span class='ocr_line' id='line_1_23' title="bbox 356 1203 1760 1254; baseline 0.001 -15"><span class='ocrx_word' id='word_1_240' title='bbox 356 1206 603 1252; x_wconf 29' lang='lat' dir='ltr'>‚enimdolores</span> <span class='ocrx_word' id='word_1_241' title='bbox 621 1205 734 1241; x_wconf 87' lang='lat' dir='ltr'>sedant</span> <span class='ocrx_word' id='word_1_242' title='bbox 755 1235 764 1249; x_wconf 86' lang='lat'>‚</span> <span class='ocrx_word' id='word_1_243' title='bbox 783 1207 861 1241; x_wconf 89' lang='lat' dir='ltr'>dum</span> <span class='ocrx_word' id='word_1_244' title='bbox 876 1205 1027 1240; x_wconf 77' lang='lat' dir='ltr'>efferatos</span> <span class='ocrx_word' id='word_1_245' title='bbox 1051 1205 1173 1254; x_wconf 85' lang='lat' dir='ltr'>spiritus</span> <span class='ocrx_word' id='word_1_246' title='bbox 1193 1203 1410 1253; x_wconf 86' lang='lat' dir='ltr'>compescunt,</span> <span class='ocrx_word' id='word_1_247' title='bbox 1421 1203 1473 1239; x_wconf 86' lang='lat' dir='ltr'>sed</span> <span class='ocrx_word' id='word_1_248' title='bbox 1493 1206 1621 1241; x_wconf 89' lang='lat' dir='ltr'>succum</span> <span class='ocrx_word' id='word_1_249' title='bbox 1634 1208 1760 1242; x_wconf 81' lang='lat' dir='ltr'>acidio-</span> 
     </span>
     <span class='ocr_line' id='line_1_24' title="bbox 363 1253 1605 1304; baseline 0.002 -15"><span class='ocrx_word' id='word_1_250' title='bbox 363 1267 433 1290; x_wconf 86' lang='lat' dir='ltr'>rem</span> <span class='ocrx_word' id='word_1_251' title='bbox 456 1266 660 1303; x_wconf 84' lang='lat' dir='ltr'>temperant,</span> <span class='ocrx_word' id='word_1_252' title='bbox 679 1260 711 1292; x_wconf 89' lang='lat'>&amp;</span> <span class='ocrx_word' id='word_1_253' title='bbox 728 1257 794 1290; x_wconf 90' lang='lat' dir='ltr'>cito</span> <span class='ocrx_word' id='word_1_254' title='bbox 811 1268 883 1290; x_wconf 89' lang='lat' dir='ltr'>cum</span> <span class='ocrx_word' id='word_1_255' title='bbox 898 1254 1049 1304; x_wconf 85' lang='lat' dir='ltr'>sanguine</span> <span class='ocrx_word' id='word_1_256' title='bbox 1060 1257 1164 1303; x_wconf 76' lang='lat' dir='ltr'>ejeOca</span> <span class='ocrx_word' id='word_1_257' title='bbox 1176 1253 1347 1289; x_wconf 87' lang='lat' dir='ltr'>cerebrum</span> <span class='ocrx_word' id='word_1_258' title='bbox 1358 1267 1423 1291; x_wconf 79' lang='lat' dir='ltr'>non</span> <span class='ocrx_word' id='word_1_259' title='bbox 1434 1256 1605 1292; x_wconf 86' lang='lat' dir='ltr'>invadunt.</span> 
     </span>
    </p>

    <p class='ocr_par' dir='ltr' id='par_1_5' title="bbox 378 1303 1761 1353">
     <span class='ocr_line' id='line_1_25' title="bbox 378 1303 1761 1353; baseline 0.001 -15"><span class='ocrx_word' id='word_1_260' title='bbox 378 1347 382 1350; x_wconf 23' lang='lat'>²</span> <span class='ocrx_word' id='word_1_261' title='bbox 398 1308 433 1338; x_wconf 88' lang='lat' dir='ltr'>In</span> <span class='ocrx_word' id='word_1_262' title='bbox 450 1317 515 1351; x_wconf 89' lang='lat' dir='ltr'>quo</span> <span class='ocrx_word' id='word_1_263' title='bbox 533 1317 643 1339; x_wconf 87' lang='lat' dir='ltr'>autem</span> <span class='ocrx_word' id='word_1_264' title='bbox 658 1303 757 1353; x_wconf 84' lang='lat' dir='ltr'>posita</span> <span class='ocrx_word' id='word_1_265' title='bbox 771 1303 807 1340; x_wconf 80' lang='lat' dir='ltr'>fit</span> <span class='ocrx_word' id='word_1_266' title='bbox 828 1304 944 1340; x_wconf 85' lang='lat' dir='ltr'>horum</span> <span class='ocrx_word' id='word_1_267' title='bbox 966 1305 1219 1340; x_wconf 78' lang='lat' dir='ltr'>medicaminum</span> <span class='ocrx_word' id='word_1_268' title='bbox 1233 1306 1282 1339; x_wconf 82' lang='lat' dir='ltr'>vis</span> <span class='ocrx_word' id='word_1_269' title='bbox 1297 1306 1459 1338; x_wconf 85' lang='lat' dir='ltr'>narcotica</span> <span class='ocrx_word' id='word_1_270' title='bbox 1478 1332 1487 1347; x_wconf 89' lang='lat'>‚</span> <span class='ocrx_word' id='word_1_271' title='bbox 1507 1316 1560 1339; x_wconf 87' lang='lat' dir='ltr'>aut</span> <span class='ocrx_word' id='word_1_272' title='bbox 1572 1304 1761 1353; x_wconf 78' lang='lat' dir='ltr'>soporifera,</span> 
     </span>
    </p>

    <p class='ocr_par' dir='ltr' id='par_1_6' title="bbox 357 1351 1762 2438">
     <span class='ocr_line' id='line_1_26' title="bbox 364 1351 1759 1401; baseline 0.001 -14"><span class='ocrx_word' id='word_1_273' title='bbox 364 1352 510 1389; x_wconf 86' lang='lat' dir='ltr'>hocloco</span> <span class='ocrx_word' id='word_1_274' title='bbox 524 1353 671 1388; x_wconf 78' lang='lat' dir='ltr'>curiosius</span> <span class='ocrx_word' id='word_1_275' title='bbox 689 1367 754 1389; x_wconf 86' lang='lat' dir='ltr'>non</span> <span class='ocrx_word' id='word_1_276' title='bbox 771 1355 943 1401; x_wconf 80' lang='lat' dir='ltr'>inquiram.</span> <span class='ocrx_word' id='word_1_277' title='bbox 968 1353 1051 1388; x_wconf 85' lang='lat' dir='ltr'>Illud</span> <span class='ocrx_word' id='word_1_278' title='bbox 1068 1366 1192 1389; x_wconf 85' lang='lat' dir='ltr'>certum</span> <span class='ocrx_word' id='word_1_279' title='bbox 1212 1353 1359 1396; x_wconf 71' lang='lat' dir='ltr'>videtur,</span> <span class='ocrx_word' id='word_1_280' title='bbox 1377 1351 1514 1400; x_wconf 85' lang='lat' dir='ltr'>.spiritus</span> <span class='ocrx_word' id='word_1_281' title='bbox 1533 1354 1690 1389; x_wconf 81' lang='lat' dir='ltr'>animales</span> <span class='ocrx_word' id='word_1_282' title='bbox 1715 1354 1759 1389; x_wconf 87' lang='lat' dir='ltr'>ab</span> 
     </span>
     <span class='ocr_line' id='line_1_27' title="bbox 359 1402 1758 1452; baseline 0.002 -17"><span class='ocrx_word' id='word_1_283' title='bbox 359 1405 481 1449; x_wconf 61' lang='lat' dir='ltr'>&gt;opiatis</span> <span class='ocrx_word' id='word_1_284' title='bbox 497 1416 552 1438; x_wconf 84' lang='lat' dir='ltr'>aut</span> <span class='ocrx_word' id='word_1_285' title='bbox 563 1404 739 1452; x_wconf 74' lang='lat' dir='ltr'>profligari,</span> <span class='ocrx_word' id='word_1_286' title='bbox 757 1415 814 1439; x_wconf 85' lang='lat' dir='ltr'>aut</span> <span class='ocrx_word' id='word_1_287' title='bbox 825 1402 1014 1447; x_wconf 82' lang='lat' dir='ltr'>debilitari,</span> <span class='ocrx_word' id='word_1_288' title='bbox 1030 1415 1084 1438; x_wconf 85' lang='lat' dir='ltr'>aut</span> <span class='ocrx_word' id='word_1_289' title='bbox 1094 1403 1197 1451; x_wconf 83' lang='lat' dir='ltr'>fugari</span> <span class='ocrx_word' id='word_1_290' title='bbox 1212 1403 1316 1441; x_wconf 72' lang='lat' dir='ltr'>:adeo</span> <span class='ocrx_word' id='word_1_291' title='bbox 1327 1413 1363 1437; x_wconf 84' lang='lat' dir='ltr'>ut</span> <span class='ocrx_word' id='word_1_292' title='bbox 1376 1414 1450 1437; x_wconf 87' lang='lat' dir='ltr'>cum</span> <span class='ocrx_word' id='word_1_293' title='bbox 1463 1405 1498 1438; x_wconf 87' lang='lat' dir='ltr'>in</span> <span class='ocrx_word' id='word_1_294' title='bbox 1516 1406 1629 1451; x_wconf 70' lang='lat' dir='ltr'>majori</span> <span class='ocrx_word' id='word_1_295' title='bbox 1643 1403 1708 1439; x_wconf 82' lang='lat' dir='ltr'>dosi</span> <span class='ocrx_word' id='word_1_296' title='bbox 1724 1409 1758 1441; x_wconf 74' lang='grc' dir='ltr'>δε</span> 
     </span>
     <span class='ocr_line' id='line_1_28' title="bbox 363 1449 1760 1500; baseline 0 -16"><span class='ocrx_word' id='word_1_297' title='bbox 363 1453 401 1485; x_wconf 89' lang='lat' dir='ltr'>iis</span> <span class='ocrx_word' id='word_1_298' title='bbox 414 1455 470 1500; x_wconf 88' lang='lat' dir='ltr'>qui</span> <span class='ocrx_word' id='word_1_299' title='bbox 483 1466 547 1488; x_wconf 93' lang='lat' dir='ltr'>non</span> <span class='ocrx_word' id='word_1_300' title='bbox 562 1452 632 1488; x_wconf 85' lang='lat' dir='ltr'>sunt</span> <span class='ocrx_word' id='word_1_301' title='bbox 641 1452 749 1488; x_wconf 82' lang='lat' dir='ltr'>afflicti</span> <span class='ocrx_word' id='word_1_302' title='bbox 763 1482 772 1495; x_wconf 85' lang='lat'>‚</span> <span class='ocrx_word' id='word_1_303' title='bbox 784 1464 837 1487; x_wconf 84' lang='lat' dir='ltr'>aur</span> <span class='ocrx_word' id='word_1_304' title='bbox 854 1455 911 1500; x_wconf 89' lang='lat' dir='ltr'>qui</span> <span class='ocrx_word' id='word_1_305' title='bbox 922 1464 1034 1489; x_wconf 80' lang='lat' dir='ltr'>natura</span> <span class='ocrx_word' id='word_1_306' title='bbox 1047 1452 1098 1490; x_wconf 77' lang='lat' dir='ltr'>sua</span> <span class='ocrx_word' id='word_1_307' title='bbox 1111 1451 1181 1487; x_wconf 85' lang='lat' dir='ltr'>sunt</span> <span class='ocrx_word' id='word_1_308' title='bbox 1194 1449 1295 1486; x_wconf 72' lang='lat' dir='ltr'>debili</span> <span class='ocrx_word' id='word_1_309' title='bbox 1306 1450 1409 1498; x_wconf 83' lang='lat' dir='ltr'>pulsu,</span> <span class='ocrx_word' id='word_1_310' title='bbox 1426 1463 1481 1486; x_wconf 86' lang='lat' dir='ltr'>aut</span> <span class='ocrx_word' id='word_1_311' title='bbox 1499 1452 1690 1488; x_wconf 78' lang='lat' dir='ltr'>somnolenti</span> <span class='ocrx_word' id='word_1_312' title='bbox 1701 1453 1760 1487; x_wconf 85' lang='lat' dir='ltr'>ad..</span> 
     </span>
     <span class='ocr_line' id='line_1_29' title="bbox 364 1500 1759 1545; baseline 0 -10"><span class='ocrx_word' id='word_1_313' title='bbox 364 1500 517 1536; x_wconf 78' lang='lat' dir='ltr'>hibentur</span> <span class='ocrx_word' id='word_1_314' title='bbox 533 1531 542 1545; x_wconf 88' lang='lat'><strong>,</strong></span> <span class='ocrx_word' id='word_1_315' title='bbox 558 1503 717 1537; x_wconf 84' lang='lat' dir='ltr'>interdurn</span> <span class='ocrx_word' id='word_1_316' title='bbox 741 1502 896 1537; x_wconf 80' lang='lat' dir='ltr'>lethalem</span> <span class='ocrx_word' id='word_1_317' title='bbox 913 1502 1059 1538; x_wconf 83' lang='lat' dir='ltr'>somnum</span> <span class='ocrx_word' id='word_1_318' title='bbox 1077 1502 1243 1537; x_wconf 83' lang='lat' dir='ltr'>inducant.</span> <span class='ocrx_word' id='word_1_319' title='bbox 1269 1503 1383 1536; x_wconf 86' lang='lat' dir='ltr'>Turcae</span> <span class='ocrx_word' id='word_1_320' title='bbox 1398 1506 1433 1537; x_wconf 72' lang='grc' dir='ltr'>δι</span> <span class='ocrx_word' id='word_1_321' title='bbox 1449 1501 1635 1537; x_wconf 85' lang='lat' dir='ltr'>Orientales</span> <span class='ocrx_word' id='word_1_322' title='bbox 1653 1503 1759 1536; x_wconf 90' lang='lat' dir='ltr'>miuus</span> 
     </span>
     <span class='ocr_line' id='line_1_30' title="bbox 363 1549 1759 1600; baseline 0.001 -16"><span class='ocrx_word' id='word_1_323' title='bbox 363 1549 432 1585; x_wconf 82' lang='lat' dir='ltr'>laedi</span> <span class='ocrx_word' id='word_1_324' title='bbox 452 1551 555 1587; x_wconf 74' lang='lat' dir='ltr'>solent</span> <span class='ocrx_word' id='word_1_325' title='bbox 579 1551 620 1586; x_wconf 89' lang='lat' dir='ltr'>ab</span> <span class='ocrx_word' id='word_1_326' title='bbox 643 1552 697 1587; x_wconf 83' lang='lat' dir='ltr'>usu</span> <span class='ocrx_word' id='word_1_327' title='bbox 715 1553 1003 1600; x_wconf 85' lang='lat' dir='ltr'>opiatorurnquod</span> <span class='ocrx_word' id='word_1_328' title='bbox 1026 1555 1059 1586; x_wconf 89' lang='lat' dir='ltr'>in</span> <span class='ocrx_word' id='word_1_329' title='bbox 1077 1553 1112 1586; x_wconf 86' lang='lat' dir='ltr'>iis</span> <span class='ocrx_word' id='word_1_330' title='bbox 1132 1551 1215 1585; x_wconf 83' lang='lat' dir='ltr'>forte</span> <span class='ocrx_word' id='word_1_331' title='bbox 1235 1549 1358 1599; x_wconf 81' lang='lat' dir='ltr'>sanguis</span> <span class='ocrx_word' id='word_1_332' title='bbox 1375 1550 1495 1590; x_wconf 72' lang='lat' dir='ltr'>adustus</span> <span class='ocrx_word' id='word_1_333' title='bbox 1516 1551 1640 1598; x_wconf 82' lang='lat' dir='ltr'>spiritus</span> <span class='ocrx_word' id='word_1_334' title='bbox 1656 1553 1759 1598; x_wconf 69' lang='lat' dir='ltr'>magis</span> 
     </span>
     <span class='ocr_line' id='line_1_31' title="bbox 366 1598 1757 1650; baseline 0 -16"><span class='ocrx_word' id='word_1_335' title='bbox 366 1599 514 1635; x_wconf 77' lang='lat' dir='ltr'>volatiles</span> <span class='ocrx_word' id='word_1_336' title='bbox 535 1613 699 1650; x_wconf 62' lang='lat' dir='ltr'>procreet,</span> <span class='ocrx_word' id='word_1_337' title='bbox 711 1601 765 1635; x_wconf 86' lang='lat' dir='ltr'>vel</span> <span class='ocrx_word' id='word_1_338' title='bbox 782 1603 893 1649; x_wconf 74' lang='lat' dir='ltr'>potiusv</span> <span class='ocrx_word' id='word_1_339' title='bbox 910 1602 996 1648; x_wconf 79' lang='lat' dir='ltr'>quo-:l</span> <span class='ocrx_word' id='word_1_340' title='bbox 1012 1603 1049 1635; x_wconf 90' lang='lat' dir='ltr'>iis</span> <span class='ocrx_word' id='word_1_341' title='bbox 1061 1600 1214 1648; x_wconf 73' lang='lat' dir='ltr'>paulatim</span> <span class='ocrx_word' id='word_1_342' title='bbox 1226 1598 1396 1635; x_wconf 83' lang='lat' dir='ltr'>assuescant</span> <span class='ocrx_word' id='word_1_343' title='bbox 1409 1628 1418 1642; x_wconf 81' lang='lat'>,</span> <span class='ocrx_word' id='word_1_344' title='bbox 1439 1611 1474 1635; x_wconf 91' lang='lat' dir='ltr'>ut</span> <span class='ocrx_word' id='word_1_345' title='bbox 1485 1602 1630 1648; x_wconf 81' lang='lat' dir='ltr'>Europaei</span> <span class='ocrx_word' id='word_1_346' title='bbox 1648 1599 1757 1634; x_wconf 80' lang='lat' dir='ltr'>herbae</span> 
     </span>
     <span class='ocr_line' id='line_1_32' title="bbox 364 1650 1760 1698; baseline -0.002 -14"><span class='ocrx_word' id='word_1_347' title='bbox 364 1650 536 1685; x_wconf 81' lang='lat' dir='ltr'>nicotianae</span> <span class='ocrx_word' id='word_1_348' title='bbox 549 1663 620 1698; x_wconf 81' lang='lat' dir='ltr'>quae</span> <span class='ocrx_word' id='word_1_349' title='bbox 640 1653 673 1686; x_wconf 85' lang='lat' dir='ltr'>vi</span> <span class='ocrx_word' id='word_1_350' title='bbox 695 1651 808 1693; x_wconf 76' lang='lat' dir='ltr'>itidem</span> <span class='ocrx_word' id='word_1_351' title='bbox 827 1653 990 1686; x_wconf 85' lang='lat' dir='ltr'>narcotica</span> <span class='ocrx_word' id='word_1_352' title='bbox 1005 1651 1161 1685; x_wconf 72' lang='lat' dir='ltr'>donatur&#39;</span> <span class='ocrx_word' id='word_1_353' title='bbox 1177 1651 1358 1696; x_wconf 72' lang='lat' dir='ltr'>Sirupusex</span> <span class='ocrx_word' id='word_1_354' title='bbox 1376 1661 1536 1696; x_wconf 80' lang='lat' dir='ltr'>papavere</span> <span class='ocrx_word' id='word_1_355' title='bbox 1553 1650 1706 1692; x_wconf 81' lang='lat' dir='ltr'>erratico,</span> <span class='ocrx_word' id='word_1_356' title='bbox 1726 1662 1760 1685; x_wconf 83' lang='lat' dir='ltr'>v.</span> 
     </span>
     <span class='ocr_line' id='line_1_33' title="bbox 357 1697 1758 1748; baseline -0.001 -16"><span class='ocrx_word' id='word_1_357' title='bbox 357 1698 445 1746; x_wconf 81' lang='lat' dir='ltr'>firop</span> <span class='ocrx_word' id='word_1_358' title='bbox 464 1699 503 1733; x_wconf 86' lang='lat' dir='ltr'>de</span> <span class='ocrx_word' id='word_1_359' title='bbox 519 1700 688 1746; x_wconf 77' lang='lat' dir='ltr'>coquelicot</span> <span class='ocrx_word' id='word_1_360' title='bbox 702 1729 710 1742; x_wconf 89' lang='lat'>,</span> <span class='ocrx_word' id='word_1_361' title='bbox 724 1701 833 1734; x_wconf 90' lang='lat' dir='ltr'>mitius</span> <span class='ocrx_word' id='word_1_362' title='bbox 852 1712 1002 1748; x_wconf 82' lang='lat' dir='ltr'>operatur</span> <span class='ocrx_word' id='word_1_363' title='bbox 1014 1729 1021 1742; x_wconf 88' lang='lat'><strong>,</strong></span> <span class='ocrx_word' id='word_1_364' title='bbox 1033 1711 1093 1734; x_wconf 91' lang='lat' dir='ltr'>nec</span> <span class='ocrx_word' id='word_1_365' title='bbox 1109 1698 1299 1747; x_wconf 64' lang='lat' dir='ltr'>dysenteriae</span> <span class='ocrx_word' id='word_1_366' title='bbox 1311 1699 1412 1731; x_wconf 89' lang='lat' dir='ltr'>modo</span> <span class='ocrx_word' id='word_1_367' title='bbox 1424 1727 1431 1741; x_wconf 93' lang='lat'>‚</span> <span class='ocrx_word' id='word_1_368' title='bbox 1457 1697 1509 1734; x_wconf 77' lang='lat' dir='ltr'>sed</span> <span class='ocrx_word' id='word_1_369' title='bbox 1527 1700 1627 1733; x_wconf 87' lang='lat' dir='ltr'>etiam</span> <span class='ocrx_word' id='word_1_370' title='bbox 1639 1697 1758 1745; x_wconf 85' lang='lat' dir='ltr'>pleuri-</span> 
     </span>
     <span class='ocr_line' id='line_1_34' title="bbox 364 1746 1759 1798; baseline 0.001 -18"><span class='ocrx_word' id='word_1_371' title='bbox 364 1748 423 1780; x_wconf 85' lang='lat' dir='ltr'>tidi</span> <span class='ocrx_word' id='word_1_372' title='bbox 442 1754 475 1785; x_wconf 90' lang='lat'>&amp;</span> <span class='ocrx_word' id='word_1_373' title='bbox 489 1751 614 1798; x_wconf 77' lang='lat' dir='ltr'>rmgnis</span> <span class='ocrx_word' id='word_1_374' title='bbox 630 1748 778 1783; x_wconf 85' lang='lat' dir='ltr'>febribus</span> <span class='ocrx_word' id='word_1_375' title='bbox 794 1748 875 1783; x_wconf 84' lang='lat' dir='ltr'>utile</span> <span class='ocrx_word' id='word_1_376' title='bbox 889 1750 1071 1784; x_wconf 86' lang='lat' dir='ltr'>remedium</span> <span class='ocrx_word' id='word_1_377' title='bbox 1087 1748 1236 1783; x_wconf 83' lang='lat' dir='ltr'>habetur.</span> <span class='ocrx_word' id='word_1_378' title='bbox 1258 1746 1368 1795; x_wconf 81' lang='lat' dir='ltr'>Anglae</span> <span class='ocrx_word' id='word_1_379' title='bbox 1381 1746 1528 1781; x_wconf 85' lang='lat' dir='ltr'>mulieres</span> <span class='ocrx_word' id='word_1_380' title='bbox 1552 1747 1672 1795; x_wconf 83' lang='lat' dir='ltr'>spiritui</span> <span class='ocrx_word' id='word_1_381' title='bbox 1688 1748 1759 1781; x_wconf 83' lang='lat' dir='ltr'>vini</span> 
     </span>
     <span class='ocr_line' id='line_1_35' title="bbox 364 1795 1759 1846; baseline -0.001 -16"><span class='ocrx_word' id='word_1_382' title='bbox 364 1795 459 1831; x_wconf 87' lang='lat' dir='ltr'>flores</span> <span class='ocrx_word' id='word_1_383' title='bbox 470 1800 638 1846; x_wconf 78' lang='lat' dir='ltr'>papaveris</span> <span class='ocrx_word' id='word_1_384' title='bbox 647 1800 774 1833; x_wconf 86' lang='lat' dir='ltr'>erratici</span> <span class='ocrx_word' id='word_1_385' title='bbox 789 1798 964 1833; x_wconf 76' lang='lat' dir='ltr'>infundunt</span> <span class='ocrx_word' id='word_1_386' title='bbox 976 1828 984 1842; x_wconf 88' lang='lat'>,</span> <span class='ocrx_word' id='word_1_387' title='bbox 997 1803 1030 1835; x_wconf 87' lang='lat'>&amp;</span> <span class='ocrx_word' id='word_1_388' title='bbox 1041 1797 1186 1833; x_wconf 81' lang='lat' dir='ltr'>aestatein</span> <span class='ocrx_word' id='word_1_389' title='bbox 1208 1796 1278 1832; x_wconf 78' lang='lat' dir='ltr'>vase</span> <span class='ocrx_word' id='word_1_390' title='bbox 1290 1795 1417 1831; x_wconf 88' lang='lat' dir='ltr'>occluso</span> <span class='ocrx_word' id='word_1_391' title='bbox 1429 1796 1484 1830; x_wconf 69' lang='lat' dir='ltr'>so¹i</span> <span class='ocrx_word' id='word_1_392' title='bbox 1493 1808 1666 1845; x_wconf 85' lang='lat' dir='ltr'>opponunt</span> <span class='ocrx_word' id='word_1_393' title='bbox 1678 1812 1686 1838; x_wconf 91' lang='lat'>-,</span> <span class='ocrx_word' id='word_1_394' title='bbox 1698 1809 1759 1829; x_wconf 88' lang='lat' dir='ltr'>vo-</span> 
     </span>
     <span class='ocr_line' id='line_1_36' title="bbox 364 1845 1759 1895; baseline -0.001 -15"><span class='ocrx_word' id='word_1_395' title='bbox 364 1857 440 1881; x_wconf 81' lang='lat' dir='ltr'>cant</span> <span class='ocrx_word' id='word_1_396' title='bbox 462 1857 564 1894; x_wconf 60' lang='lat' dir='ltr'>poppjv</span> <span class='ocrx_word' id='word_1_397' title='bbox 581 1848 731 1889; x_wconf 62' lang='lat' dir='ltr'>vaw,</span> <span class='ocrx_word' id='word_1_398' title='bbox 746 1846 796 1882; x_wconf 85' lang='lat' dir='ltr'>seu</span> <span class='ocrx_word' id='word_1_399' title='bbox 812 1860 930 1893; x_wconf 81' lang='lat' dir='ltr'>aquam</span> <span class='ocrx_word' id='word_1_400' title='bbox 948 1848 1118 1895; x_wconf 71' lang='lat' dir='ltr'>papaveris</span> <span class='ocrx_word' id='word_1_401' title='bbox 1131 1876 1140 1889; x_wconf 88' lang='lat'><strong>‚</strong></span> <span class='ocrx_word' id='word_1_402' title='bbox 1154 1859 1224 1894; x_wconf 74' lang='lat' dir='ltr'>quae</span> <span class='ocrx_word' id='word_1_403' title='bbox 1247 1845 1367 1879; x_wconf 83' lang='lat' dir='ltr'>colicos</span> <span class='ocrx_word' id='word_1_404' title='bbox 1387 1846 1514 1879; x_wconf 84' lang='lat' dir='ltr'>dolores</span> <span class='ocrx_word' id='word_1_405' title='bbox 1529 1846 1629 1887; x_wconf 74' lang='lat' dir='ltr'>lenit,</span> <span class='ocrx_word' id='word_1_406' title='bbox 1653 1850 1687 1880; x_wconf 72' lang='grc' dir='ltr'>δε</span> <span class='ocrx_word' id='word_1_407' title='bbox 1701 1854 1759 1878; x_wconf 81' lang='lat' dir='ltr'>eos</span> 
     </span>
     <span class='ocr_line' id='line_1_37' title="bbox 366 1892 1760 1942; baseline -0.002 -16"><span class='ocrx_word' id='word_1_408' title='bbox 366 1897 503 1929; x_wconf 67' lang='lat' dir='ltr'>maxime</span> <span class='ocrx_word' id='word_1_409' title='bbox 516 1897 572 1940; x_wconf 84' lang='lat' dir='ltr'>qui</span> <span class='ocrx_word' id='word_1_410' title='bbox 596 1908 638 1930; x_wconf 87' lang='lat' dir='ltr'>ex</span> <span class='ocrx_word' id='word_1_411' title='bbox 649 1895 776 1942; x_wconf 76' lang='lat' dir='ltr'>crapula</span> <span class='ocrx_word' id='word_1_412' title='bbox 798 1898 957 1930; x_wconf 85' lang='lat' dir='ltr'>oriuntur.</span> <span class='ocrx_word' id='word_1_413' title='bbox 989 1899 1044 1932; x_wconf 89' lang='lat' dir='ltr'>Ne</span> <span class='ocrx_word' id='word_1_414' title='bbox 1063 1895 1138 1928; x_wconf 82' lang='lat' dir='ltr'>illud</span> <span class='ocrx_word' id='word_1_415' title='bbox 1153 1895 1286 1941; x_wconf 86' lang='lat' dir='ltr'>quidem</span> <span class='ocrx_word' id='word_1_416' title='bbox 1303 1895 1455 1927; x_wconf 82' lang='lat' dir='ltr'>omittere</span> <span class='ocrx_word' id='word_1_417' title='bbox 1473 1892 1760 1941; x_wconf 82' lang='lat' dir='ltr'>poffiimus,lauda-</span> 
     </span>
     <span class='ocr_line' id='line_1_38' title="bbox 365 1940 1759 1991; baseline 0.001 -15"><span class='ocrx_word' id='word_1_418' title='bbox 365 1955 442 1977; x_wconf 87' lang='lat' dir='ltr'>num</span> <span class='ocrx_word' id='word_1_419' title='bbox 465 1944 624 1991; x_wconf 88' lang='lat' dir='ltr'>liquidum</span> <span class='ocrx_word' id='word_1_420' title='bbox 643 1945 763 1978; x_wconf 71' lang='lat' dir='ltr'>exteris</span> <span class='ocrx_word' id='word_1_421' title='bbox 782 1946 966 1990; x_wconf 86' lang='lat' dir='ltr'>opiatorum</span> <span class='ocrx_word' id='word_1_422' title='bbox 987 1943 1134 1978; x_wconf 87' lang='lat' dir='ltr'>formulis</span> <span class='ocrx_word' id='word_1_423' title='bbox 1149 1942 1372 1977; x_wconf 84' lang='lat' dir='ltr'>commendari</span> <span class='ocrx_word' id='word_1_424' title='bbox 1390 1940 1432 1976; x_wconf 84' lang='lat' dir='ltr'>ab</span> <span class='ocrx_word' id='word_1_425' title='bbox 1456 1941 1622 1986; x_wconf 57' lang='lat' dir='ltr'>XWillifiO·</span> <span class='ocrx_word' id='word_1_426' title='bbox 1655 1944 1759 1977; x_wconf 85' lang='lat' dir='ltr'>Succo</span> 
     </span>
     <span class='ocr_line' id='line_1_39' title="bbox 364 1990 1760 2041; baseline -0.004 -15"><span class='ocrx_word' id='word_1_427' title='bbox 364 1993 580 2041; x_wconf 87' lang='lat' dir='ltr'>cydoniorum</span> <span class='ocrx_word' id='word_1_428' title='bbox 606 2006 677 2028; x_wconf 85' lang='lat' dir='ltr'>cum</span> <span class='ocrx_word' id='word_1_429' title='bbox 697 1991 778 2027; x_wconf 81' lang='lat' dir='ltr'>flore</span> <span class='ocrx_word' id='word_1_430' title='bbox 800 1990 945 2027; x_wconf 36' lang='lat' dir='ltr'>cerevisia</span> <span class='ocrx_word' id='word_1_431' title='bbox 988 1993 1187 2028; x_wconf 82' lang='lat' dir='ltr'>fermentato</span> <span class='ocrx_word' id='word_1_432' title='bbox 1213 1992 1351 2026; x_wconf 61' lang='lat' dir='ltr'>tinctura</span> <span class='ocrx_word' id='word_1_433' title='bbox 1371 1993 1440 2039; x_wconf 85' lang='lat' dir='ltr'>opii</span> <span class='ocrx_word' id='word_1_434' title='bbox 1464 1997 1496 2028; x_wconf 63' lang='grc' dir='ltr'>δε</span> <span class='ocrx_word' id='word_1_435' title='bbox 1516 1993 1600 2026; x_wconf 87' lang='lat' dir='ltr'>croci</span> <span class='ocrx_word' id='word_1_436' title='bbox 1614 1991 1760 2027; x_wconf 83' lang='lat' dir='ltr'>extrahi-</span> 
     </span>
     <span class='ocr_line' id='line_1_40' title="bbox 366 2040 1759 2090; baseline -0.001 -14"><span class='ocrx_word' id='word_1_437' title='bbox 366 2053 435 2086; x_wconf 73' lang='lat' dir='ltr'>tui-3</span> <span class='ocrx_word' id='word_1_438' title='bbox 457 2042 524 2077; x_wconf 78' lang='lat' dir='ltr'>haec</span> <span class='ocrx_word' id='word_1_439' title='bbox 541 2042 746 2090; x_wconf 82' lang='lat' dir='ltr'>percolatur:</span> <span class='ocrx_word' id='word_1_440' title='bbox 765 2042 854 2089; x_wconf 79' lang='lat' dir='ltr'>quod</span> <span class='ocrx_word' id='word_1_441' title='bbox 869 2041 1032 2089; x_wconf 87' lang='lat' dir='ltr'>reliquum</span> <span class='ocrx_word' id='word_1_442' title='bbox 1049 2042 1092 2076; x_wconf 88' lang='lat' dir='ltr'>est</span> <span class='ocrx_word' id='word_1_443' title='bbox 1111 2043 1143 2076; x_wconf 86' lang='lat' dir='ltr'>in</span> <span class='ocrx_word' id='word_1_444' title='bbox 1160 2040 1262 2083; x_wconf 84' lang='lat' dir='ltr'>vase,</span> <span class='ocrx_word' id='word_1_445' title='bbox 1280 2040 1311 2073; x_wconf 89' lang='lat' dir='ltr'>id</span> <span class='ocrx_word' id='word_1_446' title='bbox 1338 2040 1384 2074; x_wconf 90' lang='lat' dir='ltr'>est</span> <span class='ocrx_word' id='word_1_447' title='bbox 1400 2040 1574 2076; x_wconf 85' lang='lat' dir='ltr'>laudanurn</span> <span class='ocrx_word' id='word_1_448' title='bbox 1592 2041 1759 2087; x_wconf 88' lang='lat' dir='ltr'>liquidum,</span> 
     </span>
     <span class='ocr_line' id='line_1_41' title="bbox 364 2088 1761 2141; baseline -0.004 -13"><span class='ocrx_word' id='word_1_449' title='bbox 364 2092 538 2141; x_wconf 74' lang='lat' dir='ltr'>cujus-dosis</span> <span class='ocrx_word' id='word_1_450' title='bbox 549 2105 574 2139; x_wconf 86' lang='lat'>¹5</span> <span class='ocrx_word' id='word_1_451' title='bbox 594 2103 693 2139; x_wconf 78' lang='lat' dir='ltr'>guttae</span> <span class='ocrx_word' id='word_1_452' title='bbox 705 2090 803 2138; x_wconf 87' lang='lat' dir='ltr'>usque</span> <span class='ocrx_word' id='word_1_453' title='bbox 817 2091 855 2125; x_wconf 87' lang='lat' dir='ltr'>ad</span> <span class='ocrx_word' id='word_1_454' title='bbox 869 2104 928 2126; x_wconf 84' lang='lat'>20:</span> <span class='ocrx_word' id='word_1_455' title='bbox 949 2104 1018 2139; x_wconf 68' lang='lat' dir='ltr'>pars</span> <span class='ocrx_word' id='word_1_456' title='bbox 1032 2091 1115 2126; x_wconf 82' lang='lat' dir='ltr'>illius</span> <span class='ocrx_word' id='word_1_457' title='bbox 1131 2093 1250 2124; x_wconf 84' lang='lat' dir='ltr'>iterum</span> <span class='ocrx_word' id='word_1_458' title='bbox 1263 2088 1430 2124; x_wconf 73' lang='lat' dir='ltr'>exhalatur</span> <span class='ocrx_word' id='word_1_459' title='bbox 1444 2119 1452 2133; x_wconf 85' lang='lat'>‚</span> <span class='ocrx_word' id='word_1_460' title='bbox 1467 2095 1501 2126; x_wconf 69' lang='grc' dir='ltr'>δε</span> <span class='ocrx_word' id='word_1_461' title='bbox 1516 2092 1548 2124; x_wconf 90' lang='lat' dir='ltr'>in</span> <span class='ocrx_word' id='word_1_462' title='bbox 1567 2089 1680 2137; x_wconf 82' lang='lat' dir='ltr'>pilulas</span> <span class='ocrx_word' id='word_1_463' title='bbox 1693 2089 1761 2124; x_wconf 89' lang='lat' dir='ltr'>for-</span> 
     </span>
     <span class='ocr_line' id='line_1_42' title="bbox 365 2136 1761 2190; baseline -0.003 -13"><span class='ocrx_word' id='word_1_464' title='bbox 365 2154 471 2178; x_wconf 74' lang='lat' dir='ltr'>matur</span> <span class='ocrx_word' id='word_1_465' title='bbox 487 2171 496 2185; x_wconf 93' lang='lat'>‚</span> <span class='ocrx_word' id='word_1_466' title='bbox 519 2141 538 2177; x_wconf 78' lang='grc' dir='ltr'>ὲι</span> <span class='ocrx_word' id='word_1_467' title='bbox 555 2154 656 2190; x_wconf 80' lang='lat' dir='ltr'>grano</span> <span class='ocrx_word' id='word_1_468' title='bbox 679 2153 744 2175; x_wconf 88' lang='lat' dir='ltr'>uno</span> <span class='ocrx_word' id='word_1_469' title='bbox 762 2170 771 2183; x_wconf 81' lang='lat'>‚</span> <span class='ocrx_word' id='word_1_470' title='bbox 792 2139 890 2187; x_wconf 86' lang='lat' dir='ltr'>usque</span> <span class='ocrx_word' id='word_1_471' title='bbox 909 2141 947 2175; x_wconf 83' lang='lat' dir='ltr'>ad</span> <span class='ocrx_word' id='word_1_472' title='bbox 967 2141 1031 2175; x_wconf 88' lang='lat' dir='ltr'>duo</span> <span class='ocrx_word' id='word_1_473' title='bbox 1049 2139 1236 2175; x_wconf 67' lang='lat' dir='ltr'>exhibetur.</span> <span class='ocrx_word' id='word_1_474' title='bbox 1264 2136 1387 2175; x_wconf 75' lang='lat' dir='ltr'>Clariss&#39;.</span> <span class='ocrx_word' id='word_1_475' title='bbox 1406 2139 1619 2187; x_wconf 77' lang='lat' dir='ltr'>Syndcnham</span> <span class='ocrx_word' id='word_1_476' title='bbox 1637 2137 1761 2173; x_wconf 85' lang='lat' dir='ltr'>nullum</span> 
     </span>
     <span class='ocr_line' id='line_1_43' title="bbox 364 2187 1758 2238; baseline -0.004 -12"><span class='ocrx_word' id='word_1_477' title='bbox 364 2191 433 2226; x_wconf 86' lang='lat' dir='ltr'>fere</span> <span class='ocrx_word' id='word_1_478' title='bbox 454 2190 622 2227; x_wconf 83' lang='lat' dir='ltr'>discrimen</span> <span class='ocrx_word' id='word_1_479' title='bbox 646 2192 731 2225; x_wconf 82' lang='lat' dir='ltr'>inter</span> <span class='ocrx_word' id='word_1_480' title='bbox 749 2192 817 2238; x_wconf 86' lang='lat' dir='ltr'>opii</span> <span class='ocrx_word' id='word_1_481' title='bbox 842 2202 1015 2238; x_wconf 70' lang='lat' dir='ltr'>praeparata</span> <span class='ocrx_word' id='word_1_482' title='bbox 1038 2187 1099 2224; x_wconf 76' lang='lat' dir='ltr'>effe</span> <span class='ocrx_word' id='word_1_483' title='bbox 1127 2190 1293 2224; x_wconf 70' lang='lat' dir='ltr'>existimat·</span> <span class='ocrx_word' id='word_1_484' title='bbox 1318 2189 1419 2237; x_wconf 70' lang='lat' dir='ltr'>HuJus</span> <span class='ocrx_word' id='word_1_485' title='bbox 1437 2199 1545 2223; x_wconf 82' lang='lat' dir='ltr'>tamen</span> <span class='ocrx_word' id='word_1_486' title='bbox 1583 2187 1758 2223; x_wconf 85' lang='lat' dir='ltr'>formulam</span> 
     </span>
     <span class='ocr_line' id='line_1_44' title="bbox 364 2237 1760 2288; baseline -0.004 -13"><span class='ocrx_word' id='word_1_487' title='bbox 364 2253 427 2288; x_wconf 81' lang='lat' dir='ltr'>prae</span> <span class='ocrx_word' id='word_1_488' title='bbox 446 2243 568 2277; x_wconf 78' lang='lat' dir='ltr'>caeteris</span> <span class='ocrx_word' id='word_1_489' title='bbox 589 2239 798 2274; x_wconf 79' lang='lat' dir='ltr'>commendat</span> <span class='ocrx_word' id='word_1_490' title='bbox 820 2254 828 2275; x_wconf 92' lang='lat'><strong>:</strong></span> <span class='ocrx_word' id='word_1_491' title='bbox 849 2240 916 2274; x_wconf 87' lang='lat' dir='ltr'>vini</span> <span class='ocrx_word' id='word_1_492' title='bbox 947 2239 1115 2285; x_wconf 73' lang='lat' dir='ltr'>Hispmici</span> <span class='ocrx_word' id='word_1_493' title='bbox 1138 2237 1256 2273; x_wconf 86' lang='lat' dir='ltr'>libram</span> <span class='ocrx_word' id='word_1_494' title='bbox 1277 2250 1373 2272; x_wconf 87' lang='lat' dir='ltr'>unam</span> <span class='ocrx_word' id='word_1_495' title='bbox 1384 2240 1475 2285; x_wconf 62' lang='lat' dir='ltr'>,opii</span> <span class='ocrx_word' id='word_1_496' title='bbox 1489 2251 1505 2272; x_wconf 77' lang='lat'><em>2</em></span> <span class='ocrx_word' id='word_1_497' title='bbox 1526 2239 1655 2280; x_wconf 86' lang='lat' dir='ltr'>uncias,</span> <span class='ocrx_word' id='word_1_498' title='bbox 1675 2237 1760 2270; x_wconf 87' lang='lat' dir='ltr'>croci</span> 
     </span>
     <span class='ocr_line' id='line_1_45' title="bbox 364 2284 1762 2339; baseline -0.006 -13"><span class='ocrx_word' id='word_1_499' title='bbox 364 2290 613 2339; x_wconf 74' lang='lat' dir='ltr'>unam,pulveris</span> <span class='ocrx_word' id='word_1_500' title='bbox 633 2291 834 2326; x_wconf 76' lang='lat' dir='ltr'>cinnamomi</span> <span class='ocrx_word' id='word_1_501' title='bbox 844 2288 1171 2337; x_wconf 83' lang='lat' dir='ltr'>&amp;caryophyllorum</span> <span class='ocrx_word' id='word_1_502' title='bbox 1185 2300 1221 2322; x_wconf 85' lang='lat' dir='ltr'>ex</span> <span class='ocrx_word' id='word_1_503' title='bbox 1235 2285 1361 2336; x_wconf 72' lang='lat' dir='ltr'>singulis</span> <span class='ocrx_word' id='word_1_504' title='bbox 1374 2300 1471 2322; x_wconf 86' lang='lat' dir='ltr'>unam</span> <span class='ocrx_word' id='word_1_505' title='bbox 1483 2287 1667 2321; x_wconf 75' lang='lat' dir='ltr'>drachmam</span> <span class='ocrx_word' id='word_1_506' title='bbox 1684 2284 1762 2319; x_wconf 81' lang='lat' dir='ltr'>mis-</span> 
     </span>
     <span class='ocr_line' id='line_1_46' title="bbox 363 2333 1760 2387; baseline -0.005 -12"><span class='ocrx_word' id='word_1_507' title='bbox 363 2352 433 2382; x_wconf 86' lang='lat' dir='ltr'>cet,</span> <span class='ocrx_word' id='word_1_508' title='bbox 447 2337 535 2376; x_wconf 83' lang='lat' dir='ltr'>simul</span> <span class='ocrx_word' id='word_1_509' title='bbox 553 2341 664 2387; x_wconf 84' lang='lat' dir='ltr'>coquit</span> <span class='ocrx_word' id='word_1_510' title='bbox 679 2342 710 2373; x_wconf 89' lang='lat' dir='ltr'>in</span> <span class='ocrx_word' id='word_1_511' title='bbox 725 2337 953 2375; x_wconf 78' lang='lat' dir='ltr'>balneomariae</span> <span class='ocrx_word' id='word_1_512' title='bbox 970 2351 1026 2386; x_wconf 83' lang='lat' dir='ltr'>per</span> <span class='ocrx_word' id='word_1_513' title='bbox 1036 2339 1115 2372; x_wconf 86' lang='lat' dir='ltr'>duos</span> <span class='ocrx_word' id='word_1_514' title='bbox 1127 2336 1180 2371; x_wconf 83' lang='lat' dir='ltr'>vel</span> <span class='ocrx_word' id='word_1_515' title='bbox 1197 2347 1259 2371; x_wconf 90' lang='lat' dir='ltr'>tres</span> <span class='ocrx_word' id='word_1_516' title='bbox 1278 2337 1346 2370; x_wconf 89' lang='lat' dir='ltr'>dies</span> <span class='ocrx_word' id='word_1_517' title='bbox 1362 2366 1370 2379; x_wconf 95' lang='lat'>,</span> <span class='ocrx_word' id='word_1_518' title='bbox 1387 2337 1491 2374; x_wconf 83' lang='lat' dir='ltr'>donec</span> <span class='ocrx_word' id='word_1_519' title='bbox 1513 2336 1618 2383; x_wconf 84' lang='lat' dir='ltr'>liquor</span> <span class='ocrx_word' id='word_1_520' title='bbox 1631 2333 1760 2368; x_wconf 83' lang='lat' dir='ltr'>debiam</span> 
     </span>
     <span class='ocr_line' id='line_1_47' title="bbox 362 2384 1760 2438; baseline -0.005 -14"><span class='ocrx_word' id='word_1_521' title='bbox 362 2388 596 2426; x_wconf 80' lang='lat' dir='ltr'>consistentiam</span> <span class='ocrx_word' id='word_1_522' title='bbox 612 2391 780 2438; x_wconf 79' lang='lat' dir='ltr'>acquirat:</span> <span class='ocrx_word' id='word_1_523' title='bbox 798 2401 873 2425; x_wconf 87' lang='lat' dir='ltr'>cum</span> <span class='ocrx_word' id='word_1_524' title='bbox 894 2389 1104 2425; x_wconf 84' lang='lat' dir='ltr'>catharticum</span> <span class='ocrx_word' id='word_1_525' title='bbox 1121 2386 1273 2426; x_wconf 52' lang='lat' dir='ltr'>fundium</span> <span class='ocrx_word' id='word_1_526' title='bbox 1287 2386 1476 2426; x_wconf 81' lang='lat' dir='ltr'>est-munere</span> <span class='ocrx_word' id='word_1_527' title='bbox 1490 2384 1567 2428; x_wconf 87' lang='lat' dir='ltr'>suo,</span> <span class='ocrx_word' id='word_1_528' title='bbox 1598 2396 1635 2430; x_wconf 90' lang='lat'>14</span> <span class='ocrx_word' id='word_1_529' title='bbox 1658 2395 1712 2418; x_wconf 87' lang='lat' dir='ltr'>aut</span> <span class='ocrx_word' id='word_1_530' title='bbox 1731 2396 1760 2432; x_wconf 82' lang='lat'>¹5</span> 
     </span>
    </p>
   </div>
  </div>
 </body>
</html>
