<?xml version="1.0" encoding="UTF-8"?>
<!DOCTYPE html PUBLIC "-//W3C//DTD XHTML 1.0 Transitional//EN"
    "http://www.w3.org/TR/xhtml1/DTD/xhtml1-transitional.dtd">
<html xmlns="http://www.w3.org/1999/xhtml" xml:lang="en" lang="en">
 <head>
  <title>
</title>
<meta http-equiv="Content-Type" content="text/html;charset=utf-8" />
  <meta name='ocr-system' content='tesseract 3.04.00' />
  <meta name='ocr-capabilities' content='ocr_page ocr_carea ocr_par ocr_line ocrx_word'/>
</head>
<body>
  <div class='ocr_page' id='page_1' title='image "./philosophiavetus02duhauoft_0052.png"; bbox 0 0 1878 2724; ppageno 0'>
   <div class='ocr_carea' id='block_1_1' title="bbox 303 107 1719 508">
    <p class='ocr_par' dir='ltr' id='par_1_1' title="bbox 303 107 1346 164">
     <span class='ocr_line' id='line_1_1' title="bbox 303 107 1346 164; baseline 0.001 -16"><span class='ocrx_word' id='word_1_1' title='bbox 303 130 348 164; x_wconf 78' lang='lat'>40</span> <span class='ocrx_word' id='word_1_2' title='bbox 612 108 937 150; x_wconf 85' lang='lat' dir='ltr'>PHYSICAE</span> <span class='ocrx_word' id='word_1_3' title='bbox 985 107 1346 149; x_wconf 69' lang='lat' dir='ltr'>GEN&#39;ERAMS</span> 
     </span>
    </p>

    <p class='ocr_par' dir='ltr' id='par_1_2' title="bbox 303 160 1719 508">
     <span class='ocr_line' id='line_1_2' title="bbox 303 160 1711 208; baseline -0.001 -8"><span class='ocrx_word' id='word_1_4' title='bbox 303 166 397 201; x_wconf 84' lang='lat' dir='ltr'>aliter</span> <span class='ocrx_word' id='word_1_5' title='bbox 415 162 507 199; x_wconf 85' lang='lat' dir='ltr'>sonat</span> <span class='ocrx_word' id='word_1_6' title='bbox 517 175 580 199; x_wconf 87' lang='lat' dir='ltr'>vox</span> <span class='ocrx_word' id='word_1_7' title='bbox 596 163 652 198; x_wconf 89' lang='lat' dir='ltr'>illa</span> <span class='ocrx_word' id='word_1_8' title='bbox 665 192 674 206; x_wconf 89' lang='lat'>‚</span> <span class='ocrx_word' id='word_1_9' title='bbox 693 163 804 205; x_wconf 80' lang='lat' dir='ltr'>Roma,</span> <span class='ocrx_word' id='word_1_10' title='bbox 823 160 940 204; x_wconf 83' lang='lat' dir='ltr'>aliter,</span> <span class='ocrx_word' id='word_1_11' title='bbox 955 164 1091 206; x_wconf 59' lang='lat' dir='ltr'>&lt;Mar0&#39;,</span> <span class='ocrx_word' id='word_1_12' title='bbox 1111 162 1207 198; x_wconf 85' lang='lat' dir='ltr'>aliter</span> <span class='ocrx_word' id='word_1_13' title='bbox 1225 192 1235 208; x_wconf 88' lang='lat'>‚</span> <span class='ocrx_word' id='word_1_14' title='bbox 1254 176 1365 199; x_wconf 81' lang='lat' dir='ltr'>amor:</span> <span class='ocrx_word' id='word_1_15' title='bbox 1383 166 1418 200; x_wconf 74' lang='grc' dir='ltr'>δε</span> <span class='ocrx_word' id='word_1_16' title='bbox 1450 163 1562 199; x_wconf 70' lang='lat' dir='ltr'>tamen</span> <span class='ocrx_word' id='word_1_17' title='bbox 1585 163 1711 202; x_wconf 84' lang='lat' dir='ltr'>eaedern</span> 
     </span>
     <span class='ocr_line' id='line_1_3' title="bbox 305 208 1711 262; baseline -0.001 -11"><span class='ocrx_word' id='word_1_18' title='bbox 305 216 378 252; x_wconf 88' lang='lat' dir='ltr'>sunt</span> <span class='ocrx_word' id='word_1_19' title='bbox 386 213 509 262; x_wconf 88' lang='lat' dir='ltr'>ubique</span> <span class='ocrx_word' id='word_1_20' title='bbox 519 214 634 248; x_wconf 76' lang='lat' dir='ltr'>litterae</span> <span class='ocrx_word' id='word_1_21' title='bbox 648 227 655 248; x_wconf 92' lang='lat'>:</span> <span class='ocrx_word' id='word_1_22' title='bbox 670 211 723 246; x_wconf 83' lang='lat' dir='ltr'>sed</span> <span class='ocrx_word' id='word_1_23' title='bbox 735 223 806 259; x_wconf 87' lang='lat' dir='ltr'>quae</span> <span class='ocrx_word' id='word_1_24' title='bbox 817 208 946 245; x_wconf 85' lang='lat' dir='ltr'>diverso</span> <span class='ocrx_word' id='word_1_25' title='bbox 963 211 1080 246; x_wconf 81' lang='lat' dir='ltr'>ordine</span> <span class='ocrx_word' id='word_1_26' title='bbox 1102 212 1291 257; x_wconf 68' lang='lat' dir='ltr'>collocatae,</span> <span class='ocrx_word' id='word_1_27' title='bbox 1307 224 1406 247; x_wconf 88' lang='lat' dir='ltr'>voces</span> <span class='ocrx_word' id='word_1_28' title='bbox 1434 213 1550 248; x_wconf 84' lang='lat' dir='ltr'>itidem</span> <span class='ocrx_word' id='word_1_29' title='bbox 1571 213 1711 250; x_wconf 87' lang='lat' dir='ltr'>diversas</span> 
     </span>
     <span class='ocr_line' id='line_1_4' title="bbox 307 259 1714 312; baseline -0.001 -12"><span class='ocrx_word' id='word_1_30' title='bbox 307 263 461 300; x_wconf 86' lang='lat' dir='ltr'>efficiunt.</span> <span class='ocrx_word' id='word_1_31' title='bbox 477 265 558 300; x_wconf 90' lang='lat' dir='ltr'>Non</span> <span class='ocrx_word' id='word_1_32' title='bbox 582 259 725 296; x_wconf 86' lang='lat' dir='ltr'>diffirnili</span> <span class='ocrx_word' id='word_1_33' title='bbox 746 260 849 294; x_wconf 85' lang='lat' dir='ltr'>modo</span> <span class='ocrx_word' id='word_1_34' title='bbox 861 271 900 294; x_wconf 83' lang='lat' dir='ltr'>ex</span> <span class='ocrx_word' id='word_1_35' title='bbox 913 261 1005 295; x_wconf 87' lang='lat' dir='ltr'>vario</span> <span class='ocrx_word' id='word_1_36' title='bbox 1023 260 1159 305; x_wconf 78' lang='lat' dir='ltr'>ordine,</span> <span class='ocrx_word' id='word_1_37' title='bbox 1171 260 1273 310; x_wconf 85' lang='lat' dir='ltr'>figura</span> <span class='ocrx_word' id='word_1_38' title='bbox 1285 291 1296 306; x_wconf 78' lang='lat'>,</span> <span class='ocrx_word' id='word_1_39' title='bbox 1308 261 1384 306; x_wconf 79' lang='lat' dir='ltr'>(itu,</span> <span class='ocrx_word' id='word_1_40' title='bbox 1403 263 1630 312; x_wconf 79' lang='lat' dir='ltr'>magnitudine</span> <span class='ocrx_word' id='word_1_41' title='bbox 1649 293 1659 307; x_wconf 85' lang='lat'>,</span> <span class='ocrx_word' id='word_1_42' title='bbox 1677 268 1714 301; x_wconf 88' lang='lat'>&amp;</span> 
     </span>
     <span class='ocr_line' id='line_1_5' title="bbox 310 308 1719 359; baseline -0.001 -10"><span class='ocrx_word' id='word_1_43' title='bbox 310 325 403 350; x_wconf 89' lang='lat' dir='ltr'>motu</span> <span class='ocrx_word' id='word_1_44' title='bbox 423 324 611 347; x_wconf 86' lang='lat' dir='ltr'>atomorum</span> <span class='ocrx_word' id='word_1_45' title='bbox 623 310 743 359; x_wconf 87' lang='lat' dir='ltr'>species</span> <span class='ocrx_word' id='word_1_46' title='bbox 757 321 866 344; x_wconf 87' lang='lat' dir='ltr'>rerum</span> <span class='ocrx_word' id='word_1_47' title='bbox 891 308 1149 345; x_wconf 85' lang='lat' dir='ltr'>innumerabiles</span> <span class='ocrx_word' id='word_1_48' title='bbox 1168 310 1345 358; x_wconf 87' lang='lat' dir='ltr'>prodeunt.</span> <span class='ocrx_word' id='word_1_49' title='bbox 1364 314 1454 348; x_wconf 85' lang='lat' dir='ltr'>Nam</span> <span class='ocrx_word' id='word_1_50' title='bbox 1474 324 1510 348; x_wconf 92' lang='lat' dir='ltr'>ut</span> <span class='ocrx_word' id='word_1_51' title='bbox 1530 325 1570 347; x_wconf 86' lang='lat' dir='ltr'>ex</span> <span class='ocrx_word' id='word_1_52' title='bbox 1592 312 1719 349; x_wconf 82' lang='lat' dir='ltr'>litteris·</span> 
     </span>
     <span class='ocr_line' id='line_1_6' title="bbox 310 359 1717 413; baseline 0 -16"><span class='ocrx_word' id='word_1_53' title='bbox 310 361 439 413; x_wconf 74' lang='lat' dir='ltr'>syllabae</span> <span class='ocrx_word' id='word_1_54' title='bbox 455 392 464 404; x_wconf 87' lang='lat'><strong>‚</strong></span> <span class='ocrx_word' id='word_1_55' title='bbox 482 373 521 396; x_wconf 84' lang='lat' dir='ltr'>ex</span> <span class='ocrx_word' id='word_1_56' title='bbox 533 359 664 409; x_wconf 72' lang='lat' dir='ltr'>syllabis</span> <span class='ocrx_word' id='word_1_57' title='bbox 679 359 842 394; x_wconf 60' lang='lat' dir='ltr'>dictiones</span> <span class='ocrx_word' id='word_1_58' title='bbox 853 388 862 404; x_wconf 93' lang='lat'><strong><em>,</em></strong></span> <span class='ocrx_word' id='word_1_59' title='bbox 880 371 919 394; x_wconf 83' lang='lat' dir='ltr'>ex</span> <span class='ocrx_word' id='word_1_60' title='bbox 942 359 991 394; x_wconf 87' lang='lat' dir='ltr'>his</span> <span class='ocrx_word' id='word_1_61' title='bbox 1006 360 1042 394; x_wconf 63' lang='lat' dir='ltr'>dr.</span> <span class='ocrx_word' id='word_1_62' title='bbox 1050 362 1150 408; x_wconf 86' lang='lat' dir='ltr'>nique</span> <span class='ocrx_word' id='word_1_63' title='bbox 1164 360 1309 395; x_wconf 83' lang='lat' dir='ltr'>constant</span> <span class='ocrx_word' id='word_1_64' title='bbox 1323 363 1487 397; x_wconf 86' lang='lat' dir='ltr'>orationes</span> <span class='ocrx_word' id='word_1_65' title='bbox 1504 379 1514 407; x_wconf 84' lang='lat'>;</span> <span class='ocrx_word' id='word_1_66' title='bbox 1528 366 1572 398; x_wconf 88' lang='lat' dir='ltr'>ita</span> <span class='ocrx_word' id='word_1_67' title='bbox 1588 375 1632 399; x_wconf 82' lang='lat' dir='ltr'>ex</span> <span class='ocrx_word' id='word_1_68' title='bbox 1643 375 1717 398; x_wconf 86' lang='lat' dir='ltr'>ato-</span> 
     </span>
     <span class='ocr_line' id='line_1_7' title="bbox 311 407 1716 459; baseline -0.002 -13"><span class='ocrx_word' id='word_1_69' title='bbox 311 415 371 449; x_wconf 84' lang='lat' dir='ltr'>mis</span> <span class='ocrx_word' id='word_1_70' title='bbox 386 411 536 458; x_wconf 86' lang='lat' dir='ltr'>quaedam</span> <span class='ocrx_word' id='word_1_71' title='bbox 559 408 746 459; x_wconf 80' lang='lat' dir='ltr'>corpuscula</span> <span class='ocrx_word' id='word_1_72' title='bbox 758 439 768 453; x_wconf 94' lang='lat'><strong><em>,</em></strong></span> <span class='ocrx_word' id='word_1_73' title='bbox 779 410 870 444; x_wconf 83' lang='lat' dir='ltr'>exiis</span> <span class='ocrx_word' id='word_1_74' title='bbox 888 407 952 443; x_wconf 83' lang='lat' dir='ltr'>alia</span> <span class='ocrx_word' id='word_1_75' title='bbox 968 407 1140 459; x_wconf 84' lang='lat' dir='ltr'>majuscula</span> <span class='ocrx_word' id='word_1_76' title='bbox 1164 408 1349 446; x_wconf 75' lang='lat' dir='ltr'>conflantur</span> <span class='ocrx_word' id='word_1_77' title='bbox 1360 412 1427 445; x_wconf 83' lang='lat' dir='ltr'>:ita</span> <span class='ocrx_word' id='word_1_78' title='bbox 1443 423 1481 446; x_wconf 88' lang='lat' dir='ltr'>ut</span> <span class='ocrx_word' id='word_1_79' title='bbox 1490 414 1594 448; x_wconf 83' lang='lat' dir='ltr'>atomi</span> <span class='ocrx_word' id='word_1_80' title='bbox 1608 421 1716 448; x_wconf 81' lang='lat' dir='ltr'>mate-</span> 
     </span>
     <span class='ocr_line' id='line_1_8' title="bbox 313 457 1716 508; baseline 0.001 -13"><span class='ocrx_word' id='word_1_81' title='bbox 313 458 592 508; x_wconf 83' lang='lat' dir='ltr'>riae‚compofi:io</span> <span class='ocrx_word' id='word_1_82' title='bbox 611 459 666 495; x_wconf 84' lang='lat' dir='ltr'>vel</span> <span class='ocrx_word' id='word_1_83' title='bbox 680 458 893 494; x_wconf 78' lang='lat' dir='ltr'>ordo-formae</span> <span class='ocrx_word' id='word_1_84' title='bbox 904 457 1012 494; x_wconf 85' lang='lat' dir='ltr'>locum</span> <span class='ocrx_word' id='word_1_85' title='bbox 1025 457 1201 502; x_wconf 76' lang='lat' dir='ltr'>obtineat3</span> <span class='ocrx_word' id='word_1_86' title='bbox 1224 458 1281 495; x_wconf 86' lang='lat' dir='ltr'>nifi</span> <span class='ocrx_word' id='word_1_87' title='bbox 1305 458 1392 494; x_wconf 82' lang='lat' dir='ltr'>forte</span> <span class='ocrx_word' id='word_1_88' title='bbox 1408 461 1447 494; x_wconf 86' lang='lat' dir='ltr'>iis</span> <span class='ocrx_word' id='word_1_89' title='bbox 1470 473 1543 508; x_wconf 74' lang='lat' dir='ltr'>quoe</span> <span class='ocrx_word' id='word_1_90' title='bbox 1554 461 1716 498; x_wconf 66' lang='lat' dir='ltr'>crassiores</span> 
     </span>
    </p>
   </div>
   <div class='ocr_carea' id='block_1_2' title="bbox 312 506 1732 598">
    <p class='ocr_par' dir='ltr' id='par_1_3' title="bbox 312 506 1732 598">
     <span class='ocr_line' id='line_1_9' title="bbox 312 506 1732 558; baseline 0 -13"><span class='ocrx_word' id='word_1_91' title='bbox 312 509 383 546; x_wconf 87' lang='lat' dir='ltr'>sunt</span> <span class='ocrx_word' id='word_1_92' title='bbox 393 510 541 557; x_wconf 85' lang='lat' dir='ltr'>partibus</span> <span class='ocrx_word' id='word_1_93' title='bbox 554 539 566 554; x_wconf 86' lang='lat'>‚</span> <span class='ocrx_word' id='word_1_94' title='bbox 583 511 726 545; x_wconf 69' lang='lat' dir='ltr'>ma2eriae</span> <span class='ocrx_word' id='word_1_95' title='bbox 739 520 862 543; x_wconf 86' lang='lat' dir='ltr'>nomen</span> <span class='ocrx_word' id='word_1_96' title='bbox 873 506 994 543; x_wconf 77' lang='lat' dir='ltr'>tribuas</span> <span class='ocrx_word' id='word_1_97' title='bbox 1011 538 1022 553; x_wconf 83' lang='lat'>,</span> <span class='ocrx_word' id='word_1_98' title='bbox 1032 520 1069 544; x_wconf 90' lang='lat' dir='ltr'>ut</span> <span class='ocrx_word' id='word_1_99' title='bbox 1083 511 1246 546; x_wconf 78' lang='lat' dir='ltr'>tenuiores</span> <span class='ocrx_word' id='word_1_100' title='bbox 1264 521 1336 557; x_wconf 84' lang='lat' dir='ltr'>quae</span> <span class='ocrx_word' id='word_1_101' title='bbox 1346 508 1471 558; x_wconf 84' lang='lat' dir='ltr'>spiritus</span> <span class='ocrx_word' id='word_1_102' title='bbox 1480 513 1591 547; x_wconf 73' lang='lat' dir='ltr'>vocati</span> <span class='ocrx_word' id='word_1_103' title='bbox 1605 510 1732 556; x_wconf 58' lang='lat' dir='ltr'>solent„</span> 
     </span>
     <span class='ocr_line' id='line_1_10' title="bbox 314 555 1084 598; baseline -0.001 -3"><span class='ocrx_word' id='word_1_104' title='bbox 314 559 430 596; x_wconf 80' lang='lat' dir='ltr'>formae</span> <span class='ocrx_word' id='word_1_105' title='bbox 449 572 572 597; x_wconf 88' lang='lat' dir='ltr'>nomen</span> <span class='ocrx_word' id='word_1_106' title='bbox 588 564 622 598; x_wconf 72' lang='grc' dir='ltr'>δε</span> <span class='ocrx_word' id='word_1_107' title='bbox 643 561 807 595; x_wconf 85' lang='lat' dir='ltr'>rationem</span> <span class='ocrx_word' id='word_1_108' title='bbox 831 555 889 593; x_wconf 86' lang='lat' dir='ltr'>fibi</span> <span class='ocrx_word' id='word_1_109' title='bbox 904 558 1084 597; x_wconf 78' lang='lat' dir='ltr'>vindicant,</span> 
     </span>
    </p>
   </div>
   <div class='ocr_carea' id='block_1_3' title="bbox 915 658 1107 694">
    <p class='ocr_par' dir='ltr' id='par_1_4' title="bbox 915 658 1107 694">
     <span class='ocr_line' id='line_1_11' title="bbox 915 658 1107 694; baseline 0 -3"><span class='ocrx_word' id='word_1_110' title='bbox 915 658 970 692; x_wconf 88' lang='lat' dir='ltr'>De</span> <span class='ocrx_word' id='word_1_111' title='bbox 988 659 1107 694; x_wconf 73' lang='lat' dir='ltr'>Inani.⁴</span> 
     </span>
    </p>
   </div>
   <div class='ocr_carea' id='block_1_4' title="bbox 318 753 1745 1499">
    <p class='ocr_par' dir='ltr' id='par_1_5' title="bbox 318 753 1733 1152">
     <span class='ocr_line' id='line_1_12' title="bbox 353 753 1725 806; baseline 0.001 -15"><span class='ocrx_word' id='word_1_112' title='bbox 353 753 507 791; x_wconf 70' lang='lat' dir='ltr'>Altetui&#39;n</span> <span class='ocrx_word' id='word_1_113' title='bbox 527 756 720 796; x_wconf 81' lang='lat' dir='ltr'>Democriti</span> <span class='ocrx_word' id='word_1_114' title='bbox 736 758 934 806; x_wconf 85' lang='lat' dir='ltr'>principium</span> <span class='ocrx_word' id='word_1_115' title='bbox 954 784 966 800; x_wconf 81' lang='lat'>‚</span> <span class='ocrx_word' id='word_1_116' title='bbox 995 767 1136 793; x_wconf 81' lang='lat' dir='ltr'>vacuum</span> <span class='ocrx_word' id='word_1_117' title='bbox 1153 768 1209 794; x_wconf 86' lang='lat' dir='ltr'>aut</span> <span class='ocrx_word' id='word_1_118' title='bbox 1221 760 1325 794; x_wconf 77' lang='lat' dir='ltr'>&#39;inane</span> <span class='ocrx_word' id='word_1_119' title='bbox 1344 756 1460 793; x_wconf 86' lang='lat' dir='ltr'>dicitur</span> <span class='ocrx_word' id='word_1_120' title='bbox 1478 770 1487 792; x_wconf 74' lang='lat' dir='ltr'>t</span> <span class='ocrx_word' id='word_1_121' title='bbox 1505 757 1594 805; x_wconf 86' lang='lat' dir='ltr'>quod</span> <span class='ocrx_word' id='word_1_122' title='bbox 1611 757 1725 806; x_wconf 82' lang='lat' dir='ltr'>utique</span> 
     </span>
     <span class='ocr_line' id='line_1_13' title="bbox 320 804 1733 856; baseline 0.004 -17"><span class='ocrx_word' id='word_1_123' title='bbox 320 804 441 853; x_wconf 83' lang='lat' dir='ltr'>duplex</span> <span class='ocrx_word' id='word_1_124' title='bbox 455 806 524 850; x_wconf 16' lang='lat' dir='ltr'>estu,</span> <span class='ocrx_word' id='word_1_125' title='bbox 540 816 771 842; x_wconf 87' lang='lat' dir='ltr'>coacervatum</span> <span class='ocrx_word' id='word_1_126' title='bbox 785 806 944 842; x_wconf 88' lang='lat' dir='ltr'>videlicet</span> <span class='ocrx_word' id='word_1_127' title='bbox 954 809 1010 849; x_wconf 87' lang='lat'>‚&amp;</span> <span class='ocrx_word' id='word_1_128' title='bbox 1023 805 1264 844; x_wconf 70' lang='lat' dir='ltr'>disseminatum</span> <span class='ocrx_word' id='word_1_129' title='bbox 1277 824 1285 852; x_wconf 82' lang='lat'>3</span> <span class='ocrx_word' id='word_1_130' title='bbox 1296 806 1374 842; x_wconf 89' lang='lat' dir='ltr'>illud</span> <span class='ocrx_word' id='word_1_131' title='bbox 1385 819 1420 843; x_wconf 91' lang='lat' dir='ltr'>ut</span> <span class='ocrx_word' id='word_1_132' title='bbox 1442 807 1530 842; x_wconf 89' lang='lat' dir='ltr'>locus</span> <span class='ocrx_word' id='word_1_133' title='bbox 1543 819 1656 856; x_wconf 86' lang='lat' dir='ltr'>patens</span> <span class='ocrx_word' id='word_1_134' title='bbox 1667 836 1678 851; x_wconf 88' lang='lat'><em>,</em></span> <span class='ocrx_word' id='word_1_135' title='bbox 1690 813 1733 845; x_wconf 22' lang='lat'>&amp;¹</span> 
     </span>
     <span class='ocr_line' id='line_1_14' title="bbox 318 854 1727 905; baseline 0.001 -16"><span class='ocrx_word' id='word_1_136' title='bbox 318 856 413 889; x_wconf 62' lang='lat' dir='ltr'>&gt;omni</span> <span class='ocrx_word' id='word_1_137' title='bbox 428 867 568 904; x_wconf 86' lang='lat' dir='ltr'>corpore</span> <span class='ocrx_word' id='word_1_138' title='bbox 581 855 751 890; x_wconf 88' lang='lat' dir='ltr'>destitutus</span> <span class='ocrx_word' id='word_1_139' title='bbox 762 858 964 905; x_wconf 86' lang='lat' dir='ltr'>concipitur:</span> <span class='ocrx_word' id='word_1_140' title='bbox 985 867 1021 890; x_wconf 87' lang='lat' dir='ltr'>ut</span> <span class='ocrx_word' id='word_1_141' title='bbox 1036 854 1056 890; x_wconf 86' lang='lat' dir='ltr'>fi</span> <span class='ocrx_word' id='word_1_142' title='bbox 1074 870 1114 891; x_wconf 87' lang='lat' dir='ltr'>ex</span> <span class='ocrx_word' id='word_1_143' title='bbox 1127 857 1189 892; x_wconf 85' lang='lat' dir='ltr'>hac</span> <span class='ocrx_word' id='word_1_144' title='bbox 1211 857 1285 893; x_wconf 86' lang='lat' dir='ltr'>aula</span> <span class='ocrx_word' id='word_1_145' title='bbox 1306 858 1414 892; x_wconf 84' lang='lat' dir='ltr'>omnis</span> <span class='ocrx_word' id='word_1_146' title='bbox 1437 860 1490 891; x_wconf 86' lang='lat' dir='ltr'>a&#39;e&#39;r</span> <span class='ocrx_word' id='word_1_147' title='bbox 1503 885 1514 900; x_wconf 87' lang='lat'>,</span> <span class='ocrx_word' id='word_1_148' title='bbox 1526 868 1588 892; x_wconf 61' lang='lat' dir='ltr'>&gt;aut</span> <span class='ocrx_word' id='word_1_149' title='bbox 1608 869 1727 905; x_wconf 87' lang='lat' dir='ltr'>corpus</span> 
     </span>
     <span class='ocr_line' id='line_1_15' title="bbox 320 905 1730 955; baseline 0.002 -17"><span class='ocrx_word' id='word_1_150' title='bbox 320 916 422 939; x_wconf 89' lang='lat' dir='ltr'>omne</span> <span class='ocrx_word' id='word_1_151' title='bbox 441 908 530 940; x_wconf 86' lang='lat' dir='ltr'>Deus</span> <span class='ocrx_word' id='word_1_152' title='bbox 546 905 741 942; x_wconf 84' lang='lat' dir='ltr'>destrueret:</span> <span class='ocrx_word' id='word_1_153' title='bbox 767 906 810 940; x_wconf 91' lang='lat' dir='ltr'>de</span> <span class='ocrx_word' id='word_1_154' title='bbox 830 919 897 953; x_wconf 91' lang='lat' dir='ltr'>quo</span> <span class='ocrx_word' id='word_1_155' title='bbox 912 905 1047 953; x_wconf 82' lang='lat' dir='ltr'>quidem</span> <span class='ocrx_word' id='word_1_156' title='bbox 1060 906 1154 942; x_wconf 88' lang='lat' dir='ltr'>alibi.</span> <span class='ocrx_word' id='word_1_157' title='bbox 1176 909 1267 944; x_wconf 87' lang='lat' dir='ltr'>Nam</span> <span class='ocrx_word' id='word_1_158' title='bbox 1280 905 1451 955; x_wconf 80' lang='lat' dir='ltr'>dispersum</span> <span class='ocrx_word' id='word_1_159' title='bbox 1464 908 1559 941; x_wconf 86' lang='lat' dir='ltr'>inane</span> <span class='ocrx_word' id='word_1_160' title='bbox 1572 906 1636 942; x_wconf 87' lang='lat' dir='ltr'>hoc</span> <span class='ocrx_word' id='word_1_161' title='bbox 1653 905 1730 941; x_wconf 90' lang='lat' dir='ltr'>loco</span> 
     </span>
     <span class='ocr_line' id='line_1_16' title="bbox 321 952 1729 1004; baseline 0 -15"><span class='ocrx_word' id='word_1_162' title='bbox 321 952 488 1002; x_wconf 83' lang='lat' dir='ltr'>explicare</span> <span class='ocrx_word' id='word_1_163' title='bbox 501 954 654 989; x_wconf 87' lang='lat' dir='ltr'>volumus</span> <span class='ocrx_word' id='word_1_164' title='bbox 671 983 682 997; x_wconf 88' lang='lat'>‚</span> <span class='ocrx_word' id='word_1_165' title='bbox 705 954 794 1002; x_wconf 89' lang='lat' dir='ltr'>quod</span> <span class='ocrx_word' id='word_1_166' title='bbox 809 956 939 990; x_wconf 79' lang='lat' dir='ltr'>admitti</span> <span class='ocrx_word' id='word_1_167' title='bbox 963 967 1117 1003; x_wconf 79' lang='lat' dir='ltr'>oportere</span> <span class='ocrx_word' id='word_1_168' title='bbox 1142 956 1253 992; x_wconf 86' lang='lat' dir='ltr'>multis</span> <span class='ocrx_word' id='word_1_169' title='bbox 1267 955 1450 991; x_wconf 83' lang='lat' dir='ltr'>rationibus</span> <span class='ocrx_word' id='word_1_170' title='bbox 1464 954 1606 1004; x_wconf 84' lang='lat' dir='ltr'>probare</span> <span class='ocrx_word' id='word_1_171' title='bbox 1615 957 1729 993; x_wconf 82' lang='lat' dir='ltr'>nitun-</span> 
     </span>
     <span class='ocr_line' id='line_1_17' title="bbox 323 1003 1727 1056; baseline -0.001 -18"><span class='ocrx_word' id='word_1_172' title='bbox 323 1015 373 1038; x_wconf 85' lang='lat' dir='ltr'>tur</span> <span class='ocrx_word' id='word_1_173' title='bbox 390 1005 552 1051; x_wconf 83' lang='lat' dir='ltr'>Epicurei.</span> <span class='ocrx_word' id='word_1_174' title='bbox 571 1006 718 1039; x_wconf 86' lang='lat' dir='ltr'>Ptimutn</span> <span class='ocrx_word' id='word_1_175' title='bbox 736 1016 860 1053; x_wconf 83' lang='lat' dir='ltr'>negant</span> <span class='ocrx_word' id='word_1_176' title='bbox 873 1007 999 1040; x_wconf 84' lang='lat' dir='ltr'>moveri</span> <span class='ocrx_word' id='word_1_177' title='bbox 1011 1007 1191 1054; x_wconf 86' lang='lat' dir='ltr'>quicquam</span> <span class='ocrx_word' id='word_1_178' title='bbox 1210 1005 1298 1056; x_wconf 81' lang='lat' dir='ltr'>polse</span> <span class='ocrx_word' id='word_1_179' title='bbox 1313 1035 1322 1048; x_wconf 87' lang='lat'><strong>,</strong></span> <span class='ocrx_word' id='word_1_180' title='bbox 1354 1004 1374 1040; x_wconf 87' lang='lat' dir='ltr'>fi</span> <span class='ocrx_word' id='word_1_181' title='bbox 1399 1005 1496 1055; x_wconf 85' lang='lat' dir='ltr'>plena</span> <span class='ocrx_word' id='word_1_182' title='bbox 1521 1003 1581 1040; x_wconf 84' lang='lat' dir='ltr'>fint</span> <span class='ocrx_word' id='word_1_183' title='bbox 1604 1006 1727 1039; x_wconf 86' lang='lat' dir='ltr'>omnia.</span> 
     </span>
     <span class='ocr_line' id='line_1_18' title="bbox 324 1052 1730 1104; baseline 0.002 -17"><span class='ocrx_word' id='word_1_184' title='bbox 324 1053 406 1097; x_wconf 81' lang='lat' dir='ltr'>Qo</span> <span class='ocrx_word' id='word_1_185' title='bbox 428 1055 517 1088; x_wconf 88' lang='lat' dir='ltr'>enim</span> <span class='ocrx_word' id='word_1_186' title='bbox 533 1065 649 1102; x_wconf 89' lang='lat' dir='ltr'>corpus</span> <span class='ocrx_word' id='word_1_187' title='bbox 675 1056 804 1089; x_wconf 87' lang='lat' dir='ltr'>moveri</span> <span class='ocrx_word' id='word_1_188' title='bbox 818 1056 950 1103; x_wconf 79' lang='lat' dir='ltr'>poterit</span> <span class='ocrx_word' id='word_1_189' title='bbox 966 1083 975 1098; x_wconf 92' lang='lat'>,</span> <span class='ocrx_word' id='word_1_190' title='bbox 993 1052 1103 1090; x_wconf 29' lang='lat' dir='ltr'>firloca</span> <span class='ocrx_word' id='word_1_191' title='bbox 1121 1067 1256 1103; x_wconf 82' lang='lat' dir='ltr'>quaeque</span> <span class='ocrx_word' id='word_1_192' title='bbox 1277 1054 1344 1090; x_wconf 78' lang='lat' dir='ltr'>aliis</span> <span class='ocrx_word' id='word_1_193' title='bbox 1362 1053 1551 1104; x_wconf 86' lang='lat' dir='ltr'>corporibus</span> <span class='ocrx_word' id='word_1_194' title='bbox 1576 1052 1730 1090; x_wconf 83' lang='lat' dir='ltr'>obfiden-</span> 
     </span>
     <span class='ocr_line' id='line_1_19' title="bbox 325 1102 1574 1152; baseline 0.002 -16"><span class='ocrx_word' id='word_1_195' title='bbox 325 1113 375 1137; x_wconf 85' lang='lat' dir='ltr'>tur</span> <span class='ocrx_word' id='word_1_196' title='bbox 386 1103 560 1150; x_wconf 63' lang='lat' dir='ltr'>:profesto</span> <span class='ocrx_word' id='word_1_197' title='bbox 571 1103 663 1151; x_wconf 85' lang='lat' dir='ltr'>plura</span> <span class='ocrx_word' id='word_1_198' title='bbox 681 1102 771 1139; x_wconf 81' lang='lat' dir='ltr'>fimul</span> <span class='ocrx_word' id='word_1_199' title='bbox 781 1115 919 1152; x_wconf 82' lang='lat' dir='ltr'>corpora</span> <span class='ocrx_word' id='word_1_200' title='bbox 931 1103 1070 1139; x_wconf 81' lang='lat' dir='ltr'>eundem</span> <span class='ocrx_word' id='word_1_201' title='bbox 1087 1104 1197 1139; x_wconf 89' lang='lat' dir='ltr'>locum</span> <span class='ocrx_word' id='word_1_202' title='bbox 1208 1103 1344 1140; x_wconf 86' lang='lat' dir='ltr'>subeant</span> <span class='ocrx_word' id='word_1_203' title='bbox 1361 1102 1484 1139; x_wconf 79' lang='lat' dir='ltr'>neceffe</span> <span class='ocrx_word' id='word_1_204' title='bbox 1505 1103 1574 1139; x_wconf 85' lang='lat' dir='ltr'>est..</span> 
     </span>
    </p>

    <p class='ocr_par' dir='ltr' id='par_1_6' title="bbox 319 1151 1745 1499">
     <span class='ocr_line' id='line_1_20' title="bbox 365 1151 1745 1201; baseline 0.001 -15"><span class='ocrx_word' id='word_1_205' title='bbox 365 1156 491 1187; x_wconf 89' lang='lat' dir='ltr'>Verum</span> <span class='ocrx_word' id='word_1_206' title='bbox 506 1152 571 1187; x_wconf 77' lang='lat' dir='ltr'>haec</span> <span class='ocrx_word' id='word_1_207' title='bbox 583 1153 668 1187; x_wconf 85' lang='lat' dir='ltr'>ratio</span> <span class='ocrx_word' id='word_1_208' title='bbox 688 1153 793 1186; x_wconf 86' lang='lat' dir='ltr'>minus</span> <span class='ocrx_word' id='word_1_209' title='bbox 805 1151 898 1188; x_wconf 82' lang='lat' dir='ltr'>firma</span> <span class='ocrx_word' id='word_1_210' title='bbox 909 1152 1008 1187; x_wconf 87' lang='lat' dir='ltr'>nobis</span> <span class='ocrx_word' id='word_1_211' title='bbox 1028 1154 1173 1191; x_wconf 88' lang='lat' dir='ltr'>videtur:</span> <span class='ocrx_word' id='word_1_212' title='bbox 1192 1166 1269 1190; x_wconf 85' lang='lat' dir='ltr'>narn</span> <span class='ocrx_word' id='word_1_213' title='bbox 1290 1153 1381 1188; x_wconf 75' lang='lat' dir='ltr'>simul</span> <span class='ocrx_word' id='word_1_214' title='bbox 1403 1164 1504 1201; x_wconf 87' lang='lat' dir='ltr'>atque</span> <span class='ocrx_word' id='word_1_215' title='bbox 1517 1164 1633 1201; x_wconf 87' lang='lat' dir='ltr'>corpus</span> <span class='ocrx_word' id='word_1_216' title='bbox 1657 1166 1745 1188; x_wconf 73' lang='lat' dir='ltr'>mo·—</span> 
     </span>
     <span class='ocr_line' id='line_1_21' title="bbox 324 1199 1734 1250; baseline 0.002 -16"><span class='ocrx_word' id='word_1_217' title='bbox 324 1212 421 1235; x_wconf 88' lang='lat' dir='ltr'>vetur</span> <span class='ocrx_word' id='word_1_218' title='bbox 438 1229 446 1243; x_wconf 89' lang='lat'>,</span> <span class='ocrx_word' id='word_1_219' title='bbox 456 1201 545 1235; x_wconf 88' lang='lat' dir='ltr'>aliud</span> <span class='ocrx_word' id='word_1_220' title='bbox 558 1199 614 1234; x_wconf 83' lang='lat' dir='ltr'>fibi</span> <span class='ocrx_word' id='word_1_221' title='bbox 626 1203 812 1248; x_wconf 83' lang='lat' dir='ltr'>proximum</span> <span class='ocrx_word' id='word_1_222' title='bbox 823 1201 981 1249; x_wconf 79' lang='lat' dir='ltr'>expellit,</span> <span class='ocrx_word' id='word_1_223' title='bbox 993 1203 1094 1250; x_wconf 88' lang='lat' dir='ltr'>idque</span> <span class='ocrx_word' id='word_1_224' title='bbox 1106 1202 1224 1238; x_wconf 82' lang='lat' dir='ltr'>rursum</span> <span class='ocrx_word' id='word_1_225' title='bbox 1240 1203 1324 1238; x_wconf 84' lang='lat' dir='ltr'>aliud</span> <span class='ocrx_word' id='word_1_226' title='bbox 1338 1202 1500 1250; x_wconf 80' lang='lat' dir='ltr'>protrudit</span> <span class='ocrx_word' id='word_1_227' title='bbox 1511 1231 1521 1243; x_wconf 90' lang='lat'>,</span> <span class='ocrx_word' id='word_1_228' title='bbox 1535 1202 1641 1236; x_wconf 86' lang='lat' dir='ltr'>donec</span> <span class='ocrx_word' id='word_1_229' title='bbox 1655 1215 1734 1237; x_wconf 81' lang='lat' dir='ltr'>mo-</span> 
     </span>
     <span class='ocr_line' id='line_1_22' title="bbox 319 1249 1734 1300; baseline 0.001 -17"><span class='ocrx_word' id='word_1_230' title='bbox 319 1260 361 1283; x_wconf 50' lang='lat' dir='ltr'>‘tu</span> <span class='ocrx_word' id='word_1_231' title='bbox 378 1249 521 1296; x_wconf 85' lang='lat' dir='ltr'>quodam</span> <span class='ocrx_word' id='word_1_232' title='bbox 539 1249 688 1283; x_wconf 82' lang='lat' dir='ltr'>circulari</span> <span class='ocrx_word' id='word_1_233' title='bbox 699 1249 788 1284; x_wconf 86' lang='lat' dir='ltr'>locus</span> <span class='ocrx_word' id='word_1_234' title='bbox 804 1249 941 1298; x_wconf 72' lang='lat' dir='ltr'>aprime&gt;</span> <span class='ocrx_word' id='word_1_235' title='bbox 959 1263 1098 1300; x_wconf 83' lang='lat' dir='ltr'>corpore</span> <span class='ocrx_word' id='word_1_236' title='bbox 1117 1253 1248 1288; x_wconf 71' lang='lat' dir='ltr'>reli&amp;us</span> <span class='ocrx_word' id='word_1_237' title='bbox 1261 1251 1304 1287; x_wconf 87' lang='lat' dir='ltr'>ab</span> <span class='ocrx_word' id='word_1_238' title='bbox 1322 1251 1387 1286; x_wconf 83' lang='lat' dir='ltr'>alio</span> <span class='ocrx_word' id='word_1_239' title='bbox 1402 1255 1493 1297; x_wconf 80' lang='lat' dir='ltr'>juxta</span> <span class='ocrx_word' id='word_1_240' title='bbox 1509 1250 1614 1299; x_wconf 76' lang='lat' dir='ltr'>posito</span> <span class='ocrx_word' id='word_1_241' title='bbox 1634 1262 1734 1285; x_wconf 84' lang='lat' dir='ltr'>occu-</span> 
     </span>
     <span class='ocr_line' id='line_1_23' title="bbox 327 1298 1737 1348; baseline 0.002 -15"><span class='ocrx_word' id='word_1_242' title='bbox 327 1300 444 1347; x_wconf 78' lang='lat' dir='ltr'>petur3</span> <span class='ocrx_word' id='word_1_243' title='bbox 469 1299 571 1346; x_wconf 81' lang='lat' dir='ltr'>idque</span> <span class='ocrx_word' id='word_1_244' title='bbox 592 1299 712 1333; x_wconf 84' lang='lat' dir='ltr'>eodem</span> <span class='ocrx_word' id='word_1_245' title='bbox 738 1310 912 1335; x_wconf 88' lang='lat' dir='ltr'>momento</span> <span class='ocrx_word' id='word_1_246' title='bbox 930 1299 1096 1348; x_wconf 80' lang='lat' dir='ltr'>perficitur</span> <span class='ocrx_word' id='word_1_247' title='bbox 1109 1315 1116 1336; x_wconf 93' lang='lat'><strong>:</strong></span> <span class='ocrx_word' id='word_1_248' title='bbox 1131 1314 1168 1337; x_wconf 87' lang='lat' dir='ltr'>ut</span> <span class='ocrx_word' id='word_1_249' title='bbox 1188 1314 1263 1336; x_wconf 86' lang='lat' dir='ltr'>cum</span> <span class='ocrx_word' id='word_1_250' title='bbox 1285 1312 1358 1335; x_wconf 88' lang='lat' dir='ltr'>rota</span> <span class='ocrx_word' id='word_1_251' title='bbox 1380 1311 1438 1335; x_wconf 84' lang='lat' dir='ltr'>aut</span> <span class='ocrx_word' id='word_1_252' title='bbox 1460 1312 1574 1348; x_wconf 86' lang='lat' dir='ltr'>corpus</span> <span class='ocrx_word' id='word_1_253' title='bbox 1595 1298 1737 1336; x_wconf 83' lang='lat' dir='ltr'>firmiffi-</span> 
     </span>
     <span class='ocr_line' id='line_1_24' title="bbox 328 1346 1731 1399; baseline 0.001 -17"><span class='ocrx_word' id='word_1_254' title='bbox 328 1361 416 1382; x_wconf 88' lang='lat' dir='ltr'>mum</span> <span class='ocrx_word' id='word_1_255' title='bbox 434 1351 518 1383; x_wconf 86' lang='lat' dir='ltr'>circa</span> <span class='ocrx_word' id='word_1_256' title='bbox 531 1346 620 1384; x_wconf 85' lang='lat' dir='ltr'>suum</span> <span class='ocrx_word' id='word_1_257' title='bbox 635 1359 784 1383; x_wconf 83' lang='lat' dir='ltr'>centrum</span> <span class='ocrx_word' id='word_1_258' title='bbox 795 1350 936 1384; x_wconf 82' lang='lat' dir='ltr'>vertitur</span> <span class='ocrx_word' id='word_1_259' title='bbox 952 1363 960 1385; x_wconf 93' lang='lat'>:</span> <span class='ocrx_word' id='word_1_260' title='bbox 982 1361 1053 1385; x_wconf 89' lang='lat' dir='ltr'>tum</span> <span class='ocrx_word' id='word_1_261' title='bbox 1070 1353 1158 1386; x_wconf 88' lang='lat' dir='ltr'>enirn</span> <span class='ocrx_word' id='word_1_262' title='bbox 1178 1351 1298 1385; x_wconf 86' lang='lat' dir='ltr'>eodem</span> <span class='ocrx_word' id='word_1_263' title='bbox 1312 1361 1486 1385; x_wconf 83' lang='lat' dir='ltr'>momento</span> <span class='ocrx_word' id='word_1_264' title='bbox 1499 1361 1566 1396; x_wconf 87' lang='lat' dir='ltr'>quo</span> <span class='ocrx_word' id='word_1_265' title='bbox 1580 1361 1644 1385; x_wconf 88' lang='lat' dir='ltr'>una</span> <span class='ocrx_word' id='word_1_266' title='bbox 1658 1361 1731 1399; x_wconf 85' lang='lat' dir='ltr'>pars</span> 
     </span>
     <span class='ocr_line' id='line_1_25' title="bbox 328 1396 1735 1448; baseline 0.001 -16"><span class='ocrx_word' id='word_1_267' title='bbox 328 1396 417 1432; x_wconf 87' lang='lat' dir='ltr'>fuum</span> <span class='ocrx_word' id='word_1_268' title='bbox 433 1397 542 1432; x_wconf 78' lang='lat' dir='ltr'>locuni</span> <span class='ocrx_word' id='word_1_269' title='bbox 563 1396 680 1432; x_wconf 87' lang='lat' dir='ltr'>deserit</span> <span class='ocrx_word' id='word_1_270' title='bbox 694 1427 703 1441; x_wconf 92' lang='lat'>,</span> <span class='ocrx_word' id='word_1_271' title='bbox 715 1410 787 1446; x_wconf 84' lang='lat' dir='ltr'>pars</span> <span class='ocrx_word' id='word_1_272' title='bbox 805 1397 909 1433; x_wconf 83' lang='lat' dir='ltr'>altera</span> <span class='ocrx_word' id='word_1_273' title='bbox 927 1400 1068 1435; x_wconf 85' lang='lat' dir='ltr'>eundem</span> <span class='ocrx_word' id='word_1_274' title='bbox 1086 1400 1196 1435; x_wconf 85' lang='lat' dir='ltr'>locum</span> <span class='ocrx_word' id='word_1_275' title='bbox 1221 1399 1316 1436; x_wconf 90' lang='lat' dir='ltr'>subit.</span> <span class='ocrx_word' id='word_1_276' title='bbox 1335 1402 1386 1435; x_wconf 89' lang='lat' dir='ltr'>Sic</span> <span class='ocrx_word' id='word_1_277' title='bbox 1400 1398 1456 1434; x_wconf 83' lang='lat' dir='ltr'>ubi</span> <span class='ocrx_word' id='word_1_278' title='bbox 1480 1398 1570 1448; x_wconf 90' lang='lat' dir='ltr'>piscis</span> <span class='ocrx_word' id='word_1_279' title='bbox 1592 1401 1625 1433; x_wconf 90' lang='lat' dir='ltr'>in</span> <span class='ocrx_word' id='word_1_280' title='bbox 1648 1411 1735 1447; x_wconf 81' lang='lat' dir='ltr'>aqua</span> 
     </span>
     <span class='ocr_line' id='line_1_26' title="bbox 328 1448 1736 1499; baseline 0.001 -17"><span class='ocrx_word' id='word_1_281' title='bbox 328 1458 442 1482; x_wconf 79' lang='lat' dir='ltr'>natans</span> <span class='ocrx_word' id='word_1_282' title='bbox 454 1450 561 1496; x_wconf 85' lang='lat' dir='ltr'>capite</span> <span class='ocrx_word' id='word_1_283' title='bbox 571 1459 628 1482; x_wconf 88' lang='lat' dir='ltr'>aut</span> <span class='ocrx_word' id='word_1_284' title='bbox 648 1448 747 1482; x_wconf 87' lang='lat' dir='ltr'>rostro</span> <span class='ocrx_word' id='word_1_285' title='bbox 762 1459 888 1496; x_wconf 86' lang='lat' dir='ltr'>partem</span> <span class='ocrx_word' id='word_1_286' title='bbox 905 1460 996 1496; x_wconf 86' lang='lat' dir='ltr'>aquae</span> <span class='ocrx_word' id='word_1_287' title='bbox 1006 1449 1186 1485; x_wconf 86' lang='lat' dir='ltr'>antrorsum</span> <span class='ocrx_word' id='word_1_288' title='bbox 1202 1449 1358 1499; x_wconf 78' lang='lat' dir='ltr'>propellit</span> <span class='ocrx_word' id='word_1_289' title='bbox 1371 1480 1380 1494; x_wconf 79' lang='grc'>,</span> <span class='ocrx_word' id='word_1_290' title='bbox 1396 1449 1465 1485; x_wconf 86' lang='lat' dir='ltr'>haec</span> <span class='ocrx_word' id='word_1_291' title='bbox 1488 1451 1608 1484; x_wconf 87' lang='lat' dir='ltr'>vicinas</span> <span class='ocrx_word' id='word_1_292' title='bbox 1631 1454 1665 1486; x_wconf 75' lang='grc' dir='ltr'>δε</span> <span class='ocrx_word' id='word_1_293' title='bbox 1688 1448 1736 1484; x_wconf 89' lang='lat' dir='ltr'>la-</span> 
     </span>
    </p>
   </div>
   <div class='ocr_carea' id='block_1_5' title="bbox 329 1495 1749 1594">
    <p class='ocr_par' dir='ltr' id='par_1_7' title="bbox 329 1495 1749 1594">
     <span class='ocr_line' id='line_1_27' title="bbox 331 1495 1749 1547; baseline 0.003 -17"><span class='ocrx_word' id='word_1_294' title='bbox 331 1496 446 1531; x_wconf 77' lang='lat' dir='ltr'>terales</span> <span class='ocrx_word' id='word_1_295' title='bbox 463 1508 590 1545; x_wconf 82' lang='lat' dir='ltr'>partes,</span> <span class='ocrx_word' id='word_1_296' title='bbox 611 1495 674 1531; x_wconf 82' lang='lat' dir='ltr'>illae</span> <span class='ocrx_word' id='word_1_297' title='bbox 689 1496 790 1531; x_wconf 85' lang='lat' dir='ltr'>rursus</span> <span class='ocrx_word' id='word_1_298' title='bbox 805 1496 882 1532; x_wconf 84' lang='lat' dir='ltr'>alias</span> <span class='ocrx_word' id='word_1_299' title='bbox 894 1499 1114 1546; x_wconf 82' lang='lat' dir='ltr'>protrudunt,</span> <span class='ocrx_word' id='word_1_300' title='bbox 1139 1500 1244 1535; x_wconf 86' lang='lat' dir='ltr'>donec</span> <span class='ocrx_word' id='word_1_301' title='bbox 1253 1512 1337 1547; x_wconf 86' lang='lat' dir='ltr'>aqua</span> <span class='ocrx_word' id='word_1_302' title='bbox 1358 1500 1400 1533; x_wconf 88' lang='lat' dir='ltr'>ad</span> <span class='ocrx_word' id='word_1_303' title='bbox 1417 1499 1552 1534; x_wconf 83' lang='lat' dir='ltr'>caudam</span> <span class='ocrx_word' id='word_1_304' title='bbox 1576 1509 1749 1541; x_wconf 46' lang='lat' dir='ltr'>recurram</span> 
     </span>
     <span class='ocr_line' id='line_1_28' title="bbox 329 1546 949 1594; baseline 0.005 -15"><span class='ocrx_word' id='word_1_305' title='bbox 329 1546 426 1592; x_wconf 87' lang='lat' dir='ltr'>idque</span> <span class='ocrx_word' id='word_1_306' title='bbox 448 1547 566 1580; x_wconf 78' lang='lat' dir='ltr'>eodeni</span> <span class='ocrx_word' id='word_1_307' title='bbox 582 1558 755 1581; x_wconf 85' lang='lat' dir='ltr'>momento</span> <span class='ocrx_word' id='word_1_308' title='bbox 771 1546 949 1594; x_wconf 87' lang='lat' dir='ltr'>perficitur.</span> 
     </span>
    </p>
   </div>
   <div class='ocr_carea' id='block_1_6' title="bbox 333 1594 1754 2436">
    <p class='ocr_par' dir='ltr' id='par_1_8' title="bbox 333 1594 1754 2039">
     <span class='ocr_line' id='line_1_29' title="bbox 366 1594 1737 1645; baseline 0.002 -17"><span class='ocrx_word' id='word_1_309' title='bbox 366 1595 518 1630; x_wconf 87' lang='lat' dir='ltr'>Secundo</span> <span class='ocrx_word' id='word_1_310' title='bbox 531 1607 672 1629; x_wconf 88' lang='lat' dir='ltr'>vacuum</span> <span class='ocrx_word' id='word_1_311' title='bbox 686 1595 768 1630; x_wconf 89' lang='lat' dir='ltr'>illud</span> <span class='ocrx_word' id='word_1_312' title='bbox 783 1594 957 1645; x_wconf 78' lang='lat' dir='ltr'>dispersum</span> <span class='ocrx_word' id='word_1_313' title='bbox 971 1599 1121 1632; x_wconf 67' lang='lat' dir='ltr'>exvariis</span> <span class='ocrx_word' id='word_1_314' title='bbox 1132 1597 1250 1633; x_wconf 86' lang='lat' dir='ltr'>salibus</span> <span class='ocrx_word' id='word_1_315' title='bbox 1262 1599 1295 1633; x_wconf 88' lang='lat' dir='ltr'>in</span> <span class='ocrx_word' id='word_1_316' title='bbox 1310 1609 1393 1645; x_wconf 86' lang='lat' dir='ltr'>aqua</span> <span class='ocrx_word' id='word_1_317' title='bbox 1405 1596 1560 1633; x_wconf 77' lang='lat' dir='ltr'>exsolutis</span> <span class='ocrx_word' id='word_1_318' title='bbox 1572 1594 1612 1631; x_wconf 82' lang='lat' dir='ltr'>fi&#39;c</span> <span class='ocrx_word' id='word_1_319' title='bbox 1629 1596 1737 1631; x_wconf 83' lang='lat' dir='ltr'>osten-</span> 
     </span>
     <span class='ocr_line' id='line_1_30' title="bbox 333 1642 1751 1694; baseline 0.001 -16"><span class='ocrx_word' id='word_1_320' title='bbox 333 1644 382 1678; x_wconf 83' lang='lat' dir='ltr'>dit</span> <span class='ocrx_word' id='word_1_321' title='bbox 395 1642 587 1680; x_wconf 77' lang='lat' dir='ltr'>Gaffendus.</span> <span class='ocrx_word' id='word_1_322' title='bbox 606 1644 714 1680; x_wconf 81' lang='lat' dir='ltr'>Salem</span> <span class='ocrx_word' id='word_1_323' title='bbox 733 1657 943 1680; x_wconf 85' lang='lat' dir='ltr'>communem</span> <span class='ocrx_word' id='word_1_324' title='bbox 957 1647 990 1681; x_wconf 88' lang='lat' dir='ltr'>in</span> <span class='ocrx_word' id='word_1_325' title='bbox 1004 1658 1123 1694; x_wconf 86' lang='lat' dir='ltr'>aquam</span> <span class='ocrx_word' id='word_1_326' title='bbox 1143 1647 1217 1682; x_wconf 85' lang='lat' dir='ltr'>vase</span> <span class='ocrx_word' id='word_1_327' title='bbox 1239 1658 1430 1682; x_wconf 84' lang='lat' dir='ltr'>contentam</span> <span class='ocrx_word' id='word_1_328' title='bbox 1449 1658 1491 1681; x_wconf 87' lang='lat' dir='ltr'>eo</span> <span class='ocrx_word' id='word_1_329' title='bbox 1505 1646 1604 1694; x_wconf 83' lang='lat' dir='ltr'>usque</span> <span class='ocrx_word' id='word_1_330' title='bbox 1619 1647 1751 1694; x_wconf 54' lang='lat' dir='ltr'>injicit,</span> 
     </span>
     <span class='ocr_line' id='line_1_31' title="bbox 333 1692 1738 1740; baseline 0.001 -13"><span class='ocrx_word' id='word_1_331' title='bbox 333 1693 410 1728; x_wconf 88' lang='lat' dir='ltr'>dum</span> <span class='ocrx_word' id='word_1_332' title='bbox 425 1706 508 1740; x_wconf 86' lang='lat' dir='ltr'>aqua</span> <span class='ocrx_word' id='word_1_333' title='bbox 530 1693 610 1728; x_wconf 89' lang='lat' dir='ltr'>nihil</span> <span class='ocrx_word' id='word_1_334' title='bbox 625 1692 763 1740; x_wconf 81' lang='lat' dir='ltr'>amplius</span> <span class='ocrx_word' id='word_1_335' title='bbox 778 1693 875 1740; x_wconf 74' lang='lat' dir='ltr'>possit</span> <span class='ocrx_word' id='word_1_336' title='bbox 893 1693 1061 1728; x_wconf 83' lang='lat' dir='ltr'>exsolvere</span> <span class='ocrx_word' id='word_1_337' title='bbox 1078 1707 1157 1739; x_wconf 81' lang='lat' dir='ltr'>3turn</span> <span class='ocrx_word' id='word_1_338' title='bbox 1175 1696 1358 1730; x_wconf 84' lang='lat' dir='ltr'>saccharum</span> <span class='ocrx_word' id='word_1_339' title='bbox 1378 1697 1549 1737; x_wconf 82' lang='lat' dir='ltr'>immittit3</span> <span class='ocrx_word' id='word_1_340' title='bbox 1575 1706 1645 1729; x_wconf 89' lang='lat' dir='ltr'>tum</span> <span class='ocrx_word' id='word_1_341' title='bbox 1666 1694 1738 1729; x_wconf 88' lang='lat' dir='ltr'>alu-</span> 
     </span>
     <span class='ocr_line' id='line_1_32' title="bbox 335 1740 1754 1790; baseline -0.001 -14"><span class='ocrx_word' id='word_1_342' title='bbox 335 1754 411 1776; x_wconf 87' lang='lat' dir='ltr'>men</span> <span class='ocrx_word' id='word_1_343' title='bbox 429 1770 438 1784; x_wconf 80' lang='lat'>,</span> <span class='ocrx_word' id='word_1_344' title='bbox 453 1741 623 1776; x_wconf 76' lang='lat' dir='ltr'>vittioluni</span> <span class='ocrx_word' id='word_1_345' title='bbox 635 1770 644 1784; x_wconf 89' lang='lat'>‚</span> <span class='ocrx_word' id='word_1_346' title='bbox 665 1746 698 1777; x_wconf 90' lang='lat'>&amp;</span> <span class='ocrx_word' id='word_1_347' title='bbox 708 1740 788 1775; x_wconf 83' lang='lat' dir='ltr'>alios</span> <span class='ocrx_word' id='word_1_348' title='bbox 801 1741 878 1776; x_wconf 86' lang='lat' dir='ltr'>sales</span> <span class='ocrx_word' id='word_1_349' title='bbox 893 1744 949 1789; x_wconf 87' lang='lat' dir='ltr'>qui</span> <span class='ocrx_word' id='word_1_350' title='bbox 961 1742 1061 1790; x_wconf 87' lang='lat' dir='ltr'>usque</span> <span class='ocrx_word' id='word_1_351' title='bbox 1075 1744 1116 1777; x_wconf 85' lang='lat' dir='ltr'>ad</span> <span class='ocrx_word' id='word_1_352' title='bbox 1138 1755 1261 1778; x_wconf 84' lang='lat' dir='ltr'>certam</span> <span class='ocrx_word' id='word_1_353' title='bbox 1273 1746 1495 1790; x_wconf 74' lang='lat' dir='ltr'>quantitatem</span> <span class='ocrx_word' id='word_1_354' title='bbox 1513 1741 1754 1780; x_wconf 81' lang='lat' dir='ltr'>diffolvuntur..</span> 
     </span>
     <span class='ocr_line' id='line_1_33' title="bbox 335 1790 1740 1841; baseline 0.001 -16"><span class='ocrx_word' id='word_1_355' title='bbox 335 1792 412 1825; x_wconf 84' lang='lat' dir='ltr'>Hoc</span> <span class='ocrx_word' id='word_1_356' title='bbox 430 1801 559 1833; x_wconf 84' lang='lat' dir='ltr'>autem,</span> <span class='ocrx_word' id='word_1_357' title='bbox 579 1792 709 1838; x_wconf 83' lang='lat' dir='ltr'>inquit,</span> <span class='ocrx_word' id='word_1_358' title='bbox 726 1790 878 1839; x_wconf 86' lang='lat' dir='ltr'>explicati</span> <span class='ocrx_word' id='word_1_359' title='bbox 892 1791 985 1826; x_wconf 91' lang='lat' dir='ltr'>nullo</span> <span class='ocrx_word' id='word_1_360' title='bbox 1011 1793 1113 1827; x_wconf 86' lang='lat' dir='ltr'>modo</span> <span class='ocrx_word' id='word_1_361' title='bbox 1127 1794 1256 1841; x_wconf 86' lang='lat' dir='ltr'>potest,</span> <span class='ocrx_word' id='word_1_362' title='bbox 1284 1791 1342 1827; x_wconf 72' lang='lat' dir='ltr'>nisi</span> <span class='ocrx_word' id='word_1_363' title='bbox 1368 1791 1427 1829; x_wconf 75' lang='lat' dir='ltr'>lint</span> <span class='ocrx_word' id='word_1_364' title='bbox 1443 1791 1572 1827; x_wconf 73' lang='lat' dir='ltr'>infinita</span> <span class='ocrx_word' id='word_1_365' title='bbox 1590 1793 1740 1840; x_wconf 85' lang='lat' dir='ltr'>quaedam</span> 
     </span>
     <span class='ocr_line' id='line_1_34' title="bbox 335 1838 1741 1891; baseline 0.001 -18"><span class='ocrx_word' id='word_1_366' title='bbox 335 1838 476 1876; x_wconf 78' lang='lat' dir='ltr'>vacuola</span> <span class='ocrx_word' id='word_1_367' title='bbox 494 1841 525 1874; x_wconf 89' lang='lat' dir='ltr'>in</span> <span class='ocrx_word' id='word_1_368' title='bbox 541 1852 626 1887; x_wconf 82' lang='lat' dir='ltr'>aqua</span> <span class='ocrx_word' id='word_1_369' title='bbox 641 1839 789 1889; x_wconf 83' lang='lat' dir='ltr'>dispersa,</span> <span class='ocrx_word' id='word_1_370' title='bbox 802 1852 905 1888; x_wconf 86' lang='lat' dir='ltr'>eaque</span> <span class='ocrx_word' id='word_1_371' title='bbox 919 1841 1048 1877; x_wconf 79' lang='lat' dir='ltr'>diversae</span> <span class='ocrx_word' id='word_1_372' title='bbox 1059 1841 1180 1891; x_wconf 66' lang='lat' dir='ltr'>figurae.</span> <span class='ocrx_word' id='word_1_373' title='bbox 1199 1844 1253 1877; x_wconf 87' lang='lat' dir='ltr'>Sic</span> <span class='ocrx_word' id='word_1_374' title='bbox 1265 1854 1338 1889; x_wconf 84' lang='lat' dir='ltr'>quae</span> <span class='ocrx_word' id='word_1_375' title='bbox 1349 1840 1419 1877; x_wconf 87' lang='lat' dir='ltr'>sunt</span> <span class='ocrx_word' id='word_1_376' title='bbox 1433 1842 1600 1888; x_wconf 82' lang='lat' dir='ltr'>quadrata,</span> <span class='ocrx_word' id='word_1_377' title='bbox 1614 1853 1670 1876; x_wconf 84' lang='lat' dir='ltr'>aut</span> <span class='ocrx_word' id='word_1_378' title='bbox 1683 1854 1741 1876; x_wconf 83' lang='lat' dir='ltr'>cu-</span> 
     </span>
     <span class='ocr_line' id='line_1_35' title="bbox 337 1888 1738 1939; baseline 0.001 -17"><span class='ocrx_word' id='word_1_379' title='bbox 337 1888 411 1923; x_wconf 83' lang='lat' dir='ltr'>bica</span> <span class='ocrx_word' id='word_1_380' title='bbox 425 1888 512 1932; x_wconf 83' lang='lat' dir='ltr'>‚salis</span> <span class='ocrx_word' id='word_1_381' title='bbox 527 1891 644 1924; x_wconf 83' lang='lat' dir='ltr'>marini</span> <span class='ocrx_word' id='word_1_382' title='bbox 657 1889 821 1938; x_wconf 77' lang='lat' dir='ltr'>particulis</span> <span class='ocrx_word' id='word_1_383' title='bbox 839 1889 1015 1939; x_wconf 87' lang='lat' dir='ltr'>opplentur</span> <span class='ocrx_word' id='word_1_384' title='bbox 1032 1909 1041 1936; x_wconf 86' lang='lat'>·‚</span> <span class='ocrx_word' id='word_1_385' title='bbox 1057 1891 1129 1927; x_wconf 90' lang='lat' dir='ltr'>sunt</span> <span class='ocrx_word' id='word_1_386' title='bbox 1146 1893 1227 1926; x_wconf 83' lang='lat' dir='ltr'>item</span> <span class='ocrx_word' id='word_1_387' title='bbox 1243 1892 1307 1927; x_wconf 86' lang='lat' dir='ltr'>alia</span> <span class='ocrx_word' id='word_1_388' title='bbox 1323 1890 1416 1926; x_wconf 87' lang='lat' dir='ltr'>velut</span> <span class='ocrx_word' id='word_1_389' title='bbox 1439 1891 1638 1926; x_wconf 80' lang='lat' dir='ltr'>foraminula</span> <span class='ocrx_word' id='word_1_390' title='bbox 1653 1889 1738 1936; x_wconf 86' lang='lat' dir='ltr'>ejus-</span> 
     </span>
     <span class='ocr_line' id='line_1_36' title="bbox 337 1937 1739 1991; baseline 0.003 -19"><span class='ocrx_word' id='word_1_391' title='bbox 337 1938 415 1973; x_wconf 86' lang='lat' dir='ltr'>dem</span> <span class='ocrx_word' id='word_1_392' title='bbox 429 1951 502 1973; x_wconf 84' lang='lat' dir='ltr'>cum</span> <span class='ocrx_word' id='word_1_393' title='bbox 519 1937 657 1974; x_wconf 81' lang='lat' dir='ltr'>sacch&#39;ar&#39;i</span> <span class='ocrx_word' id='word_1_394' title='bbox 670 1938 843 1983; x_wconf 61' lang='lat' dir='ltr'>‚aluminis</span> <span class='ocrx_word' id='word_1_395' title='bbox 857 1945 892 1977; x_wconf 89' lang='lat'>&amp;</span> <span class='ocrx_word' id='word_1_396' title='bbox 905 1941 1027 1976; x_wconf 59' lang='lat' dir='ltr'>vitrioli</span> <span class='ocrx_word' id='word_1_397' title='bbox 1039 1940 1203 1989; x_wconf 79' lang='lat' dir='ltr'>particulis</span> <span class='ocrx_word' id='word_1_398' title='bbox 1217 1940 1326 1991; x_wconf 81' lang='lat' dir='ltr'>figurae</span> <span class='ocrx_word' id='word_1_399' title='bbox 1337 1953 1419 1985; x_wconf 91' lang='lat' dir='ltr'>·,nec</span> <span class='ocrx_word' id='word_1_400' title='bbox 1431 1953 1515 1989; x_wconf 86' lang='lat' dir='ltr'>aqua</span> <span class='ocrx_word' id='word_1_401' title='bbox 1533 1940 1606 1990; x_wconf 91' lang='lat' dir='ltr'>plus</span> <span class='ocrx_word' id='word_1_402' title='bbox 1623 1951 1739 1976; x_wconf 82' lang='lat' dir='ltr'>eorum</span> 
     </span>
     <span class='ocr_line' id='line_1_37' title="bbox 339 1986 1248 2039; baseline 0.001 -17"><span class='ocrx_word' id='word_1_403' title='bbox 339 1986 451 2022; x_wconf 87' lang='lat' dir='ltr'>salium</span> <span class='ocrx_word' id='word_1_404' title='bbox 469 1987 612 2024; x_wconf 76' lang='lat' dir='ltr'>dissolvit</span> <span class='ocrx_word' id='word_1_405' title='bbox 623 2018 631 2032; x_wconf 88' lang='lat'>‚</span> <span class='ocrx_word' id='word_1_406' title='bbox 650 1989 750 2036; x_wconf 65' lang='lat' dir='ltr'>quam</span> <span class='ocrx_word' id='word_1_407' title='bbox 762 1989 818 2024; x_wconf 91' lang='lat' dir='ltr'>illa</span> <span class='ocrx_word' id='word_1_408' title='bbox 829 2002 944 2038; x_wconf 82' lang='lat' dir='ltr'>capere</span> <span class='ocrx_word' id='word_1_409' title='bbox 959 1989 1080 2037; x_wconf 80' lang='lat' dir='ltr'>poffint</span> <span class='ocrx_word' id='word_1_410' title='bbox 1094 1990 1248 2039; x_wconf 84' lang='lat' dir='ltr'>spatiola.</span> 
     </span>
    </p>

    <p class='ocr_par' dir='ltr' id='par_1_9' title="bbox 338 2037 1740 2330">
     <span class='ocr_line' id='line_1_38' title="bbox 367 2037 1740 2088; baseline 0.001 -17"><span class='ocrx_word' id='word_1_411' title='bbox 367 2038 452 2071; x_wconf 79' lang='lat' dir='ltr'>Haec</span> <span class='ocrx_word' id='word_1_412' title='bbox 466 2040 578 2084; x_wconf 82' lang='lat' dir='ltr'>utique</span> <span class='ocrx_word' id='word_1_413' title='bbox 590 2041 675 2073; x_wconf 86' lang='lat' dir='ltr'>ratio</span> <span class='ocrx_word' id='word_1_414' title='bbox 689 2038 761 2073; x_wconf 68' lang='lat' dir='ltr'>satis</span> <span class='ocrx_word' id='word_1_415' title='bbox 786 2039 895 2073; x_wconf 85' lang='lat' dir='ltr'>valida</span> <span class='ocrx_word' id='word_1_416' title='bbox 921 2039 999 2075; x_wconf 73' lang='lat' dir='ltr'>esset</span> <span class='ocrx_word' id='word_1_417' title='bbox 1015 2070 1020 2076; x_wconf 29' lang='lat' dir='ltr'>t</span> <span class='ocrx_word' id='word_1_418' title='bbox 1040 2039 1062 2076; x_wconf 87' lang='lat' dir='ltr'>si</span> <span class='ocrx_word' id='word_1_419' title='bbox 1081 2053 1164 2088; x_wconf 85' lang='lat' dir='ltr'>aqua</span> <span class='ocrx_word' id='word_1_420' title='bbox 1185 2042 1313 2088; x_wconf 73' lang='lat' dir='ltr'>injeffis</span> <span class='ocrx_word' id='word_1_421' title='bbox 1331 2038 1449 2076; x_wconf 82' lang='lat' dir='ltr'>salibus</span> <span class='ocrx_word' id='word_1_422' title='bbox 1458 2053 1526 2075; x_wconf 90' lang='lat' dir='ltr'>non</span> <span class='ocrx_word' id='word_1_423' title='bbox 1544 2037 1740 2076; x_wconf 80' lang='lat' dir='ltr'>intumesce-</span> 
     </span>
     <span class='ocr_line' id='line_1_39' title="bbox 338 2087 1738 2139; baseline 0.003 -19"><span class='ocrx_word' id='word_1_424' title='bbox 338 2098 399 2121; x_wconf 89' lang='lat' dir='ltr'>ret.</span> <span class='ocrx_word' id='word_1_425' title='bbox 420 2087 522 2133; x_wconf 58' lang='lat' dir='ltr'>Qozl</span> <span class='ocrx_word' id='word_1_426' title='bbox 539 2090 653 2135; x_wconf 86' lang='lat' dir='ltr'>utique</span> <span class='ocrx_word' id='word_1_427' title='bbox 666 2089 827 2123; x_wconf 83' lang='lat' dir='ltr'>accideret</span> <span class='ocrx_word' id='word_1_428' title='bbox 839 2118 848 2131; x_wconf 88' lang='lat'><strong>‚</strong></span> <span class='ocrx_word' id='word_1_429' title='bbox 861 2088 881 2123; x_wconf 84' lang='lat' dir='ltr'>si</span> <span class='ocrx_word' id='word_1_430' title='bbox 899 2088 968 2124; x_wconf 79' lang='lat' dir='ltr'>salis</span> <span class='ocrx_word' id='word_1_431' title='bbox 982 2089 1135 2139; x_wconf 80' lang='lat' dir='ltr'>cujusque</span> <span class='ocrx_word' id='word_1_432' title='bbox 1150 2093 1253 2125; x_wconf 61' lang='lat' dir='ltr'>atomi</span> <span class='ocrx_word' id='word_1_433' title='bbox 1267 2089 1324 2125; x_wconf 75' lang='lat' dir='ltr'>sibi</span> <span class='ocrx_word' id='word_1_434' title='bbox 1337 2101 1465 2136; x_wconf 81' lang='lat' dir='ltr'>aptatos</span> <span class='ocrx_word' id='word_1_435' title='bbox 1478 2101 1602 2125; x_wconf 86' lang='lat' dir='ltr'>meatus</span> <span class='ocrx_word' id='word_1_436' title='bbox 1622 2095 1655 2126; x_wconf 90' lang='lat'><strong>&amp;</strong></span> <span class='ocrx_word' id='word_1_437' title='bbox 1679 2101 1738 2124; x_wconf 80' lang='lat' dir='ltr'>va-</span> 
     </span>
     <span class='ocr_line' id='line_1_40' title="bbox 341 2137 1738 2186; baseline 0.001 -16"><span class='ocrx_word' id='word_1_438' title='bbox 341 2138 461 2171; x_wconf 82' lang='lat' dir='ltr'>cuosin</span> <span class='ocrx_word' id='word_1_439' title='bbox 471 2149 555 2184; x_wconf 67' lang='lat' dir='ltr'>aqua</span> <span class='ocrx_word' id='word_1_440' title='bbox 568 2140 773 2176; x_wconf 69' lang='lat' dir='ltr'>occunaren&#39;r.</span> <span class='ocrx_word' id='word_1_441' title='bbox 788 2138 851 2173; x_wconf 80' lang='lat' dir='ltr'>Sed</span> <span class='ocrx_word' id='word_1_442' title='bbox 871 2151 943 2173; x_wconf 90' lang='lat' dir='ltr'>cum</span> <span class='ocrx_word' id='word_1_443' title='bbox 956 2151 1040 2186; x_wconf 82' lang='lat' dir='ltr'>aqua</span> <span class='ocrx_word' id='word_1_444' title='bbox 1056 2140 1226 2175; x_wconf 63' lang='lat' dir='ltr'>manifeste·</span> <span class='ocrx_word' id='word_1_445' title='bbox 1248 2139 1441 2176; x_wconf 63' lang='lat' dir='ltr'>intumescat</span> <span class='ocrx_word' id='word_1_446' title='bbox 1454 2169 1463 2182; x_wconf 90' lang='lat'>,</span> <span class='ocrx_word' id='word_1_447' title='bbox 1480 2139 1537 2174; x_wconf 89' lang='lat' dir='ltr'>ubi</span> <span class='ocrx_word' id='word_1_448' title='bbox 1559 2137 1637 2173; x_wconf 84' lang='lat' dir='ltr'>sales</span> <span class='ocrx_word' id='word_1_449' title='bbox 1664 2139 1738 2184; x_wconf 83' lang='lat' dir='ltr'>inji-</span> 
     </span>
     <span class='ocr_line' id='line_1_41' title="bbox 340 2187 1739 2234; baseline 0.001 -15"><span class='ocrx_word' id='word_1_450' title='bbox 340 2197 485 2221; x_wconf 82' lang='lat' dir='ltr'>ciuntur:</span> <span class='ocrx_word' id='word_1_451' title='bbox 498 2198 533 2221; x_wconf 89' lang='lat' dir='ltr'>ut</span> <span class='ocrx_word' id='word_1_452' title='bbox 545 2187 755 2222; x_wconf 72' lang='lat' dir='ltr'>manifestum</span> <span class='ocrx_word' id='word_1_453' title='bbox 777 2187 868 2222; x_wconf 82' lang='lat' dir='ltr'>eritfi</span> <span class='ocrx_word' id='word_1_454' title='bbox 884 2191 1142 2229; x_wconf 65' lang='lat' dir='ltr'>experimentum</span> <span class='ocrx_word' id='word_1_455' title='bbox 1156 2189 1253 2225; x_wconf 81' lang='lat' dir='ltr'>fiatin</span> <span class='ocrx_word' id='word_1_456' title='bbox 1267 2189 1349 2225; x_wconf 81' lang='lat' dir='ltr'>tubo</span> <span class='ocrx_word' id='word_1_457' title='bbox 1359 2191 1485 2224; x_wconf 87' lang='lat' dir='ltr'>vitreo:</span> <span class='ocrx_word' id='word_1_458' title='bbox 1503 2200 1540 2223; x_wconf 84' lang='lat' dir='ltr'>ex</span> <span class='ocrx_word' id='word_1_459' title='bbox 1555 2187 1739 2234; x_wconf 78' lang='lat' dir='ltr'>hacutique</span> 
     </span>
     <span class='ocr_line' id='line_1_42' title="bbox 342 2234 1739 2288; baseline 0.003 -21"><span class='ocrx_word' id='word_1_460' title='bbox 342 2234 569 2270; x_wconf 75' lang='lat' dir='ltr'>observatione</span> <span class='ocrx_word' id='word_1_461' title='bbox 584 2236 663 2271; x_wconf 71' lang='lat' dir='ltr'>nihil</span> <span class='ocrx_word' id='word_1_462' title='bbox 681 2237 895 2273; x_wconf 73' lang='lat' dir='ltr'>concluditur.</span> <span class='ocrx_word' id='word_1_463' title='bbox 923 2239 990 2273; x_wconf 90' lang='lat' dir='ltr'>Cur</span> <span class='ocrx_word' id='word_1_464' title='bbox 1015 2252 1125 2274; x_wconf 77' lang='lat' dir='ltr'>autern</span> <span class='ocrx_word' id='word_1_465' title='bbox 1146 2253 1229 2288; x_wconf 73' lang='lat' dir='ltr'>aqua</span> <span class='ocrx_word' id='word_1_466' title='bbox 1242 2254 1307 2276; x_wconf 88' lang='lat' dir='ltr'>uno</span> <span class='ocrx_word' id='word_1_467' title='bbox 1322 2237 1502 2274; x_wconf 81' lang='lat' dir='ltr'>salesatiata</span> <span class='ocrx_word' id='word_1_468' title='bbox 1520 2237 1601 2272; x_wconf 85' lang='lat' dir='ltr'>alios</span> <span class='ocrx_word' id='word_1_469' title='bbox 1622 2238 1739 2271; x_wconf 82' lang='lat' dir='ltr'>iterum</span> 
     </span>
     <span class='ocr_line' id='line_1_43' title="bbox 346 2285 1044 2330; baseline 0.009 -15"><span class='ocrx_word' id='word_1_470' title='bbox 346 2287 496 2329; x_wconf 55' lang='lat' dir='ltr'>extipiat,</span> <span class='ocrx_word' id='word_1_471' title='bbox 513 2286 577 2320; x_wconf 58' lang='lat' dir='ltr'>olio</span> <span class='ocrx_word' id='word_1_472' title='bbox 600 2285 731 2321; x_wconf 63' lang='lat' dir='ltr'>forte-sse</span> <span class='ocrx_word' id='word_1_473' title='bbox 745 2286 819 2321; x_wconf 81' lang='lat' dir='ltr'>loco</span> <span class='ocrx_word' id='word_1_474' title='bbox 839 2290 1044 2330; x_wconf 72' lang='lat' dir='ltr'>inquiremus</span> 
     </span>
    </p>

    <p class='ocr_par' dir='ltr' id='par_1_10' title="bbox 343 2332 1739 2436">
     <span class='ocr_line' id='line_1_44' title="bbox 381 2332 1739 2383; baseline 0.001 -15"><span class='ocrx_word' id='word_1_475' title='bbox 381 2334 421 2365; x_wconf 53' lang='lat' dir='ltr'>T«</span> <span class='ocrx_word' id='word_1_476' title='bbox 435 2337 495 2366; x_wconf 61' lang='lat' dir='ltr'>itio</span> <span class='ocrx_word' id='word_1_477' title='bbox 511 2338 618 2378; x_wconf 53' lang='lat' dir='ltr'>{tiqus</span> <span class='ocrx_word' id='word_1_478' title='bbox 644 2348 682 2369; x_wconf 78' lang='lat' dir='ltr'>ex</span> <span class='ocrx_word' id='word_1_479' title='bbox 705 2332 923 2372; x_wconf 59' lang='lat' dir='ltr'>rircffiffosm</span> <span class='ocrx_word' id='word_1_480' title='bbox 936 2368 942 2377; x_wconf 80' lang='grc'>,,</span> <span class='ocrx_word' id='word_1_481' title='bbox 954 2343 988 2374; x_wconf 86' lang='lat'>&amp;</span> <span class='ocrx_word' id='word_1_482' title='bbox 1006 2337 1350 2376; x_wconf 74' lang='lat' dir='ltr'>condensationeillud</span> <span class='ocrx_word' id='word_1_483' title='bbox 1366 2339 1461 2371; x_wconf 85' lang='lat' dir='ltr'>inane</span> <span class='ocrx_word' id='word_1_484' title='bbox 1480 2335 1603 2383; x_wconf 87' lang='lat' dir='ltr'>ubique</span> <span class='ocrx_word' id='word_1_485' title='bbox 1614 2334 1739 2383; x_wconf 81' lang='lat' dir='ltr'>disper-</span> 
     </span>
     <span class='ocr_line' id='line_1_45' title="bbox 343 2378 1738 2436; baseline 0.004 -23"><span class='ocrx_word' id='word_1_486' title='bbox 343 2378 411 2415; x_wconf 88' lang='lat' dir='ltr'>sum</span> <span class='ocrx_word' id='word_1_487' title='bbox 432 2387 551 2430; x_wconf 72' lang='lat' dir='ltr'>majore</span> <span class='ocrx_word' id='word_1_488' title='bbox 568 2380 803 2433; x_wconf 71' lang='lat' dir='ltr'>probabilitate</span> <span class='ocrx_word' id='word_1_489' title='bbox 812 2386 1015 2436; x_wconf 83' lang='lat' dir='ltr'>persuadent.</span> <span class='ocrx_word' id='word_1_490' title='bbox 1036 2391 1101 2425; x_wconf 84' lang='lat' dir='ltr'>Vix</span> <span class='ocrx_word' id='word_1_491' title='bbox 1119 2390 1227 2433; x_wconf 81' lang='lat' dir='ltr'>enirn,</span> <span class='ocrx_word' id='word_1_492' title='bbox 1251 2389 1422 2435; x_wconf 74' lang='lat' dir='ltr'>inquiunt,</span> <span class='ocrx_word' id='word_1_493' title='bbox 1438 2385 1592 2435; x_wconf 82' lang='lat' dir='ltr'>explicati</span> <span class='ocrx_word' id='word_1_494' title='bbox 1613 2385 1738 2434; x_wconf 85' lang='lat' dir='ltr'>potest,</span> 
     </span>
    </p>
   </div>
   <div class='ocr_carea' id='block_1_7' title="bbox 1682 2432 1738 2483">
    <p class='ocr_par' dir='ltr' id='par_1_11' title="bbox 1682 2432 1738 2483">
     <span class='ocr_line' id='line_1_46' title="bbox 1682 2432 1738 2483; baseline 0.036 -15"><span class='ocrx_word' id='word_1_495' title='bbox 1682 2432 1738 2483; x_wconf 79' lang='lat' dir='ltr'>qui</span> 
     </span>
    </p>
   </div>
  </div>
 </body>
</html>
