1878 2724
409 177 420 180 η
548 127 709 169 PARS
745 131 1018 170 TERTIA.
1442 145 1494 187 ‘579

108 183 231 234 punem
239 182 323 217 illius
333 180 505 226 aerea‚seu
521 180 649 217 bulluloe
663 187 697 218 &
711 182 763 217 alii
787 187 850 231 ejus
873 182 1021 218 defectus
1037 181 1121 229 quasi
1135 183 1250 231 punita
1267 184 1355 234 nigra
1376 184 1408 222 in
1426 189 1493 236 ipso

114 233 246 282 objefiko
256 229 357 280 pofita
368 242 572 280 apparerent.
593 232 694 278 Qod
705 229 725 265 fi
737 242 847 266 autem
863 235 964 266 minus
975 231 1102 266 oculare
1115 230 1166 267 sex
1185 244 1240 267 aut
1255 231 1376 282 septem
1385 236 1492 285 digitis

113 281 136 318 ὲ
147 286 270 329 maj0re
287 281 434 325 distaret,
458 282 490 316 id
505 283 610 317 minus
622 291 754 329 augeret
767 279 890 328 objecti
905 279 1064 329 speciem,
1087 286 1120 318 &
1137 283 1295 317 minorem
1314 282 1396 320 illius
1415 288 1493 322 ima-

112 332 224 380 ginem
233 328 411 366 exhiberet.

516 428 986 465 DISSERTATIO
1028 430 1098 463 IV.

537 528 588 562 De
598 524 874 572 objec‘lisfenfimm
890 528 1092 561 exteriorum.

110 622 339 709 EXplicatis
349 619 492 658 sensuum
509 624 636 670 organis
647 621 910 659 &functionibus
921 651 932 666 ,
954 624 1134 671 proximum
1146 624 1186 659 est
1197 634 1231 658 ut
1240 623 1410 669 qualitates
1421 624 1490 659 sen-

180 670 304 716 fibiles,
332 671 384 707 seu
398 671 528 720 objeEta
539 670 679 706 sensuum
690 684 924 719 percurramus:
944 684 1080 719 cumque
1098 673 1138 706 de
1157 675 1192 706 iis
1211 684 1282 720 quae
1308 673 1348 705 ad
1371 674 1489 708 :aarum

110 722 276 768 pertinent
287 749 297 764 ,
309 723 341 756 in
354 720 483 770 Phyfrca
495 720 637 769 generali
651 719 720 755 fuse
733 720 752 756 ἓι
767 720 861 756 nobis
872 722 1042 757 traaatum
1057 720 1174 765 fuerit,
1197 733 1279 757 nunc
1296 721 1317 756 ἐι
1329 720 1489 769 ffiporibns

110 773 147 806 δε
169 768 323 806 odoribus
353 770 506 806 ducemus
529 771 666 806 initium.

502 866 750 906 CAPUT
808 867 1097 906 PRIMUM.

672 965 726 998 De
736 962 909 1014 saporibus.

106 1058 272 1149 .C'Um
280 1063 381 1113 gustus
391 1061 426 1098 fit
437 1064 526 1099 velut
543 1063 727 1110 explorator
735 1062 870 1110 quidam
882 1065 914 1098 in
925 1075 962 1097 ea
975 1064 1116 1112 corporis
1129 1074 1219 1110 parte
1235 1062 1408 1100 collocatus
1426 1077 1490 1112 qua

205 1115 265 1148 iter
281 1111 359 1146 cibis
372 1124 481 1161 patet,
495 1124 529 1147 ut
540 1123 610 1160 quae
628 1110 762 1145 salubria
772 1110 843 1146 sunt
860 1123 916 1146 aut
938 1110 1113 1159 perniciosa
1125 1110 1281 1147 discernat
1292 1141 1301 1155 ,
1321 1112 1489 1148 facultates

106 1173 165 1197 aut
182 1165 263 1198 vires
274 1173 443 1208 corporum
460 1174 498 1196 ex
511 1159 672 1209 saporibus
686 1158 880 1208 potissimum
894 1159 1133 1195 internoscimus
1150 1175 1159 1196 z
1180 1172 1286 1207 neque
1303 1160 1366 1195 ulla
1380 1162 1424 1197 est
1440 1174 1489 1196 re-

105 1211 181 1259 gula
190 1211 228 1245 ad
238 1222 341 1244 rerum
354 1212 437 1244 vires
449 1215 483 1246 &
497 1210 749 1256 temperationes
768 1209 985 1256 dijudicandas
997 1211 1095 1257 magis
1105 1209 1218 1243 idonea
1230 1237 1240 1252 ‚
1257 1208 1355 1255 quain]
1369 1222 1405 1244 ea
1416 1223 1487 1258 quae

103 1272 148 1295 ex
165 1261 261 1294 variis
277 1257 422 1306 saporum
431 1257 620 1294 differentiis
631 1257 842 1306 depromitur.
857 1257 954 1293 Unde
962 1269 1070 1292 autem
1082 1256 1143 1291 illae
1154 1259 1310 1301 oriantur,
1327 1258 1424 1307 paulo
1434 1273 1488 1294 ac„

106 1306 244 1343 curatius
265 1307 467 1344 intuendum.

106 1374 108 1377 v
139 1356 253 1391 Solent
265 1355 397 1402 quidem
411 1356 533 1391 Medici
543 1367 665 1392 novem
677 1354 824 1404 saporum
836 1356 953 1405 species
965 1355 1153 1404 distinguere
1167 1384 1177 1398 ,
1201 1366 1308 1390 acrem
1322 1356 1486 1400 videlicet,

105 1406 233 1443 acidum
243 1433 254 1448 ‚
272 1406 435 1452 pinguem,
447 1404 571 1448 salsum,
581 1405 736 1439 austerum
748 1434 757 1448 ‚
773 1405 898 1441 dulcem
914 1433 924 1448 ,
941 1416 1083 1438 amarum
1097 1433 1107 1448 ,
1120 1403 1270 1439 acerbum
1282 1432 1292 1447 ‚
1304 1403 1486 1453 insipidum:

103 1465 240 1504 quorum
268 1463 331 1486 tres
356 1454 450 1500 primi
467 1454 485 1490 ὲ
508 1455 595 1488 tenui
604 1455 738 1488 materia
755 1455 915 1502 prodeunt
934 1453 1054 1496 ;medii
1071 1454 1086 1489 ὲ
1101 1454 1274 1497 mediocri3
1294 1454 1445 1500 postremi
1472 1456 1487 1491 ὲ

105 1501 200 1539 ctaffa
213 1512 312 1549 atque
329 1513 460 1536 terrena.
472 1504 526 1536 Sic
534 1514 589 1536 eos
600 1501 723 1548 sapores
734 1504 824 1536 varie
836 1515 874 1537 ex
884 1502 1119 1537 elementorum
1132 1501 1342 1547 qualitatibus
1354 1504 1484 1539 ducunt:

105 1564 174 1600 quae
190 1550 262 1585 sane
276 1550 383 1585 multis
398 1549 576 1585 rationibus
592 1550 696 1585 refelli
711 1549 845 1598 poffunt.
863 1553 954 1586 Nam
973 1562 1008 1584 ut
1022 1550 1103 1585 nihil
1126 1551 1230 1584 dicam
1252 1551 1290 1584 de
1312 1552 1461 1586 aciditate
1477 1582 1484 1593 ,

103 1611 176 1649 quae
190 1599 398 1645 calidisjuxta
416 1604 448 1635 &
466 1598 589 1647 frigidis
602 1598 731 1640 insidet,
748 1599 837 1648 sapor
849 1610 972 1634 amarus
986 1601 1018 1633 in
1034 1601 1121 1634 tenui
1131 1611 1266 1646 corpore
1276 1627 1286 1643 ‚
1299 1611 1334 1633 ut
1346 1601 1378 1635 in
1389 1600 1484 1636 craffo

104 1650 258 1698 reperitur
273 1663 283 1683 ε
299 1659 334 1682 ut
347 1650 379 1682 in
394 1647 503 1692 spiritu
519 1646 669 1682 absinthii
687 1648 838 1683 distillato
855 1659 985 1682 cernere
1011 1647 1064 1682 est.

137 1701 186 1735 Ac
196 1709 237 1730 ne
249 1696 340 1744 plura
358 1695 500 1731 differam
513 1724 523 1739 ,
536 1709 607 1730 cum
622 1695 784 1731 elementa
793 1699 896 1732 omnis
911 1698 1046 1732 omnino
1059 1695 1175 1744 saporis
1187 1695 1244 1732 fint
1253 1700 1405 1746 expertia,
1416 1698 1483 1734 aliae

103 1747 198 1784 nobis
212 1745 308 1779 causae
326 1743 490 1792 saporum,
508 1757 620 1791 eaeque
632 1747 798 1793 propiores
813 1745 993 1793 quaerendae
1008 1744 1088 1780 sunt.

140 1798 196 1832 Ne
211 1792 286 1827 illud
297 1794 429 1840 quidem
438 1792 608 1841 probabile
619 1794 745 1828 videtur
755 1823 764 1837 ,
774 1793 898 1843 sapores
912 1805 1025 1828 omnes
1041 1805 1077 1828 ex
1097 1791 1209 1827 salibus
1224 1793 1381 1841 proficisci
1395 1813 1403 1836 ς
1426 1809 1483 1830 ηε·-

102 1857 168 1893 que
178 1843 302 1890 spiritus
312 1842 445 1876 autolea
462 1841 532 1877 sunt
545 1845 680 1877 omnino
693 1841 824 1890 infipida
841 1861 850 1888 3
869 1841 990 1878 tametfi
1011 1854 1130 1890 negare
1146 1855 1214 1878 non
1232 1841 1388 1890 polsumus
1404 1848 1484 1892 quin

103 1893 180 1929 sales
192 1893 224 1927 in
234 1889 328 1926 rebus
345 1890 456 1940 sapidis
468 1893 609 1927 maxime
621 1891 834 1927 dominentur.
859 1894 909 1928 Sit
923 1894 1036 1939 itaque

637 2038 748 2072 Prima
766 2039 936 2084 Conclufiav.

76 2167 80 2170 .
142 2139 242 2185 Sapor
255 2136 375 2171 nonest
387 2134 523 2183 qualitas
537 2133 682 2181 quaedam
692 2133 712 2170 ὲ
725 2133 824 2183 reipsa
841 2134 985 2170 distin-cta
1001 2163 1010 2178 ,
1032 2133 1084 2169 sed
1094 2135 1181 2170 afflo
1197 2146 1270 2184 quae
1286 2136 1377 2173 motu
1387 2135 1481 2173 locali

99 2188 284 2221 continetur
304 2214 313 2228 ‚
331 2196 460 2231 quaeque
477 2183 498 2218 ὲ
511 2186 648 2231 partium
667 2182 919 2231 configuratione
940 2183 1135 2231 potiffimfim
1146 2186 1275 2233 pendet.

137 2233 294 2268 Probatur
304 2233 460 2277 conclufio.
472 2234 538 2266 Res
556 2231 659 2279 sapida
672 2233 769 2278 gustu,
779 2243 814 2266 ut
825 2232 914 2266 tactu
926 2233 1069 2280 quodam
1082 2236 1253 2281 percipitur
1269 2248 1276 2268 :
1293 2233 1344 2267 sed
1355 2236 1480 2283 impres.

101 2282 145 2316 sio
163 2294 284 2317 tantum
296 2311 304 2324 ,
317 2284 465 2316 autaffio
483 2281 640 2327 corporiS,
658 2293 723 2315 non
746 2282 860 2315 entitas
879 2279 920 2314 ab
939 2293 980 2316 eo
1000 2283 1144 2317 distincta
1161 2281 1279 2316 sensnm
1293 2295 1425 2328 movet,
1444 2296 1480 2319 ut

101 2329 170 2365 fuse
186 2330 264 2366 alibi
278 2330 451 2380 probatum
462 2330 518 2366 est.
531 2331 582 2364 Sic
592 2330 730 2376 actione,
744 2341 796 2366 aut
808 2341 899 2367 motu
911 2333 1051 2380 corporis
1065 2330 1289 2417 sassiccliiggigua
1304 2331 1360 2369 vel
1371 2333 1481 2368 astrin-

1243 2393 1263 2428 11
