1878 2724
392 160 445 197 534
923 132 1228 168 PHYSICAE

392 207 450 246 pet
464 190 573 229 inflexi
589 202 597 222 :
613 185 698 221 unde
717 185 750 217 vi
778 178 994 217 musculorum
1006 184 1039 216 in
1060 193 1101 216 eo
1114 182 1171 218 situ
1182 182 1372 218 retinentur.
1399 184 1468 231 Jam
1486 181 1655 230 quomodo
1677 183 1781 220 home

393 232 734 294 Ptogrediatur,paulo
746 229 849 265 acrius
859 230 1065 266 intuendum.

431 303 487 338 4u.
513 283 638 321 Greffus
649 285 693 316 ita
705 280 742 316 fit
758 281 887 315 alternis
903 279 1040 326 pedibus
1050 308 1058 323 ‚
1075 290 1111 314 ut
1123 292 1187 314 uno
1201 279 1301 315 stante
1315 279 1395 316 alter
1408 280 1636 323 transferatur,
1651 291 1687 315 ac
1698 291 1779 316 neu.

396 353 444 376 ter
460 349 544 373 totus
559 330 710 381 quiescat.
726 332 877 376 Uterque
889 328 930 363 ab
947 341 1092 363 extremo
1109 328 1261 364 calcaneo
1273 329 1312 363 ad
1333 340 1494 365 extremos
1513 330 1631 378 digitos
1644 327 1781 366 succeffi-

395 402 436 426 ve
448 394 607 424 movetur.
626 380 779 427 Cumque
795 378 953 427 posterior
968 390 1084 413 terram
1097 377 1225 412 summis
1236 378 1341 427 digitis
1354 380 1503 428 attingit,
1519 383 1554 415 &
1570 390 1699 413 acutum
1709 390 1783 414 cum

396 450 435 474 ea
448 434 598 484 angulum
611 460 621 474 ,
637 441 672 464 ut
685 429 791 463 femur
803 425 950 462 obtusum
964 439 1038 462 curn
1054 439 1167 462 trunco
1180 429 1322 475 corporis
1336 426 1435 463 efficit
1448 456 1458 471 ,
1478 439 1547 463 tum
1565 439 1621 475 pes
1643 430 1784 473 anterior

396 486 483 523 calce
498 494 616 518 terram
631 479 728 514 ferit:
744 479 875 512 interim
891 475 1036 522 quaedam
1059 475 1194 511 efficitur
1209 476 1491 525 compulfio,dutn
1506 487 1562 525 pes
1580 487 1696 510 terram
1719 488 1786 512 non
1823 482 1827 486 '
1868 467 1871 509 ἰ

398 535 499 572 modo
511 529 657 566 deorsum
673 554 682 570 ‚
692 526 744 561 sed
757 529 858 573 magis
869 524 1041 559 retrorsum
1054 537 1156 574 urget.
1166 526 1335 573 Qudquid
1347 529 1434 561 enim
1444 524 1631 568 antrorsum,
1649 536 1704 560 aut
1714 537 1787 574 gra-

398 583 520 620 diendo
532 610 541 624 ‚
554 590 610 613 aut
621 576 780 617 natando,
794 586 850 608 aut
862 573 1007 608 volando
1017 585 1242 623 promovetur,
1251 575 1284 608 id
1300 587 1412 623 corpus
1427 578 1474 610 cui
1484 576 1631 610 innititur
1646 602 1655 616 ,
1667 586 1787 609 retror-

399 633 468 670 sum
481 630 599 680 premit
614 656 623 670 ,
636 637 734 672 atque
751 623 792 658 ab
810 635 850 657 eo
864 622 954 657 velut
966 623 1091 672 repulsu
1099 623 1242 671 quodam
1264 623 1441 659 antrorsurn
1454 625 1604 671 reficitur.
1619 624 1722 666 Unde
1742 625 1790 659 in-

401 695 451 720 ter
467 677 658 716 currendum
675 673 813 710 fallente
829 672 964 720 vestigio
976 672 1071 707 facile
1080 673 1222 707 cadimus
1235 701 1245 716 ,
1256 674 1346 720 quod
1363 684 1453 708 tanta
1475 673 1639 708 celeritate
1659 671 1715 707 fiat
1733 671 1791 707 illa

400 743 495 768 terrae
521 722 699 774 compulsio
712 752 722 766 ,
745 734 779 756 ut
793 719 813 755 fi
832 720 884 755 vel
898 720 972 755 leve
983 722 1253 769 impedimentum
1266 721 1467 757 offendamus
1478 751 1488 766 ,
1501 733 1557 771 pes
1568 723 1710 755 anterior
1725 733 1792 757 non

397 778 494 831 possit
516 789 584 812 tam
602 776 667 808 cito
682 783 800 807 tertam
817 772 989 818 attingere,
999 783 1098 818 quam
1109 772 1282 818 requiritur
1297 782 1331 806 ut
1346 771 1468 819 pondus
1480 771 1623 819 corporis
1641 771 1793 818 excipiat.

439 836 477 878 50.
503 825 669 862 Continua
686 819 755 863 est,
770 824 804 856 ὅ(
817 820 955 854 minime
973 821 1150 868 interrupta
1169 818 1332 855 transsatio
1352 837 1361 863 3
1378 822 1501 867 quique
1522 830 1609 854 terrae
1636 830 1691 867 pes
1709 820 1796 853 inni-

405 881 485 915 titur
497 905 507 920 ,
523 873 607 910 solus
625 870 756 906 sustinet
767 897 777 910 ,
797 872 832 904 δι’.
851 867 958 902 defert
973 880 1104 916 corpus:
1122 870 1175 914 qui
1190 880 1269 903 vero
1287 869 1476 904 transfertur
1487 897 1498 912 ‚
1517 869 1625 917 potius
1643 878 1795 902 movetur

406 928 428 964 ὲ
437 925 582 974 corporis
603 931 719 955 trunco
731 928 831 964 quam
843 915 987 952 viciffim.
1002 919 1091 952 Hinc
1104 919 1207 951 trunci
1221 917 1313 965 ipsius
1332 929 1437 952 motus
1454 915 1625 952 undulosus
1637 916 1795 963 quodam—

408 975 511 1014 modo
521 973 565 1007 est
575 1000 584 1015 ‚
602 966 801 1003 dextrorsum
815 962 934 999 scilicet
946 970 979 1002 &
1002 964 1205 1000 sinistrorsum
1215 994 1227 1009 ‚
1248 968 1327 1001 dum
1335 979 1392 1014 pes
1406 965 1507 1001 elatus
1521 968 1554 1000 in
1571 965 1691 1014 pedem
1711 964 1796 1000 alte-

409 1038 480 1061 rum
497 1032 588 1057 terrae
615 1018 812 1052 innitentem
827 1025 902 1048 eum
917 1013 1061 1051 reclinat.
1296 1018 1302 1024 ’

443 1075 506 1109 His
516 1069 669 1105 addamus
680 1075 752 1111 quae
768 1062 787 1098 ἐι
807 1059 931 1097 clariss.
943 1062 1071 1097 Borello
1084 1061 1154 1097 sum
1169 1061 1350 1098 observata.
1370 1065 1415 1098 Ex
1436 1064 1474 1097 iis
1499 1074 1569 1110 quae
1587 1061 1725 1097 diximus
1747 1072 1799 1097 to.

411 1135 479 1159 tum
489 1128 602 1166 corpus
613 1114 717 1149 altero
734 1110 818 1160 pede
829 1109 970 1146 sustineri
985 1111 1091 1160 palam
1102 1112 1164 1148 est:
1183 1112 1267 1146 adeo
1281 1122 1317 1146 ut
1332 1111 1385 1146 vel
1403 1124 1445 1147 ex
1461 1123 1502 1146 eo
1514 1113 1620 1159 capite
1637 1122 1710 1159 pars
1726 1122 1800 1147 tan·
1852 1151 1854 1154 ,

413 1185 484 1208 tum
493 1166 623 1204 dimidia
649 1162 792 1209 corporis
813 1171 871 1208 pet
900 1162 991 1194 vices
1017 1159 1221 1210 suspendatur
1238 1174 1246 1195 ε
1263 1166 1345 1196 ‘non
1366 1160 1462 1196 aliter
1484 1172 1585 1208 atque
1608 1159 1718 1203 hasta,
1745 1172 1802 1195 cu-

410 1227 460 1266 jus
473 1229 543 1267 pars
553 1223 696 1250 extrema
707 1211 728 1245 ὲ
739 1220 823 1243 terra
837 1207 997 1243 attollitur
1014 1223 1022 1246 :
1043 1221 1110 1244 tum
1125 1212 1213 1245 enim
1231 1221 1302 1257 pars
1315 1209 1541 1245 tantummodo
1565 1212 1630 1255 ejus
1650 1209 1802 1256 ponderis

415 1279 545 1305 manum
560 1263 676 1312 premit
688 1287 697 1301 ‚
713 1269 784 1306 pars
801 1256 902 1290 altera
918 1256 938 1292 ὲ.
950 1269 1031 1292 terra
1043 1260 1095 1292 cui
1109 1259 1216 1292 innixa
1231 1258 1293 1301 est,
1312 1257 1485 1294 sustinetur.
1500 1258 1563 1292 Sed
1582 1260 1683 1305 majus
1708 1270 1802 1294 corn-

415 1317 569 1367 pendium
579 1321 691 1346 natura
702 1307 813 1354 quaerit
825 1306 861 1339 in
877 1305 944 1354 ipso
962 1304 1077 1342 incessu
1092 1321 1100 1342 :
1115 1319 1189 1342 narn
1202 1308 1249 1342 vis
1266 1305 1479 1343 musculorum
1499 1308 1606 1343 minus
1623 1306 1804 1353 quadrante

418 1365 567 1416 ponderis
581 1358 769 1395 alternatim
782 1352 952 1402 suspendit.

961 1405 1013 1439 Sit
1027 1415 1172 1439 centrum
1194 1406 1360 1452 gravitatis
1387 1407 1420 1440 in
1444 1405 1586 1440 humano
1599 1416 1735 1451 corpore
1753 1406 1807 1448 A,·

915 1453 982 1489 duo
998 1453 1095 1501 pedes
1110 1455 1133 1488 B
1143 1459 1176 1490 &
1187 1454 1217 1488 C
1227 1481 1237 1496 ‚
1252 1453 1336 1488 linea
1345 1454 1531 1489 directionis
1552 1465 1607 1488 aut
1619 1452 1806 1501 propensio-

915 1505 964 1538 nis
975 1502 994 1538 :a
1005 1513 1118 1537 centro
1129 1504 1305 1550 gravitatis,
1321 1502 1361 1537 ad
1373 1502 1580 1538 horizontem
1590 1502 1805 1550 perpendicu-

916 1552 1025 1586 lariter
1038 1551 1134 1586 ducta
1148 1552 1177 1586 A
1190 1554 1232 1587 D.
1242 1552 1328 1586 Cum
1339 1554 1372 1600 ig
1386 1564 1434 1587 tur
1449 1552 1509 1586 stat
1521 1550 1622 1586 homo
1633 1579 1643 1594 ‚
1660 1549 1697 1586 fit
1707 1552 1807 1586 trian-

917 1599 1030 1648 gulum
1042 1598 1183 1634 isosceles
1197 1602 1224 1635 A
1234 1601 1257 1634 B
1269 1600 1299 1634 C
1308 1629 1317 1643 ‚
1330 1612 1417 1646 cujus
1434 1612 1517 1649 apex
1531 1600 1572 1635 est
1581 1610 1725 1634 centrum
1735 1611 1808 1647 gra-

920 1651 1029 1683 vitatis
1045 1650 1081 1684 A.
1098 1651 1222 1684 Totum
1236 1649 1319 1683 adeo
1332 1650 1455 1696 pondus
1470 1650 1611 1696 corporis
1630 1646 1808 1696 suspensum

922 1707 1051 1733 tenetur
1062 1726 1071 1739 ,
1092 1697 1233 1745 primurn
1245 1698 1265 1733 ὲ.
1275 1698 1391 1732 duritie
1407 1697 1490 1733 ossea
1506 1697 1726 1732 columnatum
1738 1698 1810 1740 AB,

923 1749 952 1783 A
963 1747 992 1781 C
1007 1775 1016 1789 ,
1034 1751 1068 1783 δ(
1084 1746 1103 1781 ἐι
1117 1749 1150 1780 vi
1164 1746 1376 1781 musculorum
1391 1775 1401 1790 ,
1429 1759 1497 1792 quae
1513 1745 1617 1780 obstat
1634 1747 1808 1792 quominus

924 1793 987 1830 offa
1000 1794 1154 1830 flexibilia
1172 1797 1255 1829 circa
1267 1795 1428 1838 articulos,
1437 1794 1609 1830 flectantur
1625 1793 1664 1829 fic
1678 1804 1742 1841 que
1753 1805 1810 1828 co-

925 1843 1052 1878 lumnas
1067 1842 1208 1878 extensas
1220 1846 1250 1878 in
1263 1855 1302 1878 eo
1319 1843 1375 1877 situ
1384 1845 1511 1879 retinet.

959 1905 986 1928 ι..
1000 1893 1162 1936 roirca
1177 1893 1208 1926 in
1227 1890 1294 1938 ipso
1307 1890 1422 1926 incessu
1436 1890 1524 1926 fimul
1545 1896 1579 1928 &
1598 1891 1714 1926 eodem
1727 1896 1815 1927 tem.'

927 1952 1006 1988 pore
1022 1939 1125 1987 plures
1137 1939 1325 1974 inchoantur
1341 1939 1506 1974 circulares
1516 1951 1634 1983 motus,
1647 1951 1686 1974 ex
1696 1939 1816 1987 quibus

928 1988 1053 2023 constat
1063 1999 1170 2023 motus
1181 1987 1404 2036 progreffivus.
1413 1991 1501 2025 Nam
1515 1991 1596 2024 circa
1606 2000 1752 2023 centrum
1769 1991 1814 2032 B,

930 2038 1099 2071 anterioris
1112 2037 1202 2084 pedis
1215 2037 1395 2073 revolvitur
1412 2038 1515 2072 vectis
1526 2066 1535 2081 ,
1550 2036 1603 2072 seu
1621 2049 1688 2071 crus
1701 2039 1730 2072 A
1744 2039 1767 2071 B
1779 2042 1815 2074 ὅ(

930 2097 1043 2134 corpus
1055 2115 1064 2129 ‚
1074 2084 1125 2120 seu
1139 2087 1287 2121 machina
1304 2086 1407 2121 versus
1422 2089 1451 2122 K
1464 2097 1683 2135 promovetur.
1694 2088 1817 2121 Exten-

932 2133 965 2168 so
990 2137 1074 2169 enim
1088 2136 1172 2183 pede
1192 2136 1362 2182 posteriori
1379 2136 1443 2171 LC
1455 2164 1464 2178 ,
1486 2141 1572 2185 cujus
1595 2147 1674 2182 apex
1695 2136 1726 2169 C
1744 2145 1816 2170 tan-

933 2185 982 2228 git
998 2183 1098 2217 solum
1111 2213 1120 2226 ‚
1142 2183 1321 2231 crusipsum
1341 2185 1526 2231 producitur
1545 2183 1708 2218 additione
1725 2184 1817 2229 pedis

934 2233 998 2266 LC
1015 2246 1022 2266 :
1041 2230 1145 2279 sicque
1163 2231 1201 2267 fit
1218 2233 1410 2281 triangulum
1423 2235 1563 2280 primum
1578 2231 1795 2280 restangulurn
1805 2259 1818 2276 ,

438 2277 573 2312 ubicrus
587 2279 647 2312 AB
667 2275 772 2312 insistit
791 2278 831 2311 ad
854 2280 1128 2326 perpendiculum.
1170 2282 1278 2328 Atque
1309 2284 1343 2316 in
1368 2292 1437 2316 tota
1461 2281 1519 2316 hnc
1544 2283 1671 2316 actione
1704 2292 1818 2327 corpus

439 2325 565 2360 duobus
587 2328 731 2360 innixum
769 2326 905 2373 pedlbus
945 2327 1039 2363 facile
1071 2329 1239 2365 inclinatur
1273 2332 1414 2365 anterius
1440 2358 1450 2373 ,
1483 2342 1519 2364 ut
1541 2342 1610 2364 crus
1637 2332 1665 2363 A
1691 2330 1722 2364 C
1746 2339 1823 2376 pen,

436 2374 684 2420 pendicularitet
714 2374 843 2414 infistat.
876 2379 1028 2426 Tumque
1049 2379 1151 2416 veens
1189 2381 1218 2416 A
1253 2381 1278 2415 B
1306 2381 1402 2415 totius
1439 2378 1594 2415 machinae
1620 2378 1746 2427 pondus
1769 2375 1816 2412 su-
