1878 2724
577 129 609 163 D
621 129 645 165 E
676 128 700 164 Ρ
717 128 743 163 L
757 128 785 163 A
799 128 834 165 N
849 128 878 164 T
895 129 908 162 Ι
924 128 955 163 S.
1402 134 1419 163 6

28 183 145 221 ,cimus
161 209 171 226 ‚
183 180 304 216 radices
320 181 403 216 intra
420 180 501 215 rami
515 180 670 213 corticem
681 177 849 227 &lignum
860 174 1035 227 profundas
1052 175 1136 223 agit,
1159 179 1192 211 &
1214 172 1338 209 succum
1355 141 1435 211 ra4mi

43 235 95 267 cui
112 229 289 266 adnascitur
305 230 345 264 ad
355 229 385 265 se
394 232 479 278 rapit
491 258 501 273 ,
517 239 589 262 cum
603 228 682 263 rami
693 226 784 275 ipsius
800 227 968 276 dispendio
980 254 989 269 ,
1011 226 1068 272 qui
1081 235 1133 258 aut
1145 223 1359 267 contabescit,
1377 237 1433 260 aut

43 280 178 317 fiirculos
188 293 255 315 non
266 278 399 328 profert.
421 274 680 326 Fistulcelignosae
693 305 701 320 ‚
722 281 756 314 δε
769 275 899 325 appenfi
921 274 1050 311 utriculi
1081 273 1177 308 aliam
1199 271 1430 322 configuratio-

40 341 117 366 nem
132 358 141 373 ,
160 334 194 366 &
205 341 393 365 contextum
407 328 581 364 sortiuntur
594 342 602 366 ς
615 324 804 408 acprimum
820 329 854 361 in
867 336 1011 375 gemmas
1029 351 1039 367 ,
1056 334 1126 358 turn
1138 324 1171 357 in
1184 320 1320 358 surculos
1333 350 1344 366 ,
1363 333 1431 359 tan-

41 379 118 414 dem
135 381 167 413 in
177 390 284 414 ramos
295 384 329 416 &
341 378 422 414 folia
441 390 477 413 ac
491 375 614 412 fruetus
623 375 655 408 vi
671 377 700 409 ci
713 374 848 412 abeunt.

89 427 219 463 Muscus
233 440 364 475 quoque
376 430 410 462 in
422 429 577 462 corticem
590 421 712 458 arboris
724 423 918 472 multiplices
930 422 1046 473 spargit
1062 423 1182 458 radices
1193 451 1201 461 ‚
1228 427 1262 458 &
1280 423 1313 457 in
1324 434 1431 458 ramu-

41 475 89 510 los
103 489 140 511 ac
162 477 311 525 capitella
327 476 467 512 rotunda
487 470 618 511 definit:
637 475 780 509 utrumis
794 471 913 510 semina
935 478 969 511 δε
988 473 1109 510 fru6lzus
1127 481 1275 522 procreet
1304 471 1432 506 dubitat

36 524 251 575 Malpighius.
1287 564 1290 567 Δ

75 577 129 609 Sic
139 575 279 610 mucedo
290 576 322 610 in
336 573 490 622 corruptis
501 571 659 610 frufflbus
676 602 687 618 ‚
712 574 745 608 in
758 571 849 607 caseo
866 570 934 621 ipso
949 600 959 615 ,
981 577 1015 609 &
1032 574 1065 608 in
1082 570 1151 605 aliis
1162 567 1352 618 corporibus
1374 569 1431 605 fitu

39 621 188 659 obductis
197 626 228 659 in
240 635 368 659 truncos
384 629 417 660 &
426 623 579 658 rotundos
589 625 696 671 apices
707 651 717 666 ‚
734 633 788 656 aut
798 620 950 670 capitella
966 620 1078 656 definit
1087 649 1096 664 ,
1109 631 1168 654 nec
1191 618 1283 653 aliter
1301 618 1369 653 fere
1379 630 1430 652 at-

39 684 104 720 que
114 672 217 722 (fungi
231 675 265 708 in
280 671 448 708 arboribus
462 700 472 714 ,
500 683 556 707 aut
575 673 608 706 in
627 670 705 707 fimo
720 672 844 718 equino
863 668 1033 706 nascuntur
1048 671 1066 706 ὲ
1087 668 1180 703 succo
1192 679 1335 714 namque
1351 679 1431 702 con-

38 720 201 757 crescente
210 720 352 770 primum
371 719 603 758 membranulae
621 720 723 756 effnsae
731 729 909 768 apparent:
930 730 999 754 tum
1013 717 1159 754 crasfiora
1174 716 1240 759 fila,
1250 728 1319 763 quae
1333 717 1366 751 in
1376 724 1432 751 ro-

39 770 155 805 tundos
169 770 321 819 globulos
334 773 448 806 co'c‘unt
458 787 467 814 3
477 781 513 804 ac
522 768 617 805 brevi
630 772 663 805 in
672 769 787 818 fungos
801 766 1007 803 adolescunt:
1024 770 1059 803 in
1072 769 1110 801 iis
1130 763 1330 815 potiffimum
1349 764 1428 799 locis

37 831 108 866 qua:
117 821 157 854 ad
172 819 338 855 borealem
352 819 426 854 coeli
444 818 572 867 plagam
581 822 713 864 jacent:
739 829 814 854 nam
832 817 913 851 radii
929 816 1002 851 solis
1024 818 1057 851 in
1076 814 1198 850 australi
1214 814 1306 863 plaga
1321 812 1429 850 succos

37 868 109 903 illos
134 868 371 904 concrescentes
382 869 557 916 disjiciunt.
569 870 604 901 ln
615 879 654 901 ea
672 867 806 914 quidem
819 866 866 900 est
881 865 1038 901 sententia
1049 867 1095 902 D.
1109 864 1271 897 Mariotte
1283 890 1292 901 ‚
1312 861 1430 910 pleras-

36 928 102 964 que
117 916 233 952 herbas
243 916 306 952 fine
316 916 435 952 semine
446 945 455 960 ,
468 921 502 953 &
513 914 597 963 quafi
610 915 722 964 sponte
737 914 937 950 sobolescere
954 929 962 951 :
982 914 1071 963 quod
1087 916 1122 948 in
1141 912 1252 961 stagno
1271 910 1428 947 exficcato

37 977 120 1000 terra
132 965 266 1001 herbam
276 977 405 1002 tenuem
414 964 584 1014 protulerit
600 992 610 1007 ,
623 977 693 1012 quae
703 976 768 1000 uno
778 965 856 998 item
871 969 906 1001 &
922 963 1026 999 altero
1045 975 1134 998 anno
1175 958 1323 996 ermanfit
1335 988 1345 1003 ,
1361 971 1429 996 tum

36 1015 114 1049 alias
124 1014 238 1051 herbas
248 1026 331 1050 terra
340 1015 455 1051 extulit
468 1041 478 1057 ,
496 1013 594 1062 finapi
608 1012 867 1062 imprimis‚quod
882 1016 918 1048 in
926 1025 965 1047 eo
980 1012 1054 1047 loco
1071 1023 1139 1046 non
1149 974 1339 1057 seminatum
1354 1008 1427 1045 fuir.

35 1063 135 1100 Unde
150 1076 258 1098 aerem
276 1069 312 1101 δε
322 1076 440 1111 aquarn
452 1062 585 1098 infinitis
596 1061 783 1110 corpusculis
808 1060 931 1097 referta
949 1060 1010 1096 effe
1024 1062 1172 1108 conjicit,
1192 1070 1263 1106 quae
1278 1069 1365 1092 certa
1376 1067 1428 1092 ra·-

35 1114 126 1147 tione
135 1113 303 1147 commista
315 1115 388 1148 vice
402 1112 558 1148 seminum
570 1109 630 1145 effe
645 1110 771 1159 possunt
787 1111 821 1145 in
837 1109 905 1146 solo
922 1121 998 1159 apte
1008 1107 1167 1157 dispofito.
1182 1106 1308 1142 Verum
1325 1107 1357 1140 id
1374 1109 1425 1142 in.

33 1159 167 1196 :ellectu
178 1162 312 1196 arduum
322 1162 467 1204 videtur,
478 1171 515 1195 ac
529 1158 637 1207 potius
652 1160 844 1193 crediderim
855 1172 909 1195 aut
918 1159 1036 1194 semina
1050 1157 1180 1193 aliunde
1196 1156 1216 1193 ὲ
1232 1158 1336 1193 ventis
1351 1167 1424 1204 pcr-

36 1209 100 1244 lata
112 1208 202 1245 fuisse
212 1238 224 1254 ,
237 1221 293 1245 aut
306 1211 425 1246 radices
443 1207 618 1245 herbarum
630 1210 663 1242 in
675 1219 759 1243 terra
773 1206 834 1242 esse
850 1207 1042 1257 superstites·

557 1306 801 1344 CAPUT
846 1306 906 1342 ΙΙΙ.

350 1405 405 1439 De
423 1404 613 1453 plantarum
631 1406 823 1446 nutritione,
839 1401 878 1437 ό*
890 1405 1100 1451 vegetatione.

35 1502 174 1595 UT
185 1501 368 1552 plantarum
380 1513 468 1538 ortus
477 1508 511 1540 &
523 1503 688 1552 vegetatio
698 1530 708 1545 ‚
730 1499 769 1534 fic
783 1502 917 1535 nutritio
930 1504 964 1537 &
975 1503 1112 1536 accretio
1125 1499 1167 1535 ab
1181 1499 1250 1548 ipsis
1262 1499 1421 1535 radicibus

145 1552 287 1601 pendent
298 1554 448 1587 maxime.
457 1554 516 1587 Ha:
524 1556 645 1600 qnippe
657 1553 689 1585 in
706 1561 823 1584 terram
833 1548 1009 1597 sparsae‚per
1019 1549 1183 1598 capillares
1194 1547 1333 1583 ramulos
1353 1548 1421 1583 suc-

32 1615 108 1637 cum
120 1603 226 1638 eterra
237 1600 415 1635 humidiori
433 1600 593 1650 exsugunt
609 1618 618 1643 3
633 1601 709 1635 dum
721 1609 803 1644 aqua
818 1597 965 1645 pluvialis
983 1601 1122 1634 maxime
1135 1609 1193 1646 per
1211 1597 1332 1632 telluris
1341 1610 1421 1645 -par-

33 1661 82 1685 tes
99 1648 245 1685 arenosas
256 1677 264 1691 ‚
281 1653 314 1685 Sc
328 1660 411 1697 pene
429 1652 562 1693 vitreas,
588 1649 697 1684 salinas
708 1676 717 1690 ,
740 1652 772 1683 &
785 1645 960 1681 metallicas
975 1647 1137 1694 percolata
1150 1645 1252 1682 exiles
1267 1675 1277 1689 ,
1297 1645 1349 1680 sed
1361 1645 1420 1680 fibi

31 1698 294 1734 accommodatos
307 1698 449 1732 radicum
460 1710 556 1747 poros
569 1698 651 1733 subit
665 1697 827 1742 3'seuaeris
839 1694 1016 1730 circumfusi
1030 1696 1148 1731 elatere
1161 1694 1356 1743 impellatur3
1368 1694 1421 1729 seu

33 1759 147 1795 tepore
166 1747 426 1792 lociextenuata‚
445 1753 478 1785 δε
495 1747 652 1782 rarefacta
669 1758 726 1793 per
743 1753 844 1778 caecos
856 1745 995 1779 radicum
1006 1756 1130 1780 meatus
1147 1743 1262 1778 sursum
1273 1742 1420 1792 pellatur;

25 1796 84 1831 seu
99 1798 206 1844 potius
219 1800 253 1831 ὃ(
269 1797 349 1829 actis
358 1795 503 1841 elaterio,
515 1801 547 1833 δι
561 1796 702 1832 humoris
713 1793 956 1828 fermentationi
970 1794 1051 1829 hunc
1060 1794 1139 1828 succi
1150 1793 1337 1827 alimentirii
1351 1800 1417 1827 moss

28 1856 100 1880 tum
111 1844 285 1880 tribuamus
298 1871 307 1887 ,
328 1846 385 1891 qui
397 1844 497 1894 vulgo
513 1842 730 1888 suetioni‚ve1
744 1841 929 1877 attraffioni
942 1842 1078 1878 refertur
1086 1853 1245 1891 acceptus·
1267 1844 1354 1878 Nam
1377 1852 1419 1877 ex

30 1895 200 1929 communi
218 1904 336 1929 naturae
347 1893 418 1942 lege
428 1906 469 1929 eo
479 1904 631 1930 movetur
648 1901 762 1941 corpus
773 1921 782 1936 ‚
792 1889 850 1926 ubi
864 1893 967 1926 minus
977 1894 1079 1927 motui
1090 1891 1247 1926 resistitur.
1270 1892 1323 1925 Sic
1333 1902 1418 1937 aqua

30 1941 155 1978 sublato
173 1941 308 1977 embolo
319 1941 432 1977 sursum
444 1945 477 1978 in
491 1943 624 1978 antliam
634 1942 734 1978 fertur
745 1971 754 1985 ‚
768 1941 858 1988 quod
869 1952 905 1974 ea
915 1941 1056 1989 undique
1064 1939 1105 1975 ab
1125 1952 1197 1975 aere
1207 1938 1418 1975 incumbente

30 1989 131 2038 preffa
146 1989 187 2025 eo
202 1989 232 2025 se
243 1992 386 2037 recipiar,
399 1990 581 2035 ubiminot,
595 2002 650 2026 aut
661 1990 747 2026 nulla
764 1990 806 2024 est
820 1987 943 2037 press'm.
956 1992 1038 2026 Non
1054 1989 1191 2025 disfimili
1203 1991 1330 2024 ratione
1344 2000 1418 2022 curn

31 2038 137 2075 tubuli
149 2039 294 2073 radicum
305 2044 337 2074 &
346 2038 464 2086 plantae
475 2052 531 2087 per
540 2042 730 2075 continuam
740 2040 951 2072 nutritionem
962 2068 971 2082 ‚
990 2045 1023 2077 &
1034 2038 1297 2087 perspirationem
1311 2066 1320 2080 ,
1332 2049 1366 2071 ut
1384 2039 1416 2071 in

31 2088 101 2122 aliis
115 2087 303 2124 viventibus
311 2089 516 2124 continenter
527 2089 747 2124 exhauriantur
757 2115 767 2130 ,
790 2089 824 2121 in
841 2090 906 2135 ejus
919 2086 1027 2124 locum
1037 2087 1173 2123 succedit
1182 2087 1322 2123 humore
1334 2097 1415 2120 terra

32 2136 180 2174 sublatusa

78 2189 163 2236 Qae
181 2187 314 2233 quidem
325 2187 406 2220 ratio
420 2185 440 2220 ἐι
453 2187 498 2221 D.
510 2187 663 2222 Perrault‘
672 2188 704 2222 in
715 2187 894 2222 tentamine
908 2198 1009 2233 nuper
1025 2185 1113 2220 edito
1130 2185 1170 2218 de
1188 2183 1268 2218 succi
1281 2186 1312 2218 in
1324 2182 1414 2230 plan-

33 2237 72 2270 tis
88 2237 295 2272 circulatione
313 2235 408 2270 allata
423 2234 503 2269 mihi
516 2236 689 2270 admodum
703 2234 808 2282 placet
826 2249 833 2270 :
853 2246 890 2269 ac
908 2233 928 2268 fi
941 2234 1068 2269 libuerit
1083 2246 1159 2267 eum
1175 2243 1300 2266 motum
1316 2243 1414 2266 attra-

34 2286 150 2320 &ionis
166 2297 223 2320 aut
243 2284 392 2319 suenonis
412 2286 546 2319 nomine
570 2297 641 2318 curn
664 2283 763 2331 vulgo
778 2283 1043 2332 Philosophorum
1076 2280 1275 2317 donabimus,
1304 2283 1413 2327 anue

34 2333 108 2368 hinc
128 2333 311 2370 confirmari
331 2333 454 2381 potest,
487 2334 574 2380 quod
594 2332 706 2368 fistulae
729 2332 855 2379 ligneae,
880 2345 952 2379 quse
973 2343 1058 2379 pene
1076 2329 1147 2364 solae
1173 2329 1242 2364 sunt
1262 2342 1336 2364 cum
1352 2341 1414 2363 tra-

34 2381 120 2418 cheis
142 2385 176 2419 in
205 2383 347 2418 radicum
377 2385 529 2418 extremis
551 2411 561 2426 ‚
594 2381 651 2418 sint
675 2380 762 2416 velut
785 2383 928 2417 excavari
949 2379 1053 2415 tubuli
1074 2407 1083 2423 ‚
1111 2390 1170 2426 per
1195 2390 1274 2426 quos
1297 2377 1414 2412 humor
