1878 2724
594 151 750 187 PARS
788 151 1032 188 TERTIA.
1459 161 1509 188 6·

108 197 146 237 lae'
158 195 284 244 similes,
301 205 336 238 &
348 196 497 249 separatae
508 200 659 235 videntur
676 200 833 249 glandulae
842 231 852 246 ‚
865 214 975 248 neque
990 213 1026 236 ut
1037 199 1125 244 aliae‚
1138 200 1208 235 sunt
1218 200 1402 249 perforatae,
1415 168 1508 236 sed151i

108 261 220 284 earum
234 251 343 285 medio
361 249 442 286 smus
458 250 504 285 est
519 250 680 300 angustior
690 278 701 294 ,
719 262 760 284 ex
773 263 838 298 quo
862 252 980 287 humor
997 249 1132 286 viscidus
1151 255 1184 287 &
1197 249 1323 286 craffior
1341 263 1458 301 magna
1474 253 1508 285 vi

108 302 306 348 exprimitur.

141 349 248 383 Multa
259 351 378 384 omitto
388 360 458 395 quae
472 348 511 383 ad
527 349 741 385 Anatornicos
751 349 938 396 pertinent,
954 361 993 384 ea
1003 349 1159 384 duntaxat
1174 351 1315 398 attingo,
1328 360 1368 384 ex
1385 346 1501 396 quibus

109 397 163 433 lux
176 403 278 448 maj0r
297 398 509 447 Philosophiae
518 398 623 434 afferri
638 403 672 435 &
687 397 805 432 altricis
823 397 983 434 facultatis
997 398 1183 434 funffiones
1206 398 1331 433 facilius
1349 397 1503 446 explicari

101 445 242 496 possunt.
257 451 371 496 Itaque
383 447 462 482 illud
476 460 555 483 vero
572 449 754 496 proximum
767 448 904 490 videtur,
921 449 1011 496 quod
1023 448 1110 483 idem
1121 450 1171 482 vir
1184 446 1423 496 peringeniosus
1440 445 1503 480 col-

111 498 183 545 ligit
201 526 210 541 ‚
222 509 274 532 eas
290 494 455 546 oesophagi
473 502 507 534 δι
524 496 698 533 ventriculi
711 496 879 544 glandulas
895 496 1101 546 suppeditare
1116 495 1244 532 succum
1262 499 1317 544 qui
1338 495 1502 530 alimentis

109 544 316 582 diisolvendis
328 548 371 581 est
384 547 518 582 idoneus
532 560 540 581 ι
554 558 613 581 nec
631 546 755 581 necesse
770 546 813 582 est
825 544 904 580 illud
923 547 1012 582 velut
1038 546 1235 582 menstruum
1250 558 1292 582 ex
1313 547 1504 580 arteriarum

110 597 224 631 tunicis
243 608 302 644 per
318 595 601 645 transpirationem
616 594 766 630 exsudare
779 624 787 639 ‚
796 607 834 630 ac
844 607 884 630 ne
893 595 1038 632 alimenti
1049 596 1182 644 quidem
1193 595 1358 643 reliquias,
1370 606 1443 641 quae
1453 597 1505 627 vi-

109 656 163 679 ces
179 644 333 680 fermenti
343 644 484 689 obeant,
501 642 649 680 arcessere
660 657 740 693 opus
758 644 981 688 forte'fuerit‚
993 658 1065 680 cum
1077 643 1164 679 causa
1182 645 1273 691 hujus
1291 643 1503 679 dissolutionis

108 691 182 728 satis
194 692 229 728 lit
241 693 424 730 manifesta.
439 697 559 743 Neque
572 693 725 728 abhorret
738 693 757 729 ὲ
773 692 936 729 verisimili
954 693 1076 730 succum
1091 706 1249 729 nerveum
1259 723 1268 736 ‚
1288 705 1343 728 aut
1362 690 1503 727 tenuiss-

109 755 200 778 mum
215 746 323 791 potius
339 742 504 792 spirituum
518 745 746 790 liquorem,qui
763 755 821 791 per
842 743 968 791 amplos
983 755 1101 778 nervos
1119 745 1201 778 inter
1215 741 1386 778 ventriculi
1399 754 1504 775 mem-

107 791 224 827 branas
237 790 353 840 sparsos
368 792 497 828 uberior
511 792 698 835 affluit‚cum
718 792 842 840 liquore
852 791 973 827 viscoso
990 794 1006 829 ὲ
1023 792 1184 841 glandulis
1200 803 1353 827 manante
1367 789 1502 833 misceri,

109 839 233 888 &quasi
242 844 415 885 irretiri,ne
426 841 519 877 citius
530 841 752 888 avolettatque
761 840 921 889 utriusque
931 841 1021 889 hujus
1031 842 1163 889 liquoris
1176 840 1341 876 beneficio
1350 840 1504 874 alimenta

104 894 175 938 >jam
186 892 219 925 in
233 903 290 924 ore
301 903 474 939 praeparata
487 889 610 926 diffolvi
623 905 630 925 :
642 889 823 936 spirituosus
836 891 924 925 enim
936 901 1108 924 nervorum
1119 889 1225 936 liquor
1236 890 1391 924 alimenta
1401 900 1503 936 pene·

110 949 175 973 trat
188 967 197 982 ‚
209 938 346 987 subigit,
359 941 552 974 comminuit
564 967 573 981 ,
586 939 664 975 &in
674 937 805 986 chylum
816 940 979 972 cinereum
1000 965 1010 979 ,
1027 935 1183 972 viscosum
1194 950 1303 973 tamen
1316 967 1325 981 ‚
1347 943 1380 974 &
1393 929 1503 971 acidu-

109 986 177 1023 lum
188 990 366 1025 convertit.
380 988 480 1026 Unde
491 986 550 1023 ubi
563 987 730 1036 spirituum
738 997 938 1022 commeatus
949 986 1116 1022 inhibetur
1127 1015 1137 1031 ,
1153 986 1218 1036 ipsa
1229 988 1361 1036 digestio
1373 999 1440 1021 non
1461 989 1504 1019 ri-

106 1047 144 1073 te
155 1035 333 1085 perficitur.

145 1087 259 1132 Qare
275 1085 383 1133 liquor
396 1097 435 1119 ex
455 1086 492 1119 iis
510 1084 669 1131 glandulis
683 1082 851 1133 profluens
877 1083 986 1119 iisdem
1006 1097 1091 1133 pene
1105 1082 1226 1120 viribus
1240 1082 1358 1130 quibus
1377 1083 1502 1126 salivas,

109 1135 262 1183 praeditus
283 1135 339 1171 est.
354 1133 404 1170 Est
418 1124 614 1169 enimTaliva
629 1134 718 1169 velut
737 1134 937 1170 menstruum
947 1135 1110 1182 quoddam
1122 1164 1132 1178 ‚
1146 1146 1199 1168 aut
1210 1131 1380 1168 dissolvens
1393 1162 1402 1176 ‚
1413 1133 1504 1181 quod

110 1197 179 1220 non
194 1184 237 1218 est
248 1183 450 1226 uniusmodi,
464 1183 514 1218 sed
531 1185 654 1218 varium
671 1189 704 1220 &
719 1183 887 1232 multiplex
904 1212 914 1226 ,
926 1194 961 1218 ut
977 1188 1043 1231 jam
1067 1182 1206 1232 superius
1226 1184 1396 1217 innuimus.
1418 1184 1504 1216 Hinc

111 1232 175 1267 alia
191 1233 293 1268 tenuis
307 1233 350 1268 est
361 1262 372 1277 ‚
389 1237 423 1269 &
436 1244 607 1280 penetrans
625 1262 634 1276 ‚
649 1232 710 1267 alia
725 1231 867 1276 densior,
885 1237 917 1269 ὅ(
937 1231 1087 1266 viscidior
1102 1244 1223 1280 ‚eaque
1238 1244 1280 1266 ex
1299 1234 1395 1266 variis
1414 1231 1503 1265 velut

111 1280 261 1317 fontibus
276 1282 384 1318 scatet.
412 1282 589 1329 Qiandam
613 1281 910 1330 nuperglandulam
931 1285 974 1318 D.
987 1281 1029 1315 du
1048 1284 1079 1314 V
1081 1294 1174 1330 erney
1187 1284 1220 1316 in
1238 1281 1393 1316 inferiore
1412 1291 1503 1329 parte

113 1330 228 1365 orbitae
239 1343 340 1380 prope
350 1343 504 1379 magnum
516 1330 601 1366 oculi
618 1330 772 1380 angulum
786 1331 1001 1378 deprehendit
1014 1342 1052 1365 ex
1065 1343 1173 1365 earum
1193 1342 1313 1379 genere
1322 1360 1330 1374 ,
1344 1343 1412 1378 quae
1424 1343 1504 1375 con,-

110 1379 298 1428 glomeratae
314 1380 462 1426 dicuntur
475 1411 485 1424 ‚
504 1380 593 1428 quod
619 1393 656 1415 ex
678 1382 854 1415 innumeris
892 1380 984 1415 velut
1010 1380 1149 1429 granulis
1173 1380 1323 1414 constent
1357 1393 1364 1414 :
1407 1378 1504 1427 pluri-

113 1442 185 1477 mos
217 1442 255 1463 ea
292 1430 432 1464 ramulos
467 1443 505 1465 ex
532 1432 572 1464 iis
600 1428 677 1466 vasis
702 1442 772 1477 quae
795 1430 957 1478 irrigando
978 1429 1076 1464 oculo
1100 1430 1294 1464 destinantur
1313 1458 1321 1472 ‚
1360 1430 1480 1476 excipit
1496 1445 1505 1470 ς

100 1488 150 1512 'ac
170 1488 260 1526 parte
286 1478 330 1513 sui
358 1478 512 1513 inferiore
535 1472 832 1514 vas¹excretorium
847 1481 950 1513 mittit
973 1478 1057 1513 exile
1078 1479 1253 1519 admodum
1265 1507 1274 1522 ‚
1302 1478 1389 1525 quod
1414 1477 1505 1524 supe-

113 1529 232 1562 riorem
252 1528 416 1563 maxillam
431 1540 601 1577 penetrans
624 1527 761 1573 oblique
777 1530 808 1561 in
828 1530 972 1562 tunicam
990 1530 1054 1562 oris
1072 1529 1260 1562 interiorem
1283 1527 1428 1562 inseritur
1442 1556 1451 1570 ,
1471 1531 1504 1562 Sc

113 1589 201 1625 pone
214 1578 347 1612 dentem
359 1577 509 1612 ultimum
522 1583 554 1613 &
569 1577 726 1612 molarem
737 1575 850 1610 definit
863 1591 869 1612 :
882 1577 1052 1611 humorem
1064 1575 1190 1624 praebet
1199 1575 1368 1610 subalbum
1380 1581 1412 1612 23<
1423 1574 1504 1609 cras-

114 1625 193 1670 sum,
203 1628 259 1673 qui
275 1639 347 1661 cum
357 1626 427 1660 aliis
437 1628 499 1660 oris
515 1625 692 1674 liquoribus
705 1656 714 1670 ,
730 1625 780 1660 seu
801 1624 1044 1660 diisolvenribus
1055 1625 1235 1660 commistus
1254 1625 1423 1673 digestioni
1436 1624 1504 1673 ipsi,

115 1679 150 1712 δ(
166 1678 277 1723 primae
290 1675 437 1710 ciborum
450 1675 640 1710 exsolutioni
651 1675 757 1711 servit.
777 1677 899 1711 Utrum
912 1687 948 1713 ea
959 1674 1111 1722 glandula
1121 1677 1152 1709 in
1165 1674 1298 1709 homine
1314 1677 1503 1723 reperiatur,

114 1726 259 1760 nondum
277 1724 449 1759 observare
460 1727 579 1772 potuit.
592 1725 627 1758 ld
640 1737 738 1760 unum
757 1723 902 1758 volumus
919 1734 1069 1772 magnam
1082 1722 1143 1762 effe
1157 1726 1225 1758 vim
1234 1723 1339 1757 salivae
1353 1729 1386 1760 ὃ(
1403 1723 1506 1770 liquo-

115 1785 186 1807 rum
215 1775 272 1821 qui
295 1786 332 1807 ex
357 1776 419 1808 oris
433 1803 440 1815 ,
483 1772 646 1822 oesophagi
665 1780 696 1810 &
711 1772 882 1807 ventriculi
896 1773 1054 1821 giffridulis
1074 1771 1273 1807 exstillantur
1284 1801 1292 1815 ‚
1308 1774 1340 1807 ‘in
1353 1772 1432 1805 cibis
1445 1771 1505 1805 dis-

116 1822 296 1858 solvendis:
312 1823 394 1856 adeo
411 1835 446 1857 ut
467 1822 561 1856 saliva
575 1821 638 1871 ipsa
650 1834 734 1871 pene
749 1822 943 1856 menstruum
956 1851 965 1864 ,
979 1821 1032 1856 seu
1048 1821 1218 1856 dissolvens
1242 1820 1417 1855 universale
1442 1822 1505 1855 dici

115 1870 229 1920 possit:
251 1872 325 1906 hinc
340 1872 449 1907 farina:
461 1871 589 1907 massam
608 1871 785 1906 fermentat
800 1887 808 1913 ·,
829 1870 1110 1919 hydrargyrum‚ut
1123 1871 1278 1919 pleraque
1291 1871 1393 1914 acida,
1407 1875 1439 1907 &
1449 1883 1507 1904 au-

114 1921 193 1955 stera
207 1920 280 1955 sistit
297 1938 307 1964 ·‚
321 1923 400 1955 cutis
414 1923 493 1956 vitia
509 1919 599 1956 sanat
613 1949 622 1963 ‚
633 1922 782 1970 gingivas
805 1919 885 1964 saepe
897 1920 1078 1963 exulcerat,
1104 1925 1138 1957 &
1157 1920 1271 1954 dentes
1287 1921 1370 1954 carie
1383 1919 1509 1963 inficit·‚

113 1970 287 2018 vestigium
298 1972 385 2017 cupri
398 1969 495 2017 lapidi
510 1971 616 2017 Lydio
626 1971 763 2006 inustum
776 1968 874 2004 delet.

156 2031 180 2053 2.
192 2045 200 2053 .
234 2018 397 2053 Alimenta
413 2019 546 2065 quidem
558 2021 590 2051 in
604 2031 680 2059 ore,
697 2018 871 2066 oelbphago
885 2046 894 2060 ,
911 2023 944 2053 &
962 2017 1142 2052 ventriculo
1160 2017 1365 2052 exsolvuntur
1378 2046 1387 2059 ,
1403 2017 1452 2052 sed
1476 2020 1509 2052 in

116 2066 248 2115 cliylum
272 2064 382 2101 album
406 2079 471 2100 non
494 2065 616 2100 abeunt
629 2096 636 2108 ,
655 2066 710 2100 nisi
729 2069 761 2100 in
782 2064 979 2101 tenuioribus
990 2067 1154 2102 intestinis,
1176 2069 1356 2113 Nunquam
1371 2069 1456 2101 enim
1474 2064 1508 2101 iri

117 2114 300 2150 ventriculo
309 2115 420 2163 chylus
433 2144 442 2158 ‚
455 2115 506 2150 seu
518 2115 639 2150 lactens
654 2115 768 2149 humor
779 2117 917 2149 occurrit
927 2144 936 2157 ‚
951 2113 1002 2149 sed
1019 2114 1166 2150 dissoluta
1181 2115 1338 2150 duntaxat
1352 2111 1508 2150 alimenta

118 2164 164 2200 ibi
181 2161 374 2200 offendimus
390 2193 399 2207 ,
422 2177 492 2211 quat
508 2164 699 2212 plerumque
712 2166 872 2198 cinereum
892 2176 955 2211 prae
970 2163 999 2198 se
1013 2164 1123 2199 ferunt
1136 2163 1293 2200 colorem.
1313 2166 1401 2199 Hinc
1415 2164 1508 2198 nullae

118 2215 135 2250 ὲ
148 2213 330 2248 ventriculo
345 2226 432 2248 venae
444 2213 555 2248 lae‘ceae
570 2216 720 2250 oriuntur.
740 2216 814 2249 Nec
829 2211 962 2247 dubium
980 2214 1025 2247 est
1037 2216 1117 2260 quin
1135 2212 1257 2261 spiritus
1272 2214 1426 2247 animales
1443 2217 1508 2260 ejus

119 2260 331 2298 dissolutionis
347 2261 403 2298 fini:
417 2265 564 2311 praecipui
584 2262 839 2297 artificeS.‘Hinc
851 2261 870 2296 ἐι
889 2263 1023 2310 prandio
1047 2263 1159 2296 horror
1178 2263 1311 2309 quidam
1322 2292 1331 2305 ,
1345 2274 1400 2296 aut
1417 2262 1510 2309 sopor

119 2312 312 2362 plerumque
326 2310 523 2361 subsequitur
538 2341 549 2359 ⁵.
562 2317 596 2348 δε
613 2311 790 2346 abhorrens
803 2310 823 2346 ὸ,
839 2306 947 2344 studiis
959 2314 1080 2346 animus
1095 2340 1103 2353 ,
1121 2312 1206 2358 quod
1223 2310 1345 2359 spiritus
1356 2312 1508 2359 digestio-

119 2363 156 2396 ni'
171 2370 287 2397 vacent
299 2391 307 2404 ‚
319 2363 405 2409 iique
418 2373 474 2407 per
487 2374 639 2410 magnum
650 2363 732 2410 paris
744 2362 816 2408 vagi
828 2349 951 2394 rame
965 2390 973 2403 ‚
986 2363 1042 2407 qui
1057 2363 1088 2394 in
1101 2360 1318 2394 ventriculum
1336 2359 1490 2407 spargitur
1502 2389 1511 2403 ,

116 2411 135 2447 ὲ
146 2409 282 2446 cerebro
294 2416 329 2448 &
339 2410 506 2446 cerebello
514 2412 719 2447 continenter
731 2418 873 2445 manant.
888 2409 985 2447 Unde
1000 2422 1067 2445 non
1082 2411 1198 2444 mirum
1212 2407 1232 2443 fi
1244 2411 1410 2457 pauciores
1424 2408 1513 2458 spir]-

1141 2461 1172 2495 N
1184 2471 1206 2494 n
1219 2472 1238 2492 11
1250 2472 1269 2494 n
1296 2461 1327 2505 iij
