1878 2724
557 139 727 176 PARS
780 135 1028 175 TERT1A;
1434 143 1484 180 681

81 186 172 228 laete
183 189 332 239 disruptis
344 187 489 225 veficulis
501 187 644 233 casensis,
660 187 785 237 aquosa:
795 188 931 238 guttulae
942 185 1108 228 diffluunt,
1120 190 1155 223 ὃς
1167 197 1273 234 partes
1290 188 1415 224 viscosae
1427 193 1492 228 un&

85 238 376 289 conjungunturzfic
395 242 427 274 in
441 239 592 288 sanguine
607 238 809 274 extravasato
819 237 1057 286 disrumpuntur
1069 235 1207 288 vesiculae
1219 236 1265 271 ob
1277 235 1490 278 subtilitatem

84 293 246 338 parietum
259 320 268 332 ,
283 294 317 326 8<
332 288 463 324 sublatis
474 288 531 323 seri
543 288 678 337 guttulis
688 287 814 323 viscosae
825 285 971 323 veficulae
988 285 1153 335 glutinolae
1166 286 1237 321 aliae
1252 287 1321 322 aliis
1333 288 1490 326 adhaeres..

81 350 161 373 cunt
173 368 182 381 ,
199 350 235 373 ut
246 350 356 373 natura
371 338 502 387 glutinis
513 340 624 386 exigit.

121 389 288 436 Praecipuae
303 390 413 435 itaque
426 399 534 436 partes
552 387 711 436 sanguinis
724 384 794 422 sunt
804 384 919 429 serum,
933 391 968 424 &
978 399 1084 422 cruor.
1097 388 1210 422 Serum
1225 386 1277 420 vel
1289 387 1396 422 calore
1412 401 1486 426 con.

81 436 194 472 crescit
204 466 213 480 ‚
230 438 327 484 idque
345 434 544 485 potiffimum
554 436 677 471 alendis
692 433 833 483 partibus
846 436 1018 472 destinatur
1036 465 1046 479 ,
1059 436 1166 483 estque
1181 435 1295 470 oleosae
1313 436 1405 471 ladkis
1418 451 1486 487 par.

82 487 107 520 ti
118 486 294 534 analogum
309 503 318 530 ς
334 485 391 521 vel
403 498 566 533 nunquam
577 484 750 520 concrescit
762 513 771 529 ‚
781 485 879 533 idque
899 487 931 521 in
945 488 1069 521 urinam
1079 514 1089 529 ‚
1103 484 1155 519 vel
1168 483 1296 520 sudores
1308 486 1379 522 abit
1394 500 1484 535 :pars

81 534 162 570 vero
179 534 295 570 fibrosa
309 534 447 572 &crassa
469 536 626 584 {anguinis
646 537 666 570 a
683 534 774 570 caseo
790 547 856 570 non
870 534 1048 583 plurimum
1061 534 1180 570 differt.
1198 536 1285 570 Hinc
1299 538 1390 571 acida
1400 549 1484 583 pene

80 586 192 619 omnia
202 597 238 619 ut
251 585 317 628 lac,
331 587 377 619 ita
393 584 579 634 sanguinem
592 584 785 634 coagulant:
801 596 875 619 cum
890 583 965 619 sales
985 584 1138 622 volatiles
1151 612 1161 627 ,
1178 595 1232 619 aut
1251 584 1305 621 fixi
1318 585 1485 634 utriusque

80 633 214 679 liquoris
235 632 429 670 fluiditatem
450 645 601 682 augeant.

117 682 242 717 Verum
253 696 291 718 ea
303 684 347 718 est
366 686 491 732 optima
502 695 621 718 naturae
642 681 798 730 sanguinis
811 681 1014 731 explorandae
1028 683 1109 718 ratio
1127 683 1316 719 mechanica
1327 713 1337 728 ,
1355 697 1428 733 quae
1442 699 1483 723 ex

79 735 221 779 partium
233 731 333 782 figura
346 761 356 776 ,
376 744 467 767 motu
478 738 511 769 &
524 730 723 767 consistentia
741 733 871 766 ducitur.
883 734 973 768 Nam
988 735 1022 767 in
1037 730 1187 782 sanguine
1205 733 1274 768 haec
1292 734 1394 769 oculis
1411 735 1482 785 ipsis

79 780 290 830 subjiciuntur
301 811 309 826 ‚
320 781 425 830 primo
437 794 550 830 corpus
560 781 661 830 ipsum
671 779 824 816 fibrosum
841 810 850 824 ‚
870 781 958 828 quod
968 793 1164 829 purpureum
1177 782 1332 827 colorem,
1345 795 1399 820 aut
1411 785 1483 820 sub—

78 832 206 879 nigrum
220 830 352 866 exhibet
365 859 374 874 ,
391 837 426 868 &
463 833 598 880 raecipua
611 831 657 864 est
671 829 826 879 [anguinis
836 830 949 865 moles.
976 840 1011 866 2⁰
1031 831 1161 866 setosus
1177 832 1283 879 liquor
1307 838 1395 880 cujus
1408 848 1480 884 pars

78 880 194 914 melior
206 882 238 914 vi
247 880 363 915 caloris
379 883 410 915 in
441 879 635 915 ubstantiam
646 879 786 926 sapidam
797 907 806 921 ,
825 885 858 915 &
877 882 933 913 ovi
946 879 1107 914 albumini
1118 894 1184 916 non
1197 880 1378 916 absimilem
1388 887 1480 933 cogi-

79 939 149 962 tur:
171 940 206 962 ut
225 930 314 975 quod
330 928 489 975 reliquum
506 929 548 963 est
566 928 624 962 seri
637 930 669 962 in
684 927 856 962 humorem
870 926 1026 975 aquosum
1043 956 1053 971 ,
1071 933 1106 964 δε
1123 928 1233 964 salsum
1250 929 1330 966 abit.
1348 940 1379 975 30
1397 935 1478 970 Sunt

77 989 182 1025 partes
194 977 310 1012 crebro
328 989 421 1012 motu
435 979 563 1026 agitatae
573 1006 583 1019 ‚
595 981 628 1013 δε
652 978 859 1011 comminuta:
870 1005 879 1019 ,
895 989 965 1023 quae
976 976 1077 1011 rubra:
1087 977 1157 1013 sunt
1167 1008 1175 1021 ‚
1190 983 1223 1014 &
1236 977 1423 1027 sanguinem
1435 996 1478 1018 eo

76 1026 188 1061 colore
208 1029 345 1075 tingunt.
364 1029 446 1062 Sunt
457 1025 590 1062 fortassis
605 1025 787 1061 aliaeadhuc
798 1027 970 1069 tenuiores,
985 1037 1056 1071 quae
1068 1028 1099 1061 in
1109 1028 1217 1063 recens
1229 1029 1340 1063 emisso
1353 1030 1478 1080 sangui-

76 1088 117 1110 ne
135 1075 212 1122 saepe
231 1087 324 1110 nares
338 1104 346 1117 ‚
361 1074 505 1124 palatum
521 1103 530 1118 ‚
546 1080 579 1112 ὅ(
594 1073 737 1123 linguam
754 1072 830 1108 salso
843 1104 852 1117 ‚
877 1079 911 1111 &
925 1076 988 1108 acri
1005 1074 1106 1110 halitu
1124 1076 1264 1120 feriunt,
1287 1090 1421 1127 quaeque
1441 1093 1477 1118 ut

77 1136 167 1172 putat
176 1124 322 1159 Thomas
332 1123 501 1159 Cornelius
516 1152 525 1166 ,
546 1122 742 1158 fluiditatem
767 1124 800 1158 in
828 1122 981 1173 sanguine
1004 1129 1037 1160 &
1064 1123 1171 1168 lenem
1186 1125 1476 1167 fermentationem

78 1185 209 1208 tuentur
228 1190 236 1215 3
258 1174 341 1208 unde
356 1173 442 1208 hunc
463 1172 560 1208 salem
574 1176 650 1207 vitae
662 1171 836 1208 balsamum
848 1172 1002 1221 appellat.
1015 1175 1089 1209 Nec
1102 1174 1252 1209 dubitare
1271 1188 1381 1213 tamen
1401 1179 1475 1228 pos.

77 1222 178 1257 sumus
190 1251 200 1266 ‚
215 1224 294 1270 quin
309 1221 449 1257 fluiditas
458 1220 620 1271 sanguinis
633 1219 706 1256 huic
718 1221 834 1268 liquori
849 1224 905 1270 qui
922 1235 978 1270 per
992 1222 1130 1271 lymphae
1142 1224 1256 1259 dustus
1277 1227 1451 1263 advehitur
1462 1259 1473 1272 ‚

75 1284 193 1321 magna
210 1284 248 1306 cx
263 1284 354 1320 parte
372 1271 530 1306 referatur
544 1283 702 1319 acceptu&
728 1273 818 1307 Hinc
828 1271 951 1320 sanguis
967 1274 1063 1307 variis
1083 1275 1118 1309 in
1136 1273 1215 1308 locis
1231 1273 1312 1310 solet
1329 1279 1474 1314 concres-

74 1333 148 1355 cere
160 1350 169 1364 ,
181 1333 254 1355 cnm
265 1321 423 1367 glandulae
439 1320 523 1356 male
532 1320 602 1356 sunt
621 1320 757 1356 affectae.

110 1361 278 1419 Praecipuzi
287 1383 359 1418 pars
370 1369 527 1419 sanguinis
547 1369 635 1405 fibris
655 1370 776 1404 constat
794 1381 873 1417 quas
895 1370 1072 1415 cernimus,
1092 1384 1164 1407 cum
1185 1375 1220 1407 in
1242 1385 1325 1420 aqua
1344 1374 1472 1412 fervida

75 1421 243 1468 excipitur.
260 1421 370 1454 Crusta
384 1422 503 1454 extima
515 1419 709 1468 plerumque
719 1418 814 1454 densa
827 1419 873 1453 est
886 1448 894 1462 ‚
913 1418 1082 1464 &alba,ex
1095 1423 1190 1456 variis
1210 1422 1368 1470 pelliculis
1390 1438 1471 1461 con-

71 1467 148 1504 flata
161 1497 171 1512 ‚
187 1473 278 1515 cujus
302 1480 426 1504 meatus
441 1498 451 1512 ‚
468 1467 676 1504 autvesiculae
689 1468 780 1503 succo
791 1467 856 1502 levi
867 1496 877 1510 ‚
895 1473 928 1505 ἃ
940 1469 1104 1517 diaphano
1115 1499 1126 1512 ‚
1144 1471 1306 1507 interdum
1322 1471 1470 1510 subflavo

73 1518 260 1566 implentur.
272 1521 344 1553 Hac
359 1518 449 1553 velut
463 1517 550 1566 pelle
566 1518 709 1553 detra&a
723 1517 879 1566 sanguinis
895 1517 998 1553 moles
1010 1518 1136 1563 fibmffi,
1147 1525 1181 1557 δε
1191 1533 1348 1570 purpurea
1363 1522 1469 1559 succe-

71 1568 121 1601 dit
132 1596 141 1610 ,
161 1569 193 1602 in
206 1570 282 1605 tetis
296 1567 435 1602 formam
447 1579 611 1603 contexta.
629 1569 736 1613 Hujus
751 1579 872 1601 meatus
885 1566 988 1602 rubrae
1006 1571 1110 1603 atomi
1127 1570 1295 1618 complent
1310 1585 1318 1607 :
1342 1584 1408 1619 quo
1421 1585 1467 1608 eae

71 1615 140 1652 sunt
153 1616 367 1651 confertiores
379 1646 388 1660 ‚
401 1615 462 1651 hoc
473 1617 617 1664 pleniore
629 1615 726 1651 rubro
740 1628 886 1650 cruorem
901 1619 1040 1665 tingunt.
1051 1620 1140 1653 Hinc
1151 1630 1219 1653 ater
1236 1623 1268 1654 in
1286 1620 1387 1656 fundo
1398 1621 1468 1658 san-

70 1667 141 1712 guis
153 1665 257 1714 plures
270 1665 493 1701 melancholiae
505 1665 609 1715 specie
626 1666 768 1714 decipit,
783 1678 856 1701 cum
871 1668 938 1701 aeri
951 1666 1108 1715 expositus
1120 1667 1220 1703 rubro
1235 1672 1339 1706 minus
1350 1670 1466 1716 saturo,

72 1719 106 1750 δε
121 1713 336 1762 splendidiore
352 1715 486 1763 fulgeat.

111 1764 312 1811 Qareillud
324 1764 490 1800 verisimile
509 1765 551 1800 est
568 1764 704 1799 eandem
723 1764 847 1813 ubique
865 1766 926 1802 effe
943 1768 1058 1801 cruoris
1080 1765 1186 1802 fibrofi
1209 1778 1367 1805 naturam.
1398 1771 1466 1805 Hic

71 1814 158 1847 enim
169 1812 289 1847 trebris
303 1812 478 1849 lotionibus
494 1816 538 1849 ita
551 1816 641 1849 omni
653 1813 762 1849 ichore
777 1844 787 1857 ‚
812 1827 847 1849 ut
864 1827 984 1851 vocant
996 1844 1005 1858 ,
1033 1828 1087 1851 aut
1113 1818 1202 1851 tenui
1218 1816 1344 1864 liquore
1366 1818 1464 1854 rubro
1483 1839 1485 1841 ·

70 1863 196 1896 exuitur
207 1890 215 1903 ,
227 1874 261 1897 ut
273 1861 360 1897 fibrae
374 1865 510 1910 primum
521 1876 642 1898 carneae
653 1893 662 1907 ‚
678 1875 746 1898 tum
758 1865 910 1907 candidae,
932 1869 966 1900 &
977 1865 1070 1899 instar
1083 1867 1160 1900 retis
1176 1864 1321 1913 im‘plexae
1331 1868 1466 1903 micros-

70 1912 166 1966 copio
181 1912 364 1947 videantur.
381 1914 420 1948 Et
435 1912 567 1960 quidem
585 1925 687 1961 nuper
701 1915 732 1947 in
745 1914 876 1948 Batavia
885 1913 1090 1950 observatum
1110 1914 1171 1949 fuit
1181 1914 1201 1950 a
1213 1917 1284 1949 viro
1297 1917 1464 1961 industrio,

69 1971 192 2006 quique
206 1960 361 2007 exquisito
371 1962 546 1996 admodum
559 1964 655 1997 utitur
669 1960 897 2011 microscopio,
908 1965 990 2013 parti
999 1963 1122 2011 aquosae
1137 1963 1297 2012 sanguinis
1310 1965 1463 2014 globulos

69 2006 184 2042 rubros
203 2022 268 2044 non
284 2008 384 2044 solum
398 2012 545 2044 innatare
558 2038 567 2053 ,
588 2010 639 2044 sed
655 2017 689 2047 &
702 2013 858 2046 continuo
872 2014 1006 2047 moveti-

80 2061 88 2069 ”
112 2056 219 2091 Multa
230 2058 362 2105 quidem
381 2058 459 2093 scitu
471 2059 571 2106 digna
586 2061 670 2092 circa
684 2058 870 2106 sanguinem
883 2062 970 2096 idem
988 2059 1171 2095 VirClariffi
1185 2065 1230 2097 D.
1247 2063 1463 2099 Louvenhoox

68 2105 254 2141 observavit
272 2108 307 2142 in
318 2109 458 2150 ,Batavia
471 2107 672 2154 microscopii
690 2109 767 2148 novi
781 2121 844 2156 ope
860 2138 869 2151 ,
889 2110 978 2157 quod
1000 2111 1044 2145 D.
1056 2110 1190 2156 Hagens
1203 2111 1349 2158 perfecit.
1376 2115 1461 2161 Qae

67 2168 139 2189 cum
152 2158 183 2189 in
195 2155 335 2203 linguam
347 2156 504 2191 Gallicam
515 2156 734 2205 nupetaViro
746 2158 884 2196 Doffiff.
907 2158 965 2194 sint
988 2157 1139 2194 transsata
1155 2188 1164 2202 ‚
1179 2171 1218 2194 ex
1243 2172 1283 2195 eo
1301 2174 1460 2210 perpauca

68 2216 287 2253 excerpemU-Q..

109 2256 157 2290 Ac
171 2253 313 2302 primum
325 2255 456 2302 quidem
471 2255 654 2304 sanguinem
669 2268 706 2290 ex
719 2255 861 2305 globulis
879 2257 983 2293 rubris
1000 2259 1055 2304 qui
1071 2258 1105 2291 in
1120 2257 1306 2306 crystallino
1320 2287 1330 2301 ‚
1340 2264 1374 2296 ἅ-
1384 2260 1458 2296 lim-

69 2304 146 2351 pido
159 2304 295 2339 humore
305 2316 436 2348 natant,
449 2304 596 2341 &libere
611 2305 671 2340 huc
682 2304 760 2340 illuc
779 2319 953 2342 moventur
966 2336 976 2351 ‚
993 2305 1135 2341 constare
1164 2307 1283 2344 crebris
1304 2307 1458 2345 observa-

69 2353 208 2388 tionibus
222 2356 394 2400 comperit.
797 2352 806 2358 ”

98 2409 132 2438 73
141 2405 186 2438 Hi
197 2401 323 2452 globuli
339 2403 355 2437 s
352 2405 441 2440 eroso
455 2405 591 2440 humore
608 2403 679 2440 sunt
689 2407 850 2454 graviores
862 2435 873 2450 ‚
889 2405 1005 2443 molles
1017 2434 1028 2449 ,
1047 2404 1161 2449 fluidi,
1181 2408 1238 2453 qui
1248 2406 1404 2454 paulatim
1416 2409 1457 2444 ad

230 2455 319 2490 Tom,
335 2455 378 2490 ll,
1173 2456 1207 2491 R
1221 2468 1236 2490 r
1249 2468 1262 2489 r
1274 2468 1290 2489 r
