1878 2724
408 112 765 151 TRACTATUS
818 112 1140 151 SECUNDUS.
1405 123 1453 152 161

59 167 192 216 planum
201 162 331 212 aliquod
346 173 467 200 conum
481 165 585 214 tangit
596 191 605 206 ,
619 161 639 198 si
654 176 770 199 conum
788 161 891 216 ipsum
917 164 962 198 ita
988 162 1073 199 seces
1087 193 1097 207 ,
1119 175 1155 199 ut
1175 161 1276 200 sectio
1301 161 1338 198 sit
1355 163 1453 211 plano

62 217 209 265 tangenti
221 211 374 264 parallela
389 242 398 256 ‚
415 225 484 249 tum
501 215 534 249 in
550 224 689 260 utroque
701 214 778 248 coni
791 216 960 261 segmento
977 211 1109 262 figuram
1128 212 1271 248 'habebis
1288 211 1453 262 paraboli-

60 277 132 300 cam
145 293 154 308 ,
169 265 209 299 de
227 275 289 311 qua
302 274 368 297 tam
380 262 483 298 multa
493 291 502 305 ,
522 262 717 311 &praeclara
728 264 917 297 Geometrae
932 262 1168 299 demonstrant.

100 315 184 360 Qiae
199 311 311 348 sursum
321 313 408 348 reeta
422 314 653 361 projiciuntur,
671 316 704 348 δ(
720 311 759 345 ad
779 311 1045 359 perpendiculum
1063 341 1071 354 ,
1090 323 1125 346 ea
1144 312 1280 359 quidem
1295 312 1381 347 reita
1396 312 1453 348 de-

59 355 188 406 cidunt,
206 367 238 399 δι
248 362 388 397 eandem
407 361 526 395 lineam
538 359 765 396 descendendo
779 361 1014 404 remetiuntur3
1031 362 1115 396 circa
1137 361 1292 410 angulum
1307 376 1362 408 45.
1377 374 1453 409 gra-

59 414 158 448 duurn
170 413 344 447 maximam
356 409 541 445 describunt
551 409 740 458 parabolam
751 425 761 452 ·,
776 408 879 457 sicque
889 409 1095 445 determinari
1109 412 1214 458 potest
1234 413 1267 445 in
1283 423 1384 458 quem
1402 411 1451 446 lo-

59 474 132 496 cum
147 459 270 498 missilia
284 472 420 507 quaeque
435 460 578 507 projecta
591 459 749 494 recidant.
760 459 865 505 Qiod
883 459 1028 506 praestitit
1040 461 1098 494 Vir
1114 458 1297 496 clariffimus
1308 488 1317 503 ,
1334 465 1367 496 &
1378 459 1451 495 altae

59 510 253 545 eruditionis
273 512 317 544 D.
329 509 468 544 Blondcl
481 535 490 547 ,
508 510 541 542 in
558 519 658 555 opere
670 507 761 554 quod
773 518 877 554 nuper
891 507 1012 554 publici
1032 510 1108 555 juris
1128 508 1252 544 factum
1268 510 1328 545 est.
1362 511 1452 556 Qin

59 562 159 595 eriam
175 572 262 594 anno
277 565 352 603 1677
367 587 377 601 ‚
399 570 473 592 cum
496 554 716 592 Serenissimus
729 557 865 591 Franciae
886 556 1071 604 Delphinus
1093 559 1235 606 Regium
1248 557 1452 594 Observato-

59 611 149 643 rium
162 607 325 650 inviseret,
339 609 424 641 inter
441 605 505 640 alia
513 604 650 654 plurima
663 606 846 641 machinam
859 607 890 639 ei
901 604 1048 641 exhibuit
1058 607 1297 656 peringeniosus
1311 614 1344 644 &
1360 608 1449 642 doct.

59 657 315 693 Mathematicus
326 659 370 692 D.
381 655 494 689 Rdmer
506 680 516 693 ,
536 656 568 689 in
579 667 643 702 qua
654 654 871 704 hydrargyrus
892 654 1070 692 delineatas
1084 657 1123 690 in
1135 658 1259 704 pariete
1279 656 1449 704 parabolas

57 712 144 756 juxta
155 704 291 754 singulos
306 705 498 740 elevationis
513 704 629 752 gradus
642 702 834 739 decurrebat
853 717 859 738 :
879 707 923 739 ita
938 716 973 739 ut
987 717 1055 752 quae
1066 708 1108 741 D.
1122 706 1260 740 Blandel
1276 709 1452 754 geometri-

60 767 97 790 ce
117 754 397 790 demonstraverat
410 783 419 798 ‚
441 753 543 788 oculis
560 752 629 802 ipsis
647 752 886 799 subjicerentur.
911 754 948 788 ld
973 753 1073 802 ipsum
1096 766 1230 802 quoque
1255 755 1392 804 perfecit
1407 759 1449 792 D.

61 804 215 838 Perranlt
225 806 305 838 citra
319 804 555 853 hydrargyrum
569 815 633 852 ope
644 802 776 837 alterius
787 803 944 838 machinae
966 818 973 839 :
994 805 1078 839 adeo
1091 816 1126 839 ut
1137 803 1262 839 theoria
1276 817 1351 840 cum
1362 807 1450 854 praxi

58 855 204 901 apprime
217 852 412 890 consentiat:
425 864 486 888 nec
499 851 648 888 dubitare
661 852 758 888 liceat
771 853 850 900 quin
865 854 977 902 gravia
989 865 1046 902 per
1056 864 1212 890 numeros
1228 857 1365 904 impares
1378 854 1447 890 des.

58 901 188 937 censum
201 902 398 938 accelerent.

95 953 150 987 Ne
163 950 240 986 illud
249 952 384 999 quidem
403 954 446 989 est
462 951 718 1001 praetereundum
735 965 801 987 non
827 951 928 987 modo
942 952 1184 1000 projeffionem
1205 950 1267 987 effe
1276 954 1450 988 maximam

59 1001 144 1040 circa
152 1000 308 1050 angulum
324 1001 547 1039 inclinationis
567 1017 606 1049 45
623 1015 630 1037 ε
652 999 704 1036 sed
719 1004 820 1036 etiam
834 1005 972 1047 majores
988 1000 1049 1037 esse
1068 1014 1142 1049 quae
1163 1001 1240 1036 huic
1261 1004 1450 1051 propiores:

59 1060 192 1098 quaeque
214 1049 381 1087 hincinde
400 1051 443 1088 ab
467 1064 506 1088 ea
522 1051 690 1100 aequaliter
701 1050 842 1094 distant,
857 1051 983 1086 eaedcm
1005 1050 1076 1086 sunt
1098 1051 1250 1100 aquales.

107 1148 192 1182 Haec
212 1149 328 1196 utique
355 1151 387 1184 in
409 1149 508 1199 figura
536 1148 679 1199 apposita

62 1195 142 1232 fient
160 1200 336 1246 apertiora.
347 1201 438 1235 Nam
450 1198 565 1236 missile
577 1201 605 1234 A
616 1198 679 1233 sur-

60 1246 129 1281 sum
139 1245 288 1284 emilsum
306 1250 340 1283 in
356 1250 400 1289 B,
415 1260 472 1296 per
484 1248 622 1284 eandem
640 1248 678 1282 li-

60 1306 156 1330 neam
167 1296 469 1344 perpendicularem
481 1298 534 1332 BA
547 1298 674 1333 recidit.

62 1344 165 1390 Qod
183 1343 204 1380 si
223 1344 329 1380 versus
349 1346 508 1395 pun&um
529 1349 562 1382 D
579 1348 676 1394 proji-

61 1395 164 1433 ciatur
184 1407 195 1431 ;
210 1394 293 1429 adeo
307 1405 342 1430 ut
361 1395 496 1445 angulus
515 1397 539 1430 B
551 1397 580 1431 A
593 1397 623 1431 D
640 1395 676 1430 sit

60 1455 89 1489 15
106 1441 263 1490 graduum
279 1472 289 1487 ,
309 1455 378 1479 tum
397 1445 417 1480 31
436 1444 532 1493 scopo
543 1447 575 1480 D
590 1457 675 1479 non-

61 1489 144 1527 nihil
159 1489 316 1528 deflectet
343 1493 451 1529 versus
467 1495 480 1528 1
505 1507 513 1529 2
542 1493 624 1528 adeo
641 1504 676 1528 ut

62 1537 225 1588 parabolae
236 1541 404 1578 dimidiam
416 1553 544 1590 partem
557 1543 585 1578 A
602 1545 615 1576 1
630 1544 674 1578 in-

63 1600 112 1622 ter
125 1587 362 1625 ascendendum
378 1590 537 1626 describat
552 1620 562 1634 ,
581 1596 613 1627 &
627 1603 675 1624 re-

63 1637 188 1684 liquam
226 1637 364 1673 arabolae
377 1642 565 1687 portionem
579 1642 593 1673 1
608 1641 647 1674 M
665 1668 675 1682 ,

63 1687 150 1720 inter
159 1651 396 1723 dechendedum
407 1686 675 1736 delineet3s1cque

63 1735 104 1768 ad
128 1736 287 1783 punitum
305 1739 344 1771 M
375 1738 509 1774 recidet.
534 1738 639 1785 Qod
655 1736 676 1772 fi

62 1785 172 1831 itaque
187 1783 342 1833 fingamus
360 1785 592 1835 hydrargyrum
613 1799 671 1835 per

64 1831 181 1868 tubum
198 1835 250 1868 BA
260 1834 347 1870 reeta
360 1834 510 1870 decidere
523 1837 556 1870 in
570 1837 682 1879 A,tu1n

64 1893 121 1927 per
136 1881 281 1919 tubumA
296 1886 327 1919 D
342 1883 381 1919 lic
398 1883 551 1920 inflexum
562 1896 598 1919 ut
617 1883 736 1920 efficiat
753 1886 905 1935 angulum
918 1891 972 1925 BA
979 1889 1147 1934 D,sutsum
1167 1891 1374 1934 contendere,
1395 1903 1427 1925 tn
1438 1916 1446 1921 .

65 1928 111 1964 bo
130 1932 157 1966 A
169 1934 200 1968 D
210 1945 278 1968 non
289 1933 385 1982 longe
401 1932 442 1968 ab
457 1935 486 1969 A
498 1962 507 1976 ,
526 1933 649 1970 reseAEto
660 1952 669 1979 3
680 1947 754 1970 cum
767 1934 986 1987 hydrargyrus
1000 1940 1039 1973 ad
1054 1941 1211 1987 pun6kum
1226 1940 1252 1974 A
1270 1939 1446 1975 descende-

65 1979 107 2012 rit
117 2007 125 2020 ‚
140 1992 197 2026 per
213 1980 401 2017 breviorem
419 1981 533 2017 tubum
546 1984 737 2019 inclinatum
755 1996 816 2030 prae
829 1987 954 2035 impetu
969 1988 1124 2036 acquisito
1135 2002 1199 2023 non
1212 1987 1318 2023 versus
1332 1992 1363 2024 D
1373 2018 1383 2032 ,
1394 1989 1446 2025 sed

67 2025 193 2062 versusl
211 2030 402 2066 conscendet
412 2060 422 2074 ‚
436 2036 469 2067 ὃς
482 2030 670 2080 parabolam
680 2035 707 2068 A
718 2036 731 2068 1
742 2035 781 2067 Μ
796 2034 1003 2080 describet,ut
1018 2038 1219 2072 demonstrat
1230 2036 1395 2081 Galilaeus‚
1411 2044 1446 2076 &

67 2078 264 2123 experientia
277 2077 338 2126 ipsa
350 2078 532 2116 confirmat.
545 2083 656 2128 Itaque
666 2081 751 2117 linea
761 2084 837 2118 AM
852 2084 898 2119 est
912 2085 994 2121 illius
1005 2086 1166 2135 parabolae
1179 2085 1449 2135 amplitud0.<Sed

66 2124 222 2172 nusquam
235 2132 334 2173 major
344 2127 390 2161 est
401 2128 553 2174 parabola
565 2157 576 2172 ,
599 2130 745 2165 autillius
760 2132 945 2180 amplitudo
954 2163 963 2178 ,
980 2148 1040 2170 nec
1050 2136 1173 2185 longius
1187 2134 1300 2171 miffile
1311 2137 1426 2170 recidit
1435 2165 1444 2178 ‚

66 2174 165 2219 quarn
183 2177 354 2210 cumidem
369 2175 480 2212 missile
492 2190 548 2224 per
556 2178 708 2226 angulum
718 2182 797 2215 resti
812 2182 981 2219 dimidium
998 2214 1007 2229 ,
1023 2183 1076 2221 seu
1088 2202 1125 2234 45
1142 2185 1298 2233 graduum
1317 2187 1445 2232 projici-

68 2233 181 2258 turtur
196 2222 215 2257 fi
231 2226 344 2259 tendat
355 2224 457 2260 versus
470 2228 503 2260 H
516 2255 525 2269 ,
544 2232 577 2263 &
589 2228 717 2275 angulus
728 2231 761 2263 H
772 2231 800 2264 A
809 2233 850 2266 M
863 2230 898 2266 fit
907 2248 947 2279 45
957 2234 1135 2282 graduum:
1153 2246 1222 2268 tum
1239 2235 1327 2267 enim
1344 2233 1444 2268 defle-

70 2272 136 2307 &et
147 2270 250 2307 versus
263 2276 292 2310 K
308 2303 311 2308 .
341 2280 373 2311 δε
389 2277 473 2310 inter
495 2274 728 2311 ascendendum
743 2278 911 2316 dimidiam
931 2282 1122 2329 parabolam
1136 2285 1163 2318 A
1178 2284 1206 2317 K
1224 2279 1394 2324 describet,
1407 2294 1444 2317 ac

69 2322 273 2358 tantumdem
290 2325 375 2358 inter
392 2323 649 2359 descendendum
660 2324 846 2362 delineabit.
862 2331 913 2363 Sic
924 2332 1022 2379 igitur
1036 2332 1206 2366 dimidium
1221 2328 1442 2377 amplitudinis

67 2370 248 2454 parabola}
241 2374 301 2407 erit
317 2374 399 2456 (HQ
414 2375 500 2410 Cum
517 2385 625 2410 autem
641 2373 749 2423 anguli
764 2376 1013 2417 inclinationum
1023 2378 1096 2418 sunt
1105 2379 1242 2428 :equales
1257 2407 1267 2421 ,
1292 2383 1326 2414 δε
1341 2392 1444 2427 atqua-

244 2434 302 2458 om.
375 2449 383 2458 .
690 2461 695 2472 ν
1261 2431 1293 2464 Χ
