1878 2724
392 171 442 211 510
949 148 985 187 P
993 150 1029 186 H
1040 151 1071 186 Y
1083 149 1127 184 Sl
1139 147 1169 185 C
1178 150 1217 184 ΛΕ

443 205 652 251 Contra,ubi
665 203 788 253 spiritus
801 200 855 235 vel
865 211 902 235 ex
917 198 1037 236 morbo
1048 228 1057 243 ‚
1071 199 1123 234 vel
1137 210 1175 234 ex
1189 197 1298 246 aliqua
1306 197 1408 234 animi
1421 195 1666 246 perturbatione
1684 198 1792 236 aerios

395 271 444 295 tes
462 257 539 293 facti
556 255 625 291 sunt
638 283 647 297 ‚
670 259 702 290 &
719 253 854 287 nimium
867 251 1019 297 inquieti,
1031 261 1098 284 tum
1108 246 1266 283 insomnia
1277 275 1287 290 ‚
1301 252 1333 283 δε
1345 245 1515 296 pervigilia
1527 249 1683 286 oriuntur.
1700 250 1792 286 Cum

398 311 484 343 enim
502 306 625 352 spiritus
637 304 740 337 nimio
753 302 876 334 cerebri
895 299 1003 333 calore
1019 300 1154 347 agitati,
1173 302 1206 334 δι
1220 295 1312 332 succo
1324 308 1449 331 nerveo
1469 298 1527 344 qui
1543 296 1608 331 illis
1633 297 1681 332 est
1698 298 1794 334 vehi.

397 356 483 396 culo,
502 353 622 400 eosque
646 361 828 399 temperat,
844 350 937 384 citius
953 347 1071 392 soluti,
1087 349 1167 383 intra
1186 344 1311 381 cerebri
1333 345 1553 382 meditullium
1566 345 1628 382 huc
1645 346 1719 382 illuc
1728 346 1794 384 fine

399 405 525 439 rectore
540 413 657 444 errant,
674 412 727 434 anit
745 401 835 433 tri-tas
849 396 1075 432 velutsemitas
1093 406 1328 440 repetunt,tum
1345 397 1562 444 cogitationes
1582 397 1799 446 inconditam,

401 459 435 490 δε
458 452 651 500 plerumque
672 447 820 484 absurdas
842 446 986 497 fingunt,
1004 459 1077 494 quae
1095 445 1252 481 insomnia
1268 445 1426 480 dicuntur.

433 502 600 538 Interdum
619 501 736 534 accidit
749 509 785 532 ut
799 496 924 546 spiritus
939 498 1098 531 commoti
1118 497 1153 530 in
1183 493 1340 543 spinalem
1361 492 1539 529 medullam
1553 498 1586 529 δε
1603 505 1722 529 nervos
1741 496 1797 530 in»

399 551 440 584 de
465 550 632 598 profestos
649 561 721 583 cum
742 550 868 595 impetu
885 556 1118 593 prorumpant:
1141 545 1215 579 hinc
1229 542 1452 579 membrorum
1467 543 1659 591 jaetationes
1678 549 1711 580 &
1725 557 1799 579 mo-

400 611 448 634 tus
468 601 623 639 inquieti.
642 599 731 634 Cum
745 607 857 631 autem
874 595 996 644 spiritus
1011 607 1076 630 non
1092 594 1176 629 adeo
1186 591 1256 628 sunt
1270 594 1424 641 exagitati
1434 621 1444 636 ,
1456 598 1490 629 δε
1509 604 1684 627 nervorum
1700 605 1800 629 exor.

399 649 452 683 dia
467 648 641 684 osset-ndum
652 649 814 696 apertiora
825 675 834 689 ‚
845 655 914 679 tum
928 656 1045 679 nervos
1059 643 1234 691 aliquando
1253 641 1404 686 subeunt,
1414 653 1515 689 atque
1532 641 1611 676 alios
1627 641 1751 690 spiritus
1763 644 1802 679 irr

401 697 618 733 musculorum
627 695 718 731 fibris
730 692 929 743 quiescentes
943 693 983 728 ad
996 705 1124 730 motum
1134 691 1306 741 impellunt
1319 704 1327 727 :
1341 690 1425 726 adeo
1441 703 1477 726 ut
1485 691 1617 738 quidam
1630 691 1803 727 interdum

402 748 597 782 vestimenta
614 747 750 782 induant
767 774 776 788 ,
793 743 880 778 fores
904 746 1053 792 aperiant
1066 771 1076 787 ‚
1094 748 1127 779 ὃ(
1151 742 1252 777 ηοᾶιι
1270 742 1463 790 divagemur
1477 755 1485 777 ε
1503 738 1631 775 tametsi·
1644 739 1711 775 alte
1726 741 1801 776 dor-

402 799 521 840 miunt,
536 809 595 832 nec
615 797 793 844 quicquam
813 805 929 828 eorum
945 804 1015 840 quae
1037 804 1108 828 tum
1116 803 1232 840 egere,
1246 791 1467 826 recordantur.
1487 790 1612 825 Contra
1630 790 1669 823 iis
1687 791 1802 824 evenit

403 858 503 894 atque
520 848 554 880 in
572 842 808 880 somniantibus
822 872 832 886 ,
848 844 988 889 quicum
999 840 1057 877 [int
1071 843 1104 876 in
1122 839 1209 875 lesto
1227 837 1448 887 compofiti,&
1459 837 1646 876 immobiles
1659 867 1668 882 ‚
1678 837 1731 874 sua
1743 836 1802 873 fibi

405 907 501 941 agere
521 893 732 942 negotia,huc
754 891 831 927 illuc
843 889 1016 926 discurrere
1029 890 1191 925 videntur.
1206 891 1296 925 Nam
1313 887 1437 935 spiritus
1452 899 1578 924 tantum
1588 890 1803 932 memoriae‚&

405 934 649 993 imiginationis
663 953 785 991 organa
804 951 1018 975 commovent
1033 952 1041 975 ε
1057 939 1141 974 unde
1158 937 1356 973 somniorum
1371 936 1451 986 saepe
1466 936 1707 973 reminiscimur.
1735 935 1801 971 Sed

406 996 440 1029 in
460 990 696 1028 somnambulis
722 991 903 1032 memoria,
924 993 958 1025 &
985 990 1220 1036 imaginatione
1238 988 1369 1022 intactis
1382 1015 1391 1030 ,
1423 989 1528 1021 omnis
1546 985 1711 1035 spirituum
1738 988 1802 1022 im·

402 1054 500 1091 ‚petus
516 1041 618 1077 fertur
629 1043 662 1077 in
674 1051 791 1075 nervos
803 1043 837 1075 &
851 1036 966 1074 motus
977 1049 1108 1085 organa,
1121 1049 1191 1084 quae
1201 1039 1358 1082 tanquam
1371 1046 1538 1071 automata
1547 1034 1717 1070 consuetos
1731 1048 1802 1072 mo-

407 1104 456 1127 tus
465 1102 503 1125 ex
520 1091 634 1125 ordine
645 1101 815 1138 peragunt.
828 1089 935 1134 Atque
945 1087 985 1120 iis
1001 1087 1089 1120 idem
1102 1084 1170 1120 fere
1180 1085 1298 1119 accidit
1309 1113 1318 1127 ‚
1329 1084 1419 1131 quod
1430 1086 1462 1119 in
1480 1083 1575 1119 nobis
1592 1084 1740 1132 quotidie
1752 1096 1804 1120 ex.

407 1142 552 1188 petimur
568 1169 578 1184 ‚
597 1140 656 1186 qui
670 1137 737 1173 alio
747 1138 862 1172 intenti
872 1166 880 1179 ‚
891 1147 948 1171 aut
963 1135 1129 1171 testudinis
1144 1133 1222 1170 fides
1239 1132 1410 1169 numerose
1422 1131 1580 1182 pulsamus
1594 1162 1605 1176 ‚
1625 1143 1682 1168 aut
1698 1136 1802 1169 canti.

407 1190 495 1227 lenas
509 1191 691 1224 occinimus
704 1216 713 1231 ‚
730 1185 821 1235 quod
839 1185 964 1235 spiritus
974 1185 1070 1220 certis
1089 1182 1234 1219 motibus
1246 1183 1368 1226 affueti,
1386 1181 1470 1231 quasi
1485 1181 1572 1218 ultro
1588 1188 1622 1221 ὅ(
1636 1194 1679 1218 ex
1690 1183 1809 1218 ordine

410 1238 543 1274 eosdem
557 1248 725 1286 peragant.

466 1288 628 1335 Qaeritur
646 1294 675 1333 30
688 1285 775 1321 unde
792 1285 970 1334 vertigines
987 1311 998 1328 ,
1011 1283 1201 1326 scotomiae<,
1215 1281 1328 1316 deliria
1340 1310 1351 1325 ,
1369 1286 1404 1318 &
1423 1278 1524 1317 insani
1537 1279 1672 1318 affeetus
1693 1285 1803 1318 orian-

412 1347 474 1373 tur.

458 1386 600 1434 RqsvAEx
613 1383 714 1418 iidem
729 1382 799 1419 fere
815 1382 911 1419 caufis
922 1394 977 1418 eas
992 1380 1117 1416 cerebri
1137 1380 1328 1416 affectiones
1341 1378 1429 1422 duci,
1447 1391 1490 1415 ex
1502 1380 1695 1427 permrbato
1704 1382 1805 1417 nimi-

411 1448 481 1471 rum
493 1433 662 1480 spirituum
679 1445 774 1467 motu
801 1436 923 1480 Neque
932 1431 1058 1466 aliunde
1072 1433 1174 1479 magis
1190 1442 1260 1477 quae
1271 1427 1440 1476 spirituum
1455 1457 1466 1472 ‚
1483 1440 1536 1463 aut
1552 1429 1710 1480 sanguinis
1722 1459 1732 1474 ,
1747 1441 1805 1466 aut

410 1482 639 1531 cerebtiipfius
649 1482 837 1518 constitutio
855 1482 915 1518 hos
930 1479 1063 1516 affectus
1075 1490 1241 1529 procreet,
1261 1476 1448 1526 dignoscere
1462 1475 1639 1526 postumus,
1653 1491 1751 1527 quam
1763 1491 1806 1514 ex

411 1532 621 1568 evidentibus
638 1529 834 1579 cauli5,quae
847 1531 1040 1579 plerumque
1060 1531 1095 1563 iis
1113 1541 1221 1563 ortum
1238 1526 1394 1576 praebent.
1411 1528 1501 1562 Hinc
1514 1526 1602 1562 leves
1614 1529 1805 1576 aliquande,

411 1588 445 1620 δ(
465 1593 705 1618 momentaneae
723 1584 921 1630 vertigines,
948 1585 982 1616 &
1007 1577 1192 1621 scotomiae·,
1209 1576 1260 1612 seu
1280 1575 1483 1611 tenebrarum
1495 1575 1667 1613 offiifiones
1682 1589 1721 1613 ex
1737 1580 1807 1613 ine·-

411 1632 465 1666 dia
477 1660 486 1674 ,
498 1632 710 1678 haemorragia
722 1659 731 1673 ,
749 1629 801 1664 seu
812 1630 966 1679 sanguinis
979 1627 1115 1665 fluxu&
1132 1627 1237 1662 studiis
1251 1625 1435 1661 immodicis
1454 1625 1634 1663 nascuntur.
1651 1625 1806 1664 Namubi

412 1680 533 1729 sanguis
548 1682 581 1715 in
597 1681 694 1714 corde
705 1678 817 1715 deficit
827 1708 837 1723 ,
850 1678 941 1714 simul
958 1683 992 1715 δε
1006 1677 1128 1726 spiritus
1138 1675 1294 1712 animales
1303 1687 1365 1710 una
1379 1673 1536 1710 deficiunt
1550 1692 1559 1719 ;
1571 1677 1691 1724 quique
1701 1678 1738 1711 in
1757 1687 1805 1710 ce—

411 1729 509 1764 rebro
523 1728 594 1764 sunt
611 1728 738 1772 residui,
750 1727 845 1764 fonte
859 1727 927 1776 ipso
944 1725 1088 1771 occluso,
1104 1738 1211 1773 neque
1222 1727 1254 1760 in
1269 1736 1387 1760 nervos
1402 1722 1549 1768 effundi,
1563 1737 1673 1773 neque
1693 1726 1726 1760 in
1736 1736 1808 1760 cer.

414 1790 483 1814 tum
497 1779 648 1813 ordinem
664 1780 737 1826 cogi
755 1777 887 1826 possunt,
923 1775 1029 1812 Simili
1050 1776 1183 1823 quidem
1198 1777 1325 1809 ratione
1341 1774 1399 1820 qui
1421 1785 1479 1821 per
1491 1785 1529 1809 an
1556 1774 1711 1809 ustiorem
1727 1786 1806 1822 pori.

414 1840 481 1863 tem
499 1829 605 1862 minus
616 1825 727 1862 afflieti
738 1827 971 1875 ingrediuntur,
981 1837 1035 1860 aut
1043 1837 1082 1860 ex
1093 1825 1231 1859 editiore
1244 1825 1408 1858 intuentur
1426 1821 1500 1857 loco
1512 1851 1521 1866 ‚
1544 1835 1609 1870 :epe
1621 1826 1655 1858 in
1668 1825 1807 1872 vertigi-

413 1889 490 1912 nem
504 1877 659 1911 incidunt.
685 1877 914 1923 Imaginationi
931 1876 1053 1922 quippe
1068 1885 1171 1908 terror
1184 1885 1221 1906 ex
1234 1870 1377 1920 periculo
1389 1868 1522 1905 incuffias
1537 1870 1660 1919 spiritus
1678 1873 1805 1907 anima-

414 1926 460 1960 les
472 1924 490 1960 a
508 1925 600 1959 solita
623 1935 799 1959 nervorum
822 1924 1029 1958 irradiatione
1048 1925 1131 1957 intus
1151 1932 1283 1955 revocat
1299 1948 1309 1964 ,
1329 1924 1364 1956 &
1384 1931 1446 1967 prae
1466 1921 1564 1954 nimia
1588 1919 1808 1957 sollicitudine

415 1973 600 2009 confundit.
627 1973 717 2006 Hinc
732 1975 832 2007 etiam
852 1971 997 2020 plerique
1005 1983 1060 2005 aut
1069 1973 1159 2006 navis
1169 1999 1179 2013 ‚
1192 1981 1246 2004 aut
1257 1980 1362 2004 currus
1384 1970 1596 2017 agitationem
1609 1972 1688 2005 citra
1707 1972 1807 2006 verti»

415 2025 526 2071 ginem
541 2022 626 2056 ferre
645 2033 712 2056 non
725 2020 860 2069 possunt.
876 2022 965 2056 Nam
980 2019 1101 2068 spiritus
1118 2021 1151 2055 in
1169 2017 1306 2053 cerebro
1317 2046 1327 2062 ‚
1339 2029 1376 2052 ut
1390 2030 1477 2064 aqua
1491 2021 1523 2053 in
1539 2017 1610 2053 vase
1627 2018 1804 2064 fluetuanq

415 2078 450 2109 ε(
465 2074 496 2106 in
507 2069 570 2106 sese
583 2071 750 2105 convoluti
771 2072 966 2120 vertiginem
979 2082 1089 2104 creant
1099 2084 1107 2106 :
1117 2071 1165 2103 uti
1177 2071 1214 2102 iis
1233 2069 1347 2103 accidit
1356 2069 1413 2114 qui
1422 2067 1540 2102 diutius
1552 2070 1673 2103 circum
1685 2067 1715 2102 se
1725 2069 1805 2112 affi5

416 2120 474 2156 ubi
490 2119 681 2162 consistunt,
699 2123 808 2155 omnia
833 2122 867 2155 in
884 2132 1001 2169 gyrum
1025 2120 1168 2167 torqueri
1189 2118 1379 2153 existimant.
1403 2118 1491 2152 Nam
1506 2120 1666 2153 commoti
1682 2117 1809 2164 spiritus

417 2175 450 2208 δι
468 2172 502 2205 in
519 2170 680 2204 vorticem
696 2170 760 2203 aeti
779 2183 843 2204 non
857 2169 961 2204 statim
973 2167 1146 2215 quiescunt.
1164 2169 1254 2202 Hinc
1271 2177 1386 2202 nutant
1398 2166 1634 2215 vestigia‚oculi
1652 2167 1807 2214 caligant,

418 2225 452 2255 &
471 2221 569 2253 rotari
585 2220 696 2253 omnia
718 2221 838 2253 circum
855 2217 956 2266 posita
967 2218 1128 2253 videntur.
1154 2219 1242 2253 Nam
1259 2216 1381 2261 spiritus
1397 2217 1555 2250 commoti
1568 2245 1577 2259 ,
1591 2221 1622 2252 δι’
1636 2216 1728 2251 instar
1739 2227 1807 2250 tut:

418 2267 505 2302 binis
526 2269 665 2302 contorti
677 2281 741 2302 non
759 2267 895 2313 amplius
909 2269 943 2302 in
956 2279 1072 2303 nervos
1087 2296 1096 2310 ‚
1110 2278 1145 2301 ut
1160 2279 1215 2315 par
1231 2267 1277 2301 est
1289 2296 1298 2311 ‚
1309 2267 1507 2314 diriguntur,
1519 2270 1552 2301 &
1567 2277 1665 2312 quam
1682 2264 1807 2300 habent

419 2319 633 2364 agitationem
645 2347 653 2360 ,
671 2316 767 2351 rebus
785 2315 852 2364 ipsis
868 2314 1040 2364 affingunt.

455 2368 492 2400 ln
503 2367 662 2416 vertigine
675 2365 874 2404 &scotomia
891 2365 1074 2403 functiones
1086 2364 1324 2415 imaginationis
1333 2392 1343 2411 ,
1353 2375 1408 2400 aut
1419 2362 1521 2402 sensus
1532 2365 1710 2402 communis
1724 2362 1804 2399 illae..
