1878 2724
413 131 465 163 530
721 115 967 153 PHYSICAE
1030 115 1170 152 PAR‘S
1220 115 1518 155 SECUNDA.

1844 0 1863 138 l

412 168 607 203 variemtem
622 180 629 202 :
647 166 735 213 quod
752 176 862 199 tamen
876 164 1083 201 observatum
1096 166 1207 201 fuitin
1219 165 1346 201 duobus
1356 170 1494 202 cometis
1508 168 1584 203 anni
1601 179 1685 215 1577,
1704 171 1740 205 δε
1753 176 1813 204 an.>
1847 183 1864 210 g,

413 219 448 253 ni
473 219 561 252 1680.
580 216 721 250 Planetae
736 226 848 248 omnes
859 243 868 257 ‚
890 213 910 248 fi
925 213 1026 250 solem
1047 216 1236 263 exceperis,
1247 228 1314 250 non
1330 217 1470 252 eundem
1484 216 1666 252 velocitatis
1675 217 1812 266 gradum
1850 218 1859 259 ,ἶ

411 265 539 300 servant
550 293 560 307 ‚
571 264 694 298 eumad
705 262 793 298 suum
803 262 937 311 quisque
951 266 1125 312 perigaeum
1142 266 1334 301 revertitur:
1347 265 1403 300 nifi
1423 265 1509 302 forte
1520 266 1685 314 aequaliter
1705 265 1726 306 ἐι,
1746 265 1812 301 sole
1850 270 1853 306 ἰ,

413 314 543 347 distent.
561 315 651 347 Luna
662 318 748 361 cujtis
767 324 894 348 motum
909 315 997 347 varia
1009 314 1030 348 ὲ
1051 313 1116 348 sole
1134 313 1283 348 distantia
1307 317 1412 350 minus
1431 316 1624 363 inaequalem
1650 314 1770 358 efficit,
1788 327 1804 362 5

389 362 526 410 ‘gradus
547 373 602 396 aut
620 361 740 396 tardius
760 373 816 396 aut
837 361 971 397 celerius
993 364 1120 397 moveri
1143 364 1246 410 potest
1265 365 1347 398 intra
1368 362 1489 413 septem
1515 365 1536 400 ὸ.
1564 368 1703 414 perigaeo
1718 364 1810 401 dies:

409 410 500 457 quod
511 413 621 458 utique
633 409 685 445 bis
697 418 898 459 unoquoque
909 425 996 447 anno
1012 414 1181 460 contingit.
1198 414 1234 447 ln
1246 412 1380 461 reliquis
1393 413 1530 461 planetis
1546 416 1636 448 vatia
1648 414 1810 449 interdum

409 458 428 494 ἐι
439 459 504 494 sole
513 460 661 495 distantia
671 473 819 495 motuum
833 460 1087 508 aequabilitatem
1101 490 1110 504 ,
1123 473 1180 495 aut
1194 460 1413 510 symmetriam
1438 464 1574 497 omnino
1594 462 1773 510 perturbat.

443 509 588 546 Cometa
604 512 680 545 anni
701 523 713 545 1
728 522 742 556 5
760 524 809 554 77
835 510 888 545 die
922 523 935 545 1
958 525 970 555 3
994 509 1199 547 Novembris
1213 538 1224 554 ‚
1247 512 1408 558 posterior
1418 523 1548 546 cometa
1565 511 1617 545 die
1628 523 1647 553 9
1660 513 1811 560 januarii

407 561 476 595 1681
496 559 613 593 eodem
631 571 715 608 pene
738 571 833 595 motu
848 559 1043 595 incedebant
1056 576 1064 601 ;
1083 558 1184 594 ambo
1195 572 1233 594 ex
1244 558 1304 594 suis
1321 560 1397 595 locis
1412 559 1523 609 egreffi
1535 573 1578 604 70
1597 562 1711 609 gradus
1725 562 1809 596 intra

410 611 450 651 69
466 607 533 642 dies
547 620 776 657 peragrarunt3
797 608 972 657 utrobique
987 608 1112 657 semper
1129 609 1244 643 eadem
1260 610 1461 658 inaequalitas
1481 611 1629 659 appatuit
1643 627 1652 653 ;
1668 621 1809 657 uterque

405 658 497 704 hujus
508 658 669 694 intervalli
682 660 822 706 priorem
837 659 1050 694 medietatem
1068 673 1096 705 35
1115 670 1161 707 gr.
1174 661 1258 693 intra
1275 659 1464 708 14‚alteram
1475 660 1558 694 intra
1571 674 1598 706 55
1611 659 1680 693 dies
1696 658 1811 693 confe-

406 708 474 751 cit-3
488 711 522 743 δε
532 709 617 742 inter
627 707 787 755 utriusque
801 718 929 742 motum
939 710 992 742 vix
1006 720 1239 756 perpaucorum
1250 711 1452 743 minutorum
1467 707 1633 743 discrimen
1650 710 1807 744 occurrit:

407 757 526 790 cumin
541 756 704 791 nonnullis
718 757 855 805 planetis
872 756 1032 791 distantiae
1049 756 1069 792 ἐι
1079 755 1143 791 sole
1154 758 1292 792 varietas
1303 757 1429 805 aliquot
1442 757 1600 805 graduum
1613 758 1806 792 varietatem

405 805 570 841 attuh'ffet.
600 806 702 854 quue
715 806 778 841 hoc
789 807 890 854 magis
904 804 1142 841 observandum
1155 835 1164 849 ‚
1185 806 1273 853 quod
1294 806 1432 854 planetae
1447 818 1487 840 eo
1497 807 1611 853 majori
1626 805 1736 841 motus
1751 807 1806 841 in-

403 854 587 902 aequalitate
600 855 639 889 ad
653 856 791 890 eandem
801 855 821 890 ‘a
830 857 969 903 perigaeo
981 884 990 900 ‚
1011 855 1063 890 vel
1074 868 1211 902 apogaeo
1221 855 1406 890 distantiam
1421 866 1636 898 revertuntur,
1652 867 1720 903 quo
1733 868 1806 889 mo·-

405 915 455 939 tus
465 916 578 939 eorum
589 917 746 952 appatens
763 907 867 939 minus
885 904 930 938 est
944 904 1127 952 aequabilis,
1148 903 1264 940 Nullus
1281 917 1377 952 porro
1398 907 1440 940 est
1452 904 1585 953 planeta
1597 909 1682 954 cujus
1697 915 1806 939 motus

404 963 472 988 tam
485 951 543 987 fibi
556 952 592 988 sit
605 953 764 1000 inaequalis
779 954 878 1000 quz‘zm
892 953 983 1000 hujus
1004 965 1142 988 cometae
1154 982 1163 996 ‚
1190 955 1246 1002 qui
1264 966 1338 990 cum
1351 969 1374 1000 4
1386 955 1501 1002 gradus
1519 966 1592 988 cum
1610 949 1731 988 semisse
1746 952 1806 988 sin-

403 1001 487 1050 gulis
497 1001 612 1037 diebus
630 1014 812 1051 peragraret
821 1004 902 1036 circa
916 1014 1065 1050 quartum
1077 1003 1315 1050 dieniJanuarii
1330 1034 1340 1048 ‚
1357 1003 1411 1038 sub
1423 1003 1657 1050 aequinoffium
1669 1015 1805 1037 vernum

405 1053 458 1086 vix
470 1053 600 1086 tertiam
617 1063 744 1099 partem
760 1053 853 1086 unius
863 1053 977 1099 gradus
987 1050 1192 1086 conficiebat.
1217 1053 1257 1086 Et
1277 1063 1386 1088 tamen
1407 1053 1446 1086 ad
1460 1052 1599 1086 eundem
1620 1050 1804 1086 velocitatis

402 1100 540 1148 gradum
555 1102 586 1134 in
601 1101 716 1135 eadem
728 1101 748 1136 ἐι
762 1101 900 1149 perigaeo
918 1101 1065 1135 distantia
1081 1099 1222 1135 reversus
1237 1100 1281 1134 est
1297 1131 1305 1143 ‚
1324 1100 1400 1136 cum
1414 1112 1505 1136 tanta
1519 1098 1594 1135 eff'et
1609 1101 1643 1135 in
1653 1100 1805 1135 distantia

403 1149 423 1184 ἐι
438 1148 503 1184 sole
515 1151 653 1184 varietas
668 1164 675 1186 :
693 1150 776 1184 adeo
803 1162 839 1184 ut
865 1153 900 1184 in
912 1150 959 1184 his
974 1152 1111 1184 cometis
1129 1151 1183 1184 vix
1196 1149 1319 1185 necesse
1344 1151 1490 1186 videatur
1508 1160 1636 1185 motum
1651 1151 1779 1198 perigaei
1793 1177 1805 1192 ,

405 1201 485 1234 utin
498 1197 637 1246 planetis
648 1197 858 1234 comminisci.
885 1201 1052 1248 roirca
1072 1200 1105 1234 in
1124 1210 1264 1246 utroque
1285 1200 1349 1235 hoc
1363 1211 1492 1234 cometa
1508 1199 1539 1232 id
1558 1200 1671 1233 evenit
1686 1227 1695 1241 ,
1713 1199 1804 1245 quod

404 1247 537 1295 planeta
561 1252 646 1295 cujus
660 1259 765 1282 motus
778 1246 966 1295 estfimplex
981 1253 1015 1284 &
1027 1247 1194 1295 aequabilis
1209 1246 1358 1283 efficeret
1370 1277 1380 1292 ‚
1397 1249 1550 1295 quodque
1565 1246 1586 1282 ἐι
1596 1245 1724 1281 duobus
1737 1247 1804 1295 pla-

404 1297 487 1331 netis
504 1298 588 1330 inter
602 1296 633 1330 se
651 1295 778 1330 diversis
792 1295 860 1331 fieri
871 1299 998 1344 nequit.

443 1348 580 1394 Qanto
592 1346 732 1381 autem&
743 1358 824 1380 terra
844 1345 896 1380 hic
913 1357 1045 1380 cometa
1058 1345 1190 1381 distaret
1203 1344 1376 1381 intervallo
1388 1374 1396 1388 ,
1423 1344 1552 1380 definiti
1569 1355 1714 1380 accurate
1734 1357 1803 1380 non

403 1398 529 1443 potuit,
546 1407 620 1429 cum
631 1394 752 1443 semper
764 1394 950 1429 observatus
968 1394 1067 1429 fuerit
1078 1395 1190 1443 procul
1201 1395 1220 1431 ἐι
1241 1394 1419 1429 meridiano
1432 1395 1566 1430 circulo.
1591 1395 1626 1429 Id
1640 1407 1739 1429 unum
1763 1392 1802 1427 li-

404 1455 484 1490 quet
496 1456 569 1478 eum
580 1442 677 1493 longe
692 1443 779 1479 fuiss'e
791 1444 865 1479 luna
875 1443 939 1492 ipsa
954 1442 1159 1492 superiorem.
1181 1444 1281 1492 Qod
1294 1442 1314 1476 si
1326 1445 1412 1478 enim
1424 1443 1465 1477 ad
1479 1442 1612 1490 systema
1626 1455 1716 1478 terrae
1725 1454 1800 1490 pet-

406 1492 551 1536 tinebat,
570 1505 642 1528 cnm
659 1494 736 1528 astra
750 1492 899 1541 cujusque
915 1492 1093 1541 systematis
1111 1505 1224 1528 centro
1238 1494 1390 1542 propiora
1416 1491 1550 1527 celerius
1578 1490 1776 1528 moveantur
1789 1518 1801 1534 ,

404 1555 442 1576 ac
452 1554 578 1577 cometa
594 1542 648 1576 ille
670 1544 771 1577 etiam
789 1545 822 1577 in
840 1544 982 1591 perigaeo
999 1543 1191 1577 constitutus
1206 1541 1309 1576 multo
1329 1539 1447 1574 tardius
1461 1541 1560 1589 quem
1577 1541 1651 1576 luna
1666 1540 1799 1575 incede-

403 1603 454 1626 ret
467 1620 476 1634 ‚
496 1592 527 1626 id
549 1592 758 1626 manifestum
770 1590 830 1626 esse
842 1603 941 1639 puto,
966 1592 1106 1627 eundem
1131 1590 1203 1626 luna
1226 1590 1318 1626 fuisse
1335 1588 1544 1638 superiorem,
1557 1603 1594 1625 ac
1611 1589 1716 1625 multo
1730 1599 1799 1623 erat

404 1643 560 1675 remotior
575 1670 584 1681 ,
602 1639 757 1675 fialtenus
768 1640 830 1676 fuit
840 1640 1026 1689 systematis.

444 1690 574 1724 Deinde
584 1703 678 1738 caput
688 1690 776 1738 hujus
795 1702 932 1724 comerae
943 1689 1112 1738 globosum
1131 1689 1222 1724 instar
1236 1691 1364 1724 Saturni
1382 1688 1481 1724 visum
1496 1689 1542 1723 est
1556 1717 1565 1731 ,
1583 1701 1656 1724 cum
1676 1702 1712 1725 22
1725 1700 1800 1738 gra-

405 1737 498 1772 dibus
520 1739 539 1773 ἐι
564 1738 628 1772 sole
640 1739 780 1775 distaret.
799 1740 888 1773 Idem
902 1739 1019 1773 accidit
1029 1751 1165 1773 comerae
1179 1740 1254 1772 anni
1267 1741 1340 1783 1665
1350 1767 1357 1779 ,
1371 1743 1455 1785 cujus
1467 1749 1563 1785 caput
1574 1740 1662 1772 omni
1674 1751 1712 1772 ex
1725 1749 1797 1785 par-

407 1798 438 1822 te
453 1788 623 1822 rotundum
647 1787 724 1830 fuit,
743 1791 840 1822 etiam
853 1800 926 1821 curn
942 1786 999 1821 soli
1014 1785 1090 1821 elset
1112 1798 1194 1833 pene
1206 1788 1394 1832 conjunClus
1418 1800 1425 1820 :
1444 1799 1563 1834 magno
1580 1786 1649 1820 sane
1676 1787 1798 1820 indicio

405 1847 549 1870 cometas
562 1836 611 1871 vel
623 1836 686 1877 sole
704 1836 773 1884 ipso
787 1835 848 1871 effe
864 1836 1005 1872 altiores,
1030 1837 1082 1869 Sic
1096 1836 1185 1870 enirn
1196 1839 1303 1869 Venus
1317 1837 1349 1868 in
1361 1847 1450 1881 parte
1461 1833 1580 1868 summa
1603 1833 1659 1868 fiuae
1681 1834 1796 1869 orbitae

404 1883 538 1932 globosi
548 1888 688 1919 cernitur
702 1914 710 1928 ‚
728 1886 814 1932 quod
828 1884 891 1918 sole
905 1884 940 1919 sit
960 1883 1116 1932 superior,
1134 1897 1207 1918 curn
1223 1883 1303 1917 versi
1316 1896 1328 1916 s
1349 1882 1586 1931 oppositionem
1601 1882 1716 1917 falcata
1737 1896 1797 1931 ap-

404 1945 523 1980 pareat
544 1934 702 1968 Praeterejae
715 1933 820 1968 mense
830 1932 1000 1969 Februario
1015 1945 1142 1968 cometa
1153 1932 1233 1967 tubo
1243 1934 1354 1978 optico
1363 1931 1450 1967 fimul
1465 1945 1537 1967 cum
1553 1932 1650 1967 stellis
1665 1931 1735 1967 fixis
1746 1934 1794 1965 vi-

404 1981 452 2017 sus
466 1981 588 2029 semper
606 1982 649 2016 sui
666 1994 773 2017 motus
785 1983 921 2017 eandem
936 1983 1101 2025 semitam,
1119 1982 1396 2016 autditeetionem
1418 1982 1579 2016 obri-uit:
1601 1987 1634 2017 ὃ(
1651 1993 1758 2016 tamen
1771 1980 1799 2015 fi·

404 2034 439 2065 in
459 2032 578 2066 eodem
596 2043 667 2066 cum
688 2031 761 2066 luna
776 2031 878 2074 coelo,
893 2044 947 2066 aut
965 2031 1061 2079 paulo
1078 2031 1211 2065 inferior
1240 2030 1409 2074 extitisset,
1432 2047 1467 2067 22
1495 2030 1606 2066 saltem
1627 2032 1754 2066 minuta
1772 2030 1793 2065 ὰ

404 2079 458 2115 suo
479 2081 594 2115 itinere
606 2109 616 2122 ,
630 2093 686 2115 aut
702 2083 789 2115 reeta
803 2080 889 2115 linea
904 2093 1003 2128 quam
1017 2079 1177 2114 insistebat
1190 2109 1199 2122 ,
1211 2079 1399 2116 deflexisset.

436 2130 601 2164 Postremo
613 2128 720 2178 saepitis
739 2143 813 2165 cum
823 2129 917 2164 stellis
931 2129 998 2164 fixis
1014 2128 1148 2164 collatus
1159 2130 1201 2164 est
1213 2159 1222 2172 ,
1252 2141 1311 2163 nec
1323 2128 1442 2164 tardius
1454 2132 1484 2164 in
1497 2128 1640 2163 occasum
1654 2157 1661 2170 ,
1676 2139 1729 2162 aut
1740 2139 1800 2162 ce-

404 2178 502 2214 lerius
517 2178 709 2221 incedebat,
735 2180 832 2226 quiin]
853 2182 973 2227 proprii
989 2179 1101 2214 motus
1125 2181 1158 2213 in
1175 2180 1349 2214 Orientem
1367 2182 1451 2214 ratio
1473 2177 1659 2225 postularet.
1687 2177 1790 2224 Qod

402 2230 513 2275 iiiique
530 2226 638 2263 subtili
648 2229 824 2264 admodum
836 2235 869 2264 &
880 2227 1031 2275 exquisita
1041 2229 1202 2263 methodo
1212 2231 1253 2263 D.
1265 2226 1409 2262 cassinus
1426 2228 1472 2262 est
1483 2224 1674 2273 persecutus,
1687 2225 1798 2275 cujuss

400 2289 465 2323 que
477 2289 583 2313 motus
596 2277 921 2325 diurniinaeqmlitate
937 2291 993 2325 per
1007 2278 1099 2312 horas
1112 2276 1386 2312 distribuxazadeo
1404 2288 1438 2310 ut
1449 2278 1502 2309 vix
1514 2287 1602 2308 error
1619 2289 1636 2310 2
1651 2286 1705 2309 aut
1719 2274 1790 2318 3se-

402 2327 579 2361 cundorurn
590 2329 742 2372 temporis
758 2329 899 2374 potuerit
909 2330 1059 2375 irrepere.
1081 2325 1220 2362 Tardius
1231 2327 1340 2372 utique
1350 2323 1522 2360 incedebat
1533 2327 1564 2358 in
1575 2323 1718 2358 occasum
1732 2336 1790 2356 co-

401 2375 598 2423 meta‚quiim
608 2375 704 2412 stellae
717 2376 793 2412 huic
801 2379 968 2425 proximae,
984 2388 1119 2424 quaeque
1132 2388 1189 2424 per
1201 2373 1411 2421 telescopium
1420 2372 1510 2408 simul
1523 2372 1788 2416 cernebantur33c

1850 311 1856 367 i

1854 418 1859 484 l

1862 422 1878 514 ἶ.

1866 522 1878 544 ,Ι

1873 572 1878 597 l

1875 611 1878 623 ι

1864 631 1878 644 ,1
