1878 2724
369 166 429 190 202
742 149 998 186 PHYSICAE
1046 151 1388 190 GENERALIS

402 200 547 237 Primum
565 201 675 246 itaque
691 210 726 233 ut
736 199 755 234 ὲ
765 198 961 234 definitione
975 198 1041 247 ipsa
1053 201 1233 246 ordiamur,
1247 213 1354 238 rarum
1366 203 1401 237 id
1414 200 1540 238 definiri
1557 200 1650 247 solet,
1664 206 1757 252 quod

366 250 421 285 sub
432 251 555 298 magnis
569 246 819 282 dimensionibus
835 260 946 296 parum
963 246 1066 283 habet
1080 250 1225 284 materit‘e
1244 265 1252 287 :
1275 263 1312 286 ut
1335 248 1466 286 densum
1491 250 1645 287 definitur
1662 256 1751 300 quod

363 299 420 334 sub
429 300 533 347 parvis
545 295 797 331 dimensionibus
807 295 948 336 multum
957 295 1058 332 habet
1072 300 1223 336 materiae.
1239 301 1290 334 Sic
1303 298 1361 334 ubi
1376 298 1502 335 rarescit
1517 312 1570 335 aer
1582 329 1592 344 ,
1609 301 1749 338 multum

366 348 429 382 loci
438 356 592 392 occupat:
607 344 730 380 tametsi
742 348 822 382 aeris
832 345 925 394 ipsius
933 348 1069 382 materia
1081 345 1319 396 nihilaugetur.
1329 348 1412 382 Illud
1425 348 1509 385 vero
1526 352 1560 386 in
1574 350 1748 398 quaestione

361 392 564 443 „potissimum
573 394 714 436 versatur
722 423 734 439 ,
741 407 785 431 an
798 395 893 437 detur
909 395 1084 441 rarefaCkio
1092 397 1222 445 proprie
1231 397 1329 442 dieta.
1342 398 1391 432 Sit
1404 398 1513 445 itaque

882 506 887 512 ’
902 494 1015 530 'Unica
1028 493 1200 541 Conclusio.

366 594 384 614 ’·
402 596 440 629 In
454 593 670 630 arefactione
683 603 744 629 nec
753 592 915 641 quantitas
924 601 1059 641 augetur
1070 620 1081 636 ‚
1094 604 1154 635 nec
1167 590 1380 631 dimensiones
1399 622 1412 640 ,
1431 607 1468 641 ac
1486 594 1576 644 nulla>
1584 596 1689 640 datur·
1699 611 1750 638 ta.

362 643 507 678 refaffio
519 645 647 692 proprie
662 642 759 678 dista.

361 703 367 706 ·
401 690 494 726 Proh.
504 692 602 728 concl.
612 691 855 739 Qantitas·vel
874 690 965 726 nullo
973 691 1073 727 modo
1084 692 1293 741 distinguitur-
1303 692 1324 729 ὲ
1341 693 1529 740 substantia,
1545 694 1600 730 vel
1612 695 1752 731 estillius

364 739 500 776 affeEkio
511 770 520 784 ,
535 751 591 777 aut
601 742 800 790 proprietas,
813 751 914 788 atque
931 752 968 776 ut
981 740 1079 790 vulgo
1088 742 1205 777 dicitur
1219 770 1230 785 ,
1247 745 1391 778 materiae
1411 755 1521 780 coaeva
1539 757 1549 779 t
1573 756 1652 793 ergo
1670 743 1754 780 nihil

367 793 396 824 ei
411 791 486 825 addi
498 791 620 839 potest,
641 790 935 825 autsdetrahicitra
951 802 1077 825 novam
1097 792 1235 825 maten'ae
1255 791 1478 835 additionem,
1502 792 1753 834 aut·detra6kio.

367 851 445 874 nem
464 853 473 875 ε
500 852 575 874 narn
592 841 775 888 proprietas
791 841 898 874 omnis
916 838 944 874 ὲ
957 850 1070 874 natura
1079 838 1217 888 profluit
1232 865 1244 882 ‚
1261 853 1329 876 non
1349 840 1543 877 extrinsecus
1560 841 1706 879 advenit.

404 886 559 933 Confirm.
576 890 705 937 Corpus
719 889 893 935 expunais
903 885 1037 936 physicis
1050 908 1066 930 ,-
1083 888 1137 924 seu
1146 901 1185 923 ex
1194 891 1312 923 atomis
1324 888 1431 924 solidis
1445 891 1582 927 constan
1598 891 1663 925 Sed
1674 896 1758 939 pun⁴

359 937 419 971 &a
429 937 484 972 illa
494 949 554 972 uec
564 942 720 986 majorem
729 949 808 981 ,nec
821 938 984 973 minorem
995 935 1102 972 Iocum
1118 949 1273 986 occupare
1280 937 1438 986 postuma-
1451 939 1539 975 Cum
1551 940 1640 975 euim
1654 938 1754 975 solida

367 984 428 1021 sint
439 1014 449 1030 ‚
465 991 499 1023 δε
509 986 836 1035 nullos.intercipiant
853 998 952 1034 poros
965 1013 975 1028 ‚
988 986 1174 1021 condensati
1187 985 1388 1036 nonposl'unt
1399 1016 1409 1030 ,
1430 999 1487 1022 aut
1501 990 1534 1023 in
1550 990 1668 1023 arctius
1685 988 1753 1036 spa-

369 1036 453 1069 tium
463 1036 680 1079 contrahi‚ac
689 1034 747 1070 suis
755 1046 1074 1083 quaequessaequantur
1087 1034 1164 1069 locis
1185 1050 1193 1070 :
1213 1037 1300 1070 uude
1312 1048 1373 1071 nec
1398 1035 1496 1084 spatia
1515 1035 1618 1085 seipsis
1629 1042 1753 1085 majora

367 1082 517 1131 implent.
526 1087 608 1133 Ergo
620 1097 680 1120 nec
690 1096 805 1133 corpus
818 1084 918 1132 ipsum
931 1096 971 1118 ex
986 1085 1022 1117 iis
1034 1086 1150 1119 atomis
1163 1084 1338 1119 conflatum
1355 1089 1458 1133 majus
1467 1114 1477 1127 ,
1491 1097 1546 1120 aut
1563 1087 1669 1121 minus
1684 1086 1753 1135 spa-

362 1134 449 1167 tium
459 1145 618 1181 occupare
629 1134 734 1182 potest
749 1161 759 1176 ‚
773 1133 873 1180 quam
885 1131 957 1180 ipsae
969 1135 1072 1167 atomi
1086 1145 1093 1166 :
1110 1144 1208 1180 atque
1221 1136 1329 1168 onmis
1347 1133 1520 1169 rarefastio
1540 1146 1596 1169 aut
1607 1135 1755 1171 conden-

369 1180 467 1226 satio,
484 1194 553 1217 non
565 1180 1029 1229 dimensionumvampliatione
1039 1210 1050 1225 ,
1065 1193 1121 1217 aut
1133 1184 1366 1218 imminutione
1376 1210 1386 1226 ‚
1401 1181 1453 1228 sed
1464 1194 1631 1226 meatuum
1645 1186 1754 1232 potius

368 1228 556 1265 extensione
573 1258 583 1273 ,
609 1242 665 1266 aut
697 1233 921 1266 contractione
940 1233 1134 1266 continetur.
1161 1231 1343 1266 Non'enim
1362 1232 1427 1266 duo
1451 1234 1569 1279 punssa
1586 1234 1618 1268 in
1634 1234 1754 1269 eodem

368 1280 493 1326 pundko
510 1278 575 1312 loci
590 1281 670 1313 citra
679 1281 960 1326 penetrationem,
978 1289 1034 1313 aut
1046 1279 1318 1327 inmillepunffis
1330 1279 1392 1313 loci
1405 1308 1415 1323 ‚
1438 1284 1450 1325 (
1468 1291 1503 1315 ut
1525 1279 1600 1315 cum
1617 1293 1701 1328 aqua
1719 1285 1754 1318 in

369 1339 506 1375 vapores
524 1326 662 1371 rarescit,
674 1330 693 1372 )
705 1326 765 1362 esse
777 1325 1092 1376 possunt‚nisiunum
1107 1333 1140 1365 δ(
1154 1329 1242 1363 idem
1253 1329 1410 1376 pund'mm
1424 1327 1512 1365 simul
1526 1331 1559 1364 in
1578 1329 1685 1364 multis
1703 1330 1757 1366 lo-

369 1377 413 1409 cis
425 1376 553 1411 existat„
563 1377 674 1423 Qare
687 1388 845 1425 augentur
860 1376 996 1424 quidem
1018 1379 1088 1425 pori
1102 1406 1112 1420 ,
1139 1388 1194 1412 aut
1209 1389 1334 1412 meatus
1348 1380 1497 1426 corporis.
1506 1378 1657 1414 rarefaffl
1669 1408 1679 1423 ‚
1696 1382 1756 1428 qui

368 1435 424 1458 aut
440 1423 600 1460 subtiliori
612 1437 747 1474 corpore
761 1425 959 1473 implentur,
979 1427 1181 1474 ants-penitus
1198 1427 1310 1460 inanes
1328 1437 1462 1462 manent
1478 1441 1485 1463 z
1503 1426 1557 1462 sed
1571 1427 1695 1464 eaedem
1711 1429 1754 1465 di.

369 1471 548 1509 mensiones
560 1502 570 1516 ,
588 1475 702 1509 eadem
720 1473 861 1509 extensio
874 1476 1016 1523 corporis
1037 1486 1149 1510 manet
1158 1488 1226 1522 quae
1235 1476 1331 1522 prius.

387 1548 392 1557 ,
408 1521 560 1568 Confirm·
580 1525 700 1560 Omnis
718 1523 893 1560 rarefackio
914 1521 1064 1558 sensibilis
1081 1535 1122 1558 eo
1138 1536 1204 1571 quo
1218 1524 1362 1560 diximus<
1379 1526 1478 1560 modo
1501 1523 1668 1573 perficitur.
1701 1528 1755 1570 gc

358 1580 441 1604 ⁴rete
453 1572 702 1619 complicatum,
720 1573 796 1608 dum
807 1572 991 1617 evolvitur,
1007 1576 1162 1619 majorem
1176 1573 1283 1607 lorum
1293 1585 1448 1622 occupat,
1465 1573 1587 1609 tametsi
1599 1573 1756 1610 solimea-

355 1639 358 1645 ·
372 1629 422 1653 rus
440 1619 645 1669 ampliantur.
661 1622 749 1656 Cum
759 1623 796 1659 in
808 1622 1042 1656 thermometro
1056 1633 1139 1669 aqua
1151 1620 1208 1657 vel
1226 1621 1432 1670 alius'liquor
1447 1622 1613 1666 dilatatur,
1627 1623 1659 1657 id
1669 1627 1755 1660 acci-

371 1667 420 1702 dit
433 1671 508 1716 quia
524 1682 630 1718 partes
646 1683 738 1718 aquae
753 1672 787 1705 vi
802 1670 916 1706 caloris
931 1669 1073 1719 expansae
1088 1674 1243 1715 majorem
1262 1670 1370 1705 locum
1390 1674 1523 1721 exigunt
1542 1686 1551 1707 t
1573 1672 1688 1707 eadem
1710 1673 1755 1708 est

372 1719 456 1751 ratio
466 1730 554 1764 aquae
565 1718 766 1755 ebullientis:
780 1719 1039 1766 Undesliquores
1054 1717 1157 1753 oleosi
1172 1747 1180 1760 ,
1208 1724 1243 1755 δε
1263 1718 1373 1754 viscidi
1395 1723 1428 1755 in
1444 1725 1545 1767 majus
1567 1719 1706 1768 spatium
1722 1724 1755 1756 vi

372 1764 488 1799 caloris
498 1767 717 1814 explicantur:
740 1768 828 1814 quod
845 1769 926 1814 ignis
947 1768 1050 1801 atomi
1074 1777 1178 1813 partes
1194 1765 1251 1800 sibi
1268 1767 1462 1802 cohaerentes
1484 1780 1567 1815 aegre
1585 1768 1751 1805 divellant.

371 1813 492 1851 Eadem
513 1814 593 1851 vero
608 1815 654 1852 est
674 1817 758 1852 ratio
779 1815 1024 1858 rarefac‘tionis',
1041 1827 1111 1862 quae
1135 1813 1172 1849 fit
1190 1813 1345 1850 subeunte
1355 1827 1493 1863 corpore
1509 1815 1700 1860 insensibili,
1718 1824 1753 1855 &

372 1865 441 1909 ejus
457 1875 527 1910 quae
537 1858 593 1912 per
602 1864 804 1899 manifestam
822 1863 1026 1899 intrusionem
1036 1865 1178 1911 corporis
1187 1861 1336 1898 sensibilis
1349 1863 1485 1902 efficitur
1498 1893 1508 1908 ,
1520 1863 1576 1898 ubi
1587 1877 1754 1902 meatuum

373 1910 595 1956 dilatatio,aut
602 1911 793 1961 compressio
803 1912 891 1948 seusu
910 1915 1179 1961 percipitur.Etgo
1195 1911 1274 1947 nihil
1289 1912 1412 1947 necesse
1424 1914 1466 1947 est
1478 1913 1577 1949 molis
1585 1913 1692 1961 ipsius,
1701 1928 1754 1950 aut

374 1960 610 1997 dimensionum
623 1963 835 2004 incrementa,
847 1961 901 1996 vel
915 1964 1178 1997 imminutionem
1197 1961 1413 1998 comminisci:
1435 1974 1511 1998 cum
1521 1961 1649 2010 resipsa
1668 1962 1707 1999 fit
1719 1966 1754 2000 in

354 2008 485 2046 ..medio
499 2009 599 2057 posita
609 2033 621 2052 ‚=
629 2015 671 2047 «δέ
682 2010 852 2045 intelle&u
868 2015 879 2055 (
894 2009 914 2045 si
928 2024 998 2058 quae
1013 2010 1077 2045 alia
1092 2009 1232 2051 )-facilis.
1704 2019 1708 2023 ’

352 2077 354 2079 -
400 2058 500 2097 -Hinc
509 2059 695 2096 Aristoteles
709 2060 741 2095 in
755 2060 874 2107 Categ.
889 2072 958 2108 cap.
969 2062 997 2095 8.
1016 2060 1158 2105 Denfhm
1170 2059 1300 2107 quidem
1310 2062 1440 2108 ‚inquit
1453 2088 1464 2103 ‚
1482 2072 1524 2098 ex
1540 2072 1572 2094 eo
1588 2062 1753 2109 quippiam

377 2103 419 2151 est
436 2134 447 2149 ,
459 2108 667 2154 ,quiapartes
683 2108 778 2156 ipfins
789 2107 854 2154 fibi
863 2112 1045 2157 propinqua
1055 2109 1132 2153 fimt
1143 2122 1153 2141 .·
1171 2119 1411 2144 rarumiraeutem
1427 2122 1467 2143 ex
1484 2122 1517 2142 eo
1528 2109 1611 2154 quod
1628 2113 1713 2144 inter
1717 2111 1755 2154 ft

376 2155 502 2200 distent.
510 2158 549 2191 Et
561 2154 619 2192 lib.
630 2172 662 2204 4
672 2155 926 2205 Meteorologic.
939 2170 1022 2206 cap..
1029 2169 1060 2200 9.
1078 2158 1174 2192 docet
1185 2156 1432 2205 compreffibilia
1448 2168 1492 2191 -ea
1510 2156 1572 2191 esse
1591 2169 1663 2204 quae
1682 2156 1756 2209 ,pos-

376 2203 447 2239 sunt
456 2206 487 2239 in
498 2203 563 2240 suas
576 2204 714 2252 ipsorum
723 2208 841 2241 ⁵inanes
854 2217 961 2252 partes
973 2235 982 2249 ‚
999 2218 1056 2241 aut
1071 2208 1102 2240 iu
1113 2206 1189 2247 ,suos
1203 2206 1343 2255 ipsorum
1361 2217 1485 2241 meatus
1503 2208 1609 2241 coire:
1625 2206 1707 2240 adeo
1720 2217 1755 2240 ut

377 2252 458 2287 nihil
467 2251 503 2288 sit
513 2251 636 2290 necesse
645 2256 816 2291 entitatem
828 2253 989 2302 physicam
998 2284 1007 2298 ‚
1026 2254 1225 2303 seuqualitas
1238 2284 1247 2299 ,
1268 2254 1318 2289 seu
1329 2255 1444 2290 modus
1457 2255 1619 2287 vocitetur
1630 2283 1639 2297 ,
1663 2267 1754 2290 com-

354 2331 364 2334 -
378 2301 500 2336 minisci
513 2331 522 2345 ,
532 2315 604 2350 quae
617 2305 727 2338 raritas
739 2333 750 2347 ‚
766 2303 964 2338 autdenfitas
981 2308 1175 2345 nominetur.
1189 2307 1277 2340 Nam
1291 2303 1351 2338 hoc
1364 2301 1433 2350 ipso
1445 2314 1558 2348 corpus
1569 2303 1616 2337 est
1625 2315 1731 2341 rarum
1742 2331 1754 2346 ‚

355 2350 467 2393 *Quod
478 2363 590 2398 parum
599 2351 849 2388 habetmateriae
869 2355 900 2387 in
912 2352 1020 2388 multis
1035 2353 1111 2388 locis
1127 2352 1289 2400 disperse,
1310 2362 1358 2385 res
1373 2349 1452 2384 vero
1467 2350 1513 2384 est
1525 2352 1557 2385 in
1579 2350 1657 2389 loco,
1673 2354 1754 2386 citra
1789 2371 1791 2373 ·

379 2397 520 2434 sormam
529 2400 625 2438 ullam
634 2430 645 2446 ,
657 2401 710 2438 vel
720 2401 1148 2451 entitatemsuperadditam,
1158 2413 1229 2449 quae
1243 2399 1294 2436 hic
1304 2403 1337 2436 ἃ
1347 2398 1470 2447 ubique
1487 2399 1557 2434 fere
1569 2400 1613 2451 εἲς
1622 2400 1742 2447 inutilis

1747 2453 1758 2464 .
