1878 2724
395 138 452 173 :63
693 128 958 168 PHYSICAE
986 129 1132 167 PARS
1169 130 1454 170 SECUNDA.

393 172 588 219 &beantibus
601 180 663 216 alia
675 181 717 216 est
729 180 865 215 ineunda
879 180 942 215 via.
959 180 1023 214 Hic
1033 190 1149 215 ventus
1161 181 1273 228 incipit
1283 180 1303 217 ὲ
1314 185 1363 226 46
1376 180 1464 229 grad.
1480 177 1659 215 latitudinis
1673 178 1788 215 austra.

396 232 453 268 lis:
470 235 504 268 in
523 232 603 267 mari
618 228 727 278 procul
742 227 908 263 littoribus
922 228 956 264 hi
973 230 1065 267 venti
1076 241 1143 264 non
1155 227 1282 277 spirant.
1299 231 1350 263 Sic
1369 229 1409 264 ad
1425 228 1533 263 littora
1549 240 1641 263 terrae
1658 228 1789 277 Magel-

399 282 507 317 lanice:
519 279 556 314 ad
567 278 684 314 fretum
696 277 725 310 le
741 278 854 311 Maire
872 275 951 313 flant
961 279 1057 314 venti
1071 277 1300 313 Occidentales
1315 290 1398 325 pene
1406 279 1551 312 continui
1563 306 1573 320 ‚
1588 283 1620 314 ει
1637 289 1711 313 cum
1726 281 1788 314 im-

397 340 484 378 petu.
506 329 544 363 ln
562 326 631 361 aliis
648 325 762 361 itidem
782 324 860 366 locis
880 328 1002 375 proprii
1013 325 1103 370 finnt,
1118 331 1152 365 &
1167 339 1252 374 pene
1265 328 1409 363 continui
1421 329 1511 361 venti
1530 342 1539 369 ;
1568 325 1632 361 sive
1653 328 1676 360 ii
1700 326 1719 362 ὲ
1740 328 1788 362 ni-

397 379 486 412 vium
496 374 691 411 resolutione
702 403 711 418 ‚
737 373 799 409 five
812 375 874 410 alia
886 387 925 410 ex
946 374 1034 410 causa
1047 378 1192 410 oriantur
1210 393 1221 420 ·‚
1236 374 1287 410 seu
1301 377 1397 410 certis
1407 377 1441 410 in
1454 374 1640 424 regionibus
1661 378 1789 410 nativos

397 423 541 462 hibeant
551 423 672 460 fontes.
682 422 875 471 Cujusmodi
887 424 933 459 est
948 435 1064 460 ventus
1072 427 1110 459 ‘in
1124 427 1296 461 Provincia
1309 427 1365 472 qui
1377 426 1431 458 vix
1445 425 1483 458 ad
1497 425 1562 459 duo
1573 423 1719 463 milliaria
1735 427 1791 460 emi

397 477 498 509 currit
511 501 520 512 ,
547 479 580 510 &
601 472 643 507 ab
658 473 776 511 eodem
791 472 865 510 loco
880 476 1087 510 continenter
1097 473 1225 522 perflat,
1243 473 1324 509 teste
1342 471 1635 519 Gaffendo.,Hinc‚
1647 476 1770 510 Seneca
1780 502 1799 518 ,.

398 522 498 563 Nulla
510 550 520 564 ,
539 523 645 570 inquit
658 551 667 565 ,
679 522 725 556 est
743 525 834 570 regio
851 535 919 571 quae
935 535 1003 559 non
1016 522 1136 561 habeat
1152 522 1298 571 aliquem
1319 533 1454 560 ventum
1469 533 1551 558 intra
1564 522 1593 557 se
1608 523 1792 567 cadentem,

398 577 432 609 &
450 574 531 606 circa
549 569 577 605 se
593 570 788 607 nascentem.

429 635 452 666 3.
470 623 506 656 In
524 620 602 655 locis
613 619 805 667 quibusdam
817 621 987 657 maritimis
997 620 1165 656 sunt-venti
1174 620 1352 669 periodici,
1375 623 1408 657 &
1426 619 1610 655 diurni-Sic
1630 620 1662 654 in
1682 617 1792 654 littore

397 682 496 706 novae
509 668 674 716 Hispania:
686 668 707 704 ἐι
717 670 821 704 media
838 671 935 705 noete
948 668 1067 718 spirant
1077 673 1168 707 venti
1182 671 1339 705 terrestres
1352 698 1361 713 ‚
1370 681 1465 704 mane
1477 670 1642 705 maritimi.
1660 669 1708 703 An
1724 667 1794 703 for-

398 719 430 758 ῑὲ
443 731 525 754 terra
536 718 681 752 calorem
694 717 812 753 diutius
831 720 952 753 retinet
964 748 973 762 ‚
990 717 1090 766 quam
1107 731 1191 766 aqua
1213 732 1220 753 :
1242 720 1325 755 unde
1341 728 1474 766 propter
1493 716 1634 752 calorem
1652 716 1797 766 supersti-

403 780 470 803 tem
493 780 576 803 terra
602 770 701 802 etiam
714 768 813 803 ηοξὶιι
827 766 943 803 halitus
956 769 1062 804 ventis
1072 768 1241 816 gignendis
1260 767 1449 816 suppeditat.
1469 766 1540 814 Qi
1552 766 1686 813 quidem
1704 767 1795 801 venti

400 817 439 857 ad
458 829 544 851 mate
558 815 735 864 diriguntur
749 831 758 852 ε
770 816 858 864 quod
879 815 924 850 ibi
944 829 998 851 aer
1008 817 1171 853 nosturno
1183 817 1305 864 frigore
1318 817 1526 864 deprimatur.
1557 817 1647 852 Nam
1671 827 1726 851 aer
1740 815 1796 851 diu

402 865 552 901 dilatatus
563 867 664 900 noetu
678 864 826 909 subsidit,
841 869 873 901 &
897 865 936 899 ad
957 865 1066 900 locum
1082 865 1167 901 suum
1178 866 1276 901 resilit
1289 894 1299 909 ,
1323 877 1359 901 ut
1374 865 1500 901 videtur
1524 862 1647 900 Voffio.
1670 867 1706 899 In
1722 863 1796 912 ple.

400 914 506 961 risque
517 914 594 949 locis
608 926 725 949 ventus
740 914 793 950 ille
809 920 831 949 a
847 916 927 950 mar-i
945 913 1060 962 spirans
1071 927 1136 949 non
1148 915 1233 951 aliud
1246 915 1400 961 quiddam
1414 913 1461 948 est
1474 912 1574 961 quarn
1586 913 1796 962 generali3,&

400 964 535 1012 Tropici
546 966 636 998 ven-ti
650 975 797 1007 conatus;
809 964 948 998 maxime
959 966 1044 999 inter
1053 962 1225 1000 insularum
1236 963 1395 1012 angustias
1409 965 1442 997 in
1454 964 1548 999 Zona
1563 963 1692 999 torrida.
1705 964 1796 999 Nam

401 1024 514 1050 ventus
524 1013 564 1049 ad
577 1023 616 1046 ea
631 1012 735 1048 tendit
750 1012 858 1049 littora
869 1040 879 1055 ,
893 1010 950 1046 ubi
963 1014 1068 1048 minus
1084 1013 1257 1060 impeditur
1270 1024 1339 1061 prae
1355 1010 1521 1048 montibus
1532 1039 1542 1054 ,
1563 1023 1599 1046 ac
1611 1023 1724 1047 ventus
1740 1010 1797 1047 ille

399 1061 526 1110 semper
540 1060 608 1098 fere
621 1060 769 1095 increscit
782 1089 791 1102 ‚
802 1073 875 1095 cum
891 1059 936 1095 sol
947 1059 1043 1097 altius
1054 1059 1143 1109 super
1160 1061 1367 1097 horizontem
1380 1060 1521 1096 ascendit
1533 1088 1543 1104 ,
1570 1072 1604 1096 ut
1618 1073 1718 1109 nuper
1733 1074 1798 1096 no.

402 1109 452 1144 bis
465 1108 632 1145 referebat
645 1109 871 1146 eruditiffimus
883 1109 1064 1147 Richerius.
1084 1113 1197 1157 Qare
1216 1111 1332 1146 terreni
1350 1109 1464 1146 halitus
1480 1110 1521 1144 de
1533 1109 1586 1144 die
1596 1111 1734 1145 nimium
1747 1120 1799 1144 at.

402 1160 526 1194 tenuati
537 1188 547 1202 ‚
568 1159 667 1195 noete
677 1157 833 1197 densiores
846 1157 925 1193 faffl
936 1188 947 1201 ‚
957 1164 990 1196 δι
1009 1160 1092 1194 circa
1104 1171 1232 1194 montes
1242 1158 1373 1195 collesti
1390 1161 1526 1207 proprio
1537 1159 1682 1206 pondere
1696 1160 1799 1194 noeto

404 1209 640 1255 deprimuntur.
657 1209 894 1256 SicJumaicam
911 1207 1044 1244 insulam
1056 1210 1114 1244 vix
1125 1221 1223 1244 naves
1236 1209 1277 1242 de
1292 1209 1389 1244 ηοᾶε
1401 1206 1527 1256 possunt
1536 1207 1700 1256 appellere
1710 1236 1720 1251 ,
1737 1220 1799 1243 ne..

405 1268 469 1303 que
479 1256 680 1303 egredi‚cum
695 1267 811 1291 ventus
826 1258 1004 1291 maritimus
1019 1269 1151 1293 exortus
1162 1258 1205 1291 est
1218 1272 1229 1292 r
1240 1257 1322 1293 adeo
1337 1268 1373 1292 ut
1390 1255 1609 1305 atmosphaeiae
1628 1257 1715 1291 aestus
1729 1269 1799 1293 non

405 1307 509 1343 minus
524 1303 581 1340 sint
596 1306 773 1353 reciproci,
786 1304 887 1352 quam
899 1306 1039 1341 Oceani.
1060 1305 1192 1342 Aesaris
1214 1304 1386 1355 probabile
1403 1305 1533 1342 videtur
1548 1317 1664 1341 ventos
1679 1318 1800 1355 magna

405 1366 445 1389 ex
460 1365 550 1401 parte
561 1355 636 1388 oriri
645 1365 684 1388 ex
697 1353 845 1401 inaequali
855 1356 933 1389 aeris
944 1353 1097 1390 dcnfitate
1107 1384 1117 1399 ‚
1131 1361 1164 1392 ὃ(
1178 1357 1306 1391 raritate
1320 1384 1330 1398 ‚
1347 1367 1449 1402 quam
1469 1353 1540 1389 solis
1559 1366 1664 1390 motus
1678 1355 1799 1391 mode.

405 1414 505 1438 ratur.
526 1404 614 1437 Hinc
626 1401 705 1450 saepe
716 1405 808 1439 venti
819 1405 992 1446 maritimi,
1008 1406 1149 1439 maxime
1163 1416 1201 1439 ex
1215 1405 1304 1439 India
1317 1402 1483 1439 Orientali
1501 1401 1620 1438 cessant
1636 1431 1646 1446 ,
1663 1416 1735 1439 etun
1752 1402 1799 1440 sol

407 1453 445 1486 ad
457 1454 634 1500 Tropictmi
645 1451 836 1500 Capricorni
849 1450 1008 1488 defleant.
1028 1454 1096 1500 Qi
1111 1453 1131 1488 a
1147 1465 1230 1488 terra
1244 1453 1362 1501 spirant
1376 1454 1488 1497 venti,
1510 1451 1720 1501 plurimum&
1733 1451 1797 1490 finu

406 1502 570 1537 montium
579 1502 734 1550 pendent.
751 1501 850 1536 Unde
861 1503 892 1536 in
905 1512 995 1550 parte
1008 1502 1175 1537 Orientali
1195 1501 1460 1549 insulaeJamaicae
1478 1504 1530 1537 vix
1547 1501 1567 1537 a
1579 1513 1664 1536 terra
1685 1513 1799 1538 ventus

407 1552 582 1598 percipitur
603 1565 612 1586 τ
638 1550 727 1597 quod
745 1562 873 1585 montes
890 1550 965 1585 hinc
979 1550 1106 1600 longius
1124 1551 1182 1586 fint
1197 1554 1314 1587 remoti
1334 1578 1344 1593 ‚
1373 1556 1406 1588 &
1431 1550 1650 1586 exhalationes
1676 1552 1708 1585 in
1729 1550 1799 1599 ipso

407 1600 526 1633 itinere
534 1598 728 1646 diffipentur.
739 1603 775 1634 ln
784 1597 884 1634 insula
896 1598 997 1648 vulgo
1012 1601 1046 1634 la
1059 1602 1207 1647 Cayenne
1219 1628 1228 1643 ,
1245 1602 1279 1635 in
1291 1599 1414 1634 Brasilia
1427 1628 1436 1643 ,
1447 1597 1665 1647 Madagascar.
1681 1604 1715 1636 &
1726 1600 1798 1635 aliis

408 1647 512 1683 nullus
529 1660 611 1695 pene
630 1646 650 1682 ὲ
662 1658 745 1682 terra
757 1659 871 1682 ventus
889 1648 1003 1696 spirat,
1028 1654 1061 1686 δε
1074 1648 1197 1696 ubique
1213 1661 1325 1684 ventus
1336 1652 1476 1683 marinus
1494 1649 1599 1682 aestum
1615 1648 1679 1682 diei
1699 1647 1800 1696 pluri-

408 1709 498 1731 mum
514 1708 676 1744 temper-tt
687 1725 697 1739 ,
715 1703 746 1733 ὃς
763 1697 809 1731 est
823 1696 986 1733 salubrior.
1004 1698 1103 1733 Unde
1120 1700 1270 1743 regiones
1289 1710 1361 1745 quae
1375 1697 1436 1732 hoc
1446 1709 1548 1732 vento
1562 1696 1778 1733 destituuntur
1786 1714 1803 1742 ς,

1156 1739 1170 1746 ι

409 1748 461 1779 vix
480 1745 675 1780 incoluntur.
683 1747 769 1780 Cum
779 1758 890 1780 ventus
902 1748 1079 1781 maritimus
1091 1746 1191 1795 vulbo
1205 1749 1303 1781 Brize
1314 1745 1407 1782 cessat
1419 1775 1428 1788 ,
1447 1745 1484 1781 fit
1496 1745 1641 1793 qnaedam
1651 1745 1805 1792 malacia,-

410 1804 476 1831 tum
495 1806 636 1830 terrenus
649 1797 761 1842 incipit
774 1822 780 1832 .
795 1807 899 1841 neque
917 1795 959 1828 ab
971 1794 1081 1830 iisdem
1094 1795 1195 1844 plagis
1208 1794 1230 1830 fl
1241 1806 1263 1829 lt
1275 1807 1391 1830 ventris
1405 1794 1459 1829 ille
1475 1796 1666 1831 maritimus.
1693 1797 1729 1829 In
1744 1796 1799 1831 lit.

410 1842 533 1879 toribus
553 1844 668 1878 Africae
681 1843 905 1879 Occidenta¹is
916 1872 924 1885 ‚
942 1847 1010 1877 imo
1023 1849 1055 1880 &
1069 1845 1099 1877 in
1111 1844 1245 1879 occidua
1260 1846 1416 1879 Americae
1429 1854 1520 1890 parte
1532 1844 1614 1877 inter
1624 1845 1798 1892 Tmpicos,

409 1893 467 1925 ubi
482 1903 595 1938 regnat
607 1892 764 1940 generalis
776 1920 784 1934 ‚
801 1898 833 1927 ὃ(
845 1893 982 1926 Orienta
998 1894 1023 1926 is
1042 1904 1154 1927 ventus
1164 1921 1174 1936 ,
1190 1891 1266 1927 nulli
1281 1891 1300 1928 ὲ
1311 1894 1391 1928 mari
1401 1893 1440 1925 ad
1454 1890 1561 1926 littora
1569 1891 1706 1939 perflant
1716 1906 1799 1930 vena

410 1942 438 1974 ti
454 1954 462 1975 ι
486 1952 520 1974 ut
537 1942 618 1974 circa
634 1940 747 1974 Viride
761 1943 1030 1987 promontorium,
1051 1953 1184 1988 regnum
1199 1941 1328 1989 Congi,
1345 1946 1377 1978 &
1395 1943 1491 1989 Nigri
1509 1940 1586 1975 ostia
1606 1956 1615 1984 3
1642 1940 1696 1976 nifi
1714 1941 1800 1981 forte

411 1987 508 2032 longa
520 1989 610 2022 series
625 1991 782 2023 montium
803 2001 935 2024 ventum
946 1990 1151 2025 Orientalem
1163 2002 1289 2035 arceat,
1304 2003 1339 2026 uc
1353 1992 1386 2026 in
1405 1992 1530 2025 Guinea
1543 2018 1554 2033 ‚
1577 2001 1645 2025 tum
1663 1990 1803 2037 Africae,

412 2047 480 2072 tum
495 2038 648 2072 Americae
663 2066 668 2075 ,
683 2039 715 2072 in
733 2040 917 2072 Peruvimis
937 2037 1101 2073 littoribus
1114 2041 1269 2076 occiduis.

446 2101 479 2132 4.
497 2085 621 2128 Etefiae,
633 2085 682 2121 seu
696 2085 899 2121 anniverfiini
910 2117 917 2130 ‚
934 2086 953 2121 fi
969 2087 1127 2124 Aristoteli
1141 2118 1149 2130 ‚
1167 2095 1199 2124 δέ
1214 2088 1320 2124 Plinio
1334 2089 1490 2123 credimus
1503 2117 1513 2131 ‚
1533 2087 1716 2124 constanter
1733 2088 1798 2138 spi.

414 2137 574 2169 rantcirca
586 2135 753 2169 solstitium
770 2136 907 2170 :estivale
928 2151 935 2171 :
959 2149 1069 2170 eornm
1085 2139 1246 2186 originem
1259 2149 1412 2186 repetunt
1430 2138 1450 2172 a
1469 2136 1650 2183 colliquatis
1669 2138 1798 2175 nivibus

414 2185 445 2218 in
457 2183 664 2225 Botealibus4
688 2189 720 2220 &
739 2187 870 2218 remotis
890 2184 1073 2233 regio·:ibus
1094 2199 1105 2221 τ
1126 2200 1198 2221 cum
1214 2198 1320 2222 autern
1335 2188 1433 2222 noctu
1453 2183 1592 2227 cessent,
1617 2185 1648 2219 id
1673 2188 1799 2223 videtur

413 2231 611 2280 probabilius
621 2235 785 2281 propiores
800 2246 911 2267 eorum
926 2232 975 2267 cis
999 2234 1123 2278 fontes,
1143 2238 1294 2270 nimirum
1311 2239 1343 2271 in
1360 2235 1577 2277 Macedoniae‚
1601 2239 1634 2270 &
1650 2236 1801 2271 Thraciae

413 2280 598 2329 regionibns
609 2312 617 2324 ,
630 2282 682 2316 ubi
699 2279 768 2316 sunt
779 2295 903 2316 montes
918 2286 1080 2329 perpetuis
1097 2284 1162 2318 fere
1174 2284 1302 2320 nivibus
1315 2286 1416 2333 opaci.
1432 2285 1482 2317 Sic
1492 2284 1626 2317 Madtiti
1637 2285 1670 2319 in
1682 2285 1797 2335 Hispa-

414 2332 464 2363 nia
478 2343 593 2378 magna
603 2332 716 2366 aestatis
727 2343 815 2378 parte
827 2331 848 2366 fl
859 2344 903 2366 mr
925 2344 1010 2366 venti
1031 2334 1177 2366 Boi-‘sales
1190 2336 1208 2368 a
1219 2337 1378 2382 Pyrenaeis
1398 2335 1491 2382 jugiS.

450 2391 485 2425 5.
507 2380 652 2416 Suntalii
667 2382 756 2417 venti
769 2380 927 2429 periodici
943 2383 996 2429 qui
1009 2394 1101 2416 certis
1114 2387 1190 2419 anni
1202 2381 1399 2431 temporibus
1413 2410 1423 2426 ,
1443 2380 1616 2430 praesertim
1627 2384 1658 2416 in
1673 2382 1800 2426 Africae,

1649 2437 1684 2470 δέ
1700 2431 1798 2467 Indiae
