1878 2724
85 184 159 209 eam
186 171 422 210 ‘tantummodo
452 172 614 207 rationem
639 201 650 216 ,
685 173 775 219 quod
802 171 908 220 plures
940 144 1019 206 radii
1031 197 1041 213 ,
1079 166 1136 216 qui
1159 168 1286 219 pupillae
1308 136 1472 219 angustia}

84 221 250 257 eluderent
261 252 271 267 ,
289 224 322 257 in
336 221 464 256 oculum
474 221 605 257 deducti
622 226 780 270 majorem
798 223 846 255 rei
860 223 1035 270 imaginem
1048 217 1247 263 exhibeant,
1264 220 1338 254 dum
1357 219 1468 266 plures

38 278 41 281 ·
82 269 204 318 obJ'e&i
218 283 323 319 partes
338 271 558 318 distinguimus
575 287 585 314 ·‚
600 269 651 305 seu
659 271 746 318 quod
757 274 859 317 major
881 268 919 304 fit
927 268 1057 318 angulus
1073 265 1215 304 visorius.
1240 281 1336 312 anc,
1357 272 1390 304 in
1410 267 1466 317 fig.

81 330 93 352 ι
115 317 240 354 tabellae
260 333 274 366 5
299 335 307 357 :
324 322 377 368 qui
394 318 564 354 scilicetab
579 321 727 354 extremis
748 320 843 353 radiis
857 321 891 354 iu
907 318 1011 353 fundo
1031 316 1116 351 oculi
1132 316 1286 365 impressis
1305 346 1315 360 ,
1343 322 1378 354 &
1399 316 1463 352 sese

82 378 196 402 mutuo
207 367 468 404 intersecantibus
484 370 516 403 iu
535 369 657 416 Ρυηᾶο
671 370 704 405 N
722 367 1013 416 comprehenditur.
1037 368 1126 403 Nam
1142 377 1242 415 penes
1263 370 1329 415 eJus
1353 365 1464 415 anguli

83 418 339 464 magnitudinem
351 417 392 452 de
412 416 533 462 objecti
547 417 768 465 magnitudine
779 417 973 464 judicamus.

121 466 213 500 Hinc
225 466 372 514 plerique
381 465 517 502 artifices
532 494 541 508 ,
558 477 594 500 ut
605 467 660 514 qui
669 478 813 514 gemmas
827 464 974 500 incidunt
983 495 993 510 ,
1012 477 1067 502 aut
1080 464 1179 515 sigilla
1189 493 1200 508 ‚
1214 462 1349 547 (spanus
1365 469 1464 498 utun}

80 523 132 547 tur
144 517 297 551 convexis
310 543 320 558 ,
334 527 400 562 quo
415 526 464 549 res
477 517 665 549 minutiores
675 525 900 550 contueantur.
913 515 1036 550 Contra
1047 526 1118 563 quae
1130 526 1208 548 cava
1229 523 1298 556 unt,
1311 523 1463 560 magnam

77 561 239 598 radiorum
256 575 379 612 partem
391 591 400 606 ,
414 565 467 610 qui
479 562 634 611 pupillam
651 562 814 607 subirent,
838 565 872 598 in
887 563 1000 599 iridem
1010 563 1113 607 oculi,
1128 562 1183 598 vel
1198 561 1262 596 alio
1278 562 1460 609 disjiciunt:

76 609 154 645 hinc
164 616 330 658 pauciores
345 611 469 659 objecti
493 624 598 659 partes
622 612 820 661 depingunt,
838 614 942 647 minor
959 624 1090 660 quoque
1107 611 1144 647 fit
1160 610 1291 659 angulus
1317 608 1458 644 visorius.

77 659 130 693 Sic
140 660 220 695 radii
236 660 365 696 luminis
385 673 441 710 per
454 660 630 708 ampullam
652 663 787 696 vitream
806 660 970 698 transmissi
994 664 1027 696 in
1042 663 1165 697 arritum
1183 658 1373 707 colliguntur
1388 671 1396 692 τ
1424 669 1459 692 ut

74 719 133 790 per
148 707 271 744 lentem
294 722 406 745 cavam
425 711 549 755 traje&i
571 712 603 744 in
614 714 716 758 majus
731 708 866 758 spatium
877 709 1050 745 dilatantur
1066 724 1074 746 ε
1093 715 1128 747 &
1142 721 1251 744 tamen
1263 719 1321 756 pet
1332 705 1459 754 ampul-

88 768 140 790 am
152 758 289 794 vitream
300 760 441 794 intuenti
454 758 619 806 objectum
631 758 733 794 multo
751 763 852 806 majus
867 770 1008 807 apparet.
1025 759 1117 794 Idem
1132 759 1319 804 contingere
1334 758 1366 790 in
1382 767 1460 790 con-

74 806 164 839 vexis
182 809 312 842 &cavis
326 806 456 855 speculis
475 806 564 855 supra
582 808 726 843 diximus.
746 809 834 843 Nam
853 807 907 841 iila
924 809 970 842 rei
985 807 1121 854 speciem
1145 808 1336 840 imminuunt
1349 832 1358 847 ,
1379 804 1456 838 dum

73 853 178 888 radios
190 855 336 904 diffipant
354 870 363 892 x
388 856 455 890 haec
469 867 588 903 augent
599 883 610 900 ,
635 858 711 892 dum
724 855 853 890 luminis
869 856 975 890 radios
989 855 1093 890 versus
1122 854 1242 902 speculi
1262 854 1456 888 diametrum

73 900 255 939 reflectunt.

108 962 142 995 5.
154 952 242 987 Hinc
252 954 352 987 etiam
364 951 467 999 liquet
486 963 541 987 cur
555 953 588 987 in
599 949 682 985 tubo
692 950 759 986 lens
773 952 884 997 optico
899 950 1033 999 objecto
1049 951 1186 988 obversa
1199 951 1236 986 fit
1249 962 1407 994 convexa,
1419 960 1454 985 ut

69 999 138 1033 dios
151 1001 303 1036 nimirum
312 999 477 1049 diffipatos
486 999 625 1048 colligat.
641 1000 703 1033 Sed
721 1011 898 1046 antequam
910 1013 1078 1036 concurrat
1090 1030 1099 1044 ,
1115 1001 1183 1037 lens
1199 1000 1360 1034 interdum
1374 1011 1453 1033 cava

68 1047 257 1092 adhibetur,
274 1062 346 1098 quae
363 1050 466 1083 radios
484 1051 636 1083 nimirum
653 1060 885 1096 convergentes
897 1047 1033 1085 &citius
1050 1055 1195 1084 co'i‘turos
1211 1046 1377 1096 paululum
1401 1047 1453 1080 di-

68 1095 191 1134 strahit.
207 1100 295 1133 Hinc
306 1100 430 1146 pictura
440 1110 504 1132 non
517 1095 616 1132 modo
627 1095 663 1131 fit
676 1109 727 1130 am
755 1095 814 1130 lior
826 1108 864 1131 ex
878 1097 1039 1132 radiorum
1054 1110 1110 1146 per
1129 1100 1247 1132 vitrum
1264 1107 1380 1130 cavum
1392 1094 1451 1129 dis-

68 1143 212 1191 perfione
225 1174 234 1189 ,
247 1146 299 1181 sed
315 1148 412 1181 etiam
427 1148 528 1194 magis
542 1146 713 1180 diffiniitae
752 1147 838 1180 citur.
863 1148 952 1181 Nam
976 1149 1031 1193 qui
1047 1146 1278 1194 intempestivis
1301 1143 1450 1178 intersec-

69 1192 211 1229 tionibus
226 1196 306 1229 radii
319 1193 494 1229 turbaffent
507 1196 637 1242 pi&utae
652 1195 814 1238 nitorem,
829 1193 959 1229 occursu
977 1194 1071 1230 lentis
1084 1207 1171 1230 cavae
1190 1195 1230 1229 ad
1248 1193 1331 1228 suam
1351 1203 1449 1229 revo-

65 1253 178 1277 cantur
195 1243 368 1279 stationem
380 1272 391 1287 ,
404 1242 457 1277 seu
471 1244 510 1277 ad
525 1242 622 1278 bafim
637 1242 831 1279 ordinatam.

101 1291 203 1337 Qod
216 1291 235 1326 si
252 1293 373 1327 lentem
386 1304 565 1327 convexam
578 1303 663 1325 cavae
677 1293 792 1325 iterum
806 1289 958 1326 adhibeas
968 1320 977 1335 ,
999 1292 1181 1340 pyramides
1206 1289 1333 1326 radiosae
1352 1289 1447 1326 citius

64 1339 214 1376 coibunt.
227 1341 313 1376 Cum
325 1352 434 1375 autem
445 1340 643 1389 crystallinus
658 1339 771 1374 humor
781 1352 933 1376 convexae
945 1340 1039 1375 lentis
1055 1343 1140 1375 vices
1151 1340 1251 1376 obeat
1265 1357 1274 1384 ς
1292 1344 1388 1385 (nani
1399 1352 1448 1374 re-

66 1398 135 1422 rum
151 1391 348 1424 minutarum
364 1389 482 1437 species
492 1400 586 1438 auget
599 1418 608 1432 ‚
619 1394 651 1426 &
668 1388 767 1423 literae
777 1399 832 1436 per
848 1401 921 1423 eum
944 1388 1020 1425 visae
1030 1394 1165 1437 majores
1183 1400 1341 1437 apparent
1356 1390 1369 1430 >
1388 1387 1446 1423 ubi

62 1433 226 1482 globofior
236 1439 281 1472 est
292 1467 302 1481 ,
319 1438 448 1485 qualem
469 1437 592 1473 habent
605 1449 740 1486 myopes
751 1466 761 1481 ,
774 1437 869 1471 tubus
885 1438 932 1472 est
950 1438 1168 1486 corripiendus
1178 1467 1188 1482 ,
1202 1436 1269 1484 quo
1286 1437 1352 1471 lens
1365 1449 1445 1472 cava

65 1484 193 1534 longius
208 1486 228 1522 ἐι
243 1486 305 1521 basi
320 1488 484 1530 ordinata,
502 1485 554 1521 seu
565 1488 694 1536 pidiurae
708 1485 780 1520 loco
789 1497 914 1520 remota
926 1515 936 1530 ,
946 1487 1051 1520 radios
1063 1490 1163 1535 magis
1181 1486 1348 1533 dispergat.
1362 1485 1444 1520 Illud

63 1535 161 1568 etiam
171 1535 276 1583 palam
287 1537 329 1570 est
338 1564 348 1578 ,
358 1535 462 1570 radios
472 1534 565 1570 citius
577 1546 764 1570 concurrere
776 1563 786 1577 ,
802 1533 870 1581 quo
888 1533 1054 1582 objectum
1064 1538 1163 1584 magis
1176 1536 1277 1570 distat.
1294 1534 1394 1572 Unde
1409 1539 1443 1570 δε

63 1580 159 1616 tubus
173 1588 298 1632 opticus
313 1586 479 1631 corripitur
489 1613 499 1627 ,
520 1583 573 1618 ubi
587 1596 634 1618 res
649 1585 767 1618 eminus
780 1581 887 1631 pofitae
900 1583 1143 1631 conspiciuntur.

97 1638 128 1665 6·
144 1632 369 1679 Qamobrem
379 1632 542 1667 ubiunam
553 1632 704 1667 duntaxat
716 1631 837 1666 lentem
849 1644 1028 1667 convexam
1040 1632 1229 1667 adhibemus
1243 1643 1295 1675 ,ut
1304 1634 1325 1667 F
1341 1635 1363 1668 P
1375 1634 1397 1666 F
1409 1633 1443 1668 in

61 1679 145 1713 oculi
163 1681 263 1729 figura
273 1710 280 1724 ‚
293 1681 360 1715 haec
371 1681 475 1715 radios
488 1680 528 1715 ab
543 1680 673 1728 objecIto
691 1682 719 1716 A
730 1682 751 1714 Β
767 1681 796 1714 C
816 1692 967 1715 exeuntes
982 1683 1118 1716 omnino
1131 1680 1334 1729 perturbatos
1355 1684 1442 1716 exci-

62 1728 110 1772 pit
122 1741 129 1763 :
142 1728 193 1763 sed
208 1731 251 1763 ita
264 1741 319 1764 eos
333 1729 471 1764 inflectit
481 1759 490 1772 ‚
501 1741 535 1764 ut
544 1732 596 1777 qui
608 1729 648 1764 ab
659 1742 721 1764 uno
734 1731 855 1777 ριιηᾶο
864 1731 892 1764 Α
902 1730 1046 1777 prodiere
1058 1757 1068 1772 ,
1077 1732 1112 1764 in
1124 1743 1222 1767 unum
1233 1730 1348 1764 itidem
1359 1743 1441 1778 pun-

61 1774 151 1810 &um
167 1776 294 1812 tabellae
309 1791 326 1812 a
338 1807 346 1820 ,
362 1789 560 1814 concurrant.
572 1781 660 1814 Hinc
677 1779 822 1813 distincta
836 1777 913 1812 fitin
927 1777 1045 1813 tabella
1061 1790 1109 1811 rei
1122 1780 1248 1825 imago:
1267 1777 1318 1811 sed
1332 1790 1439 1814 tamen

61 1823 173 1860 everso
184 1825 242 1860 fitu
258 1838 403 1874 apparet.
415 1828 459 1861 At
468 1826 487 1861 fi
500 1827 567 1863 lens
576 1827 674 1861 altera
688 1827 801 1862 itidem
817 1838 964 1861 convexa
982 1828 1016 1861 in
1027 1827 1142 1861 eodem
1159 1827 1232 1860 loco
1241 1855 1251 1869 ‚
1269 1825 1319 1860 seu
1333 1828 1367 1860 in
1380 1826 1441 1860 ba-

60 1870 82 1905 fi
94 1874 240 1910 ordinata
251 1876 445 1910 collocetur:
458 1875 520 1911 haec
539 1878 647 1924 utique
657 1874 808 1910 sinceram
821 1877 866 1909 rei
878 1874 1016 1923 speciem
1035 1879 1069 1910 &
1084 1875 1261 1910 distinc'mm
1282 1877 1421 1922 excipiet
1430 1904 1441 1917 ,

61 1917 113 1954 sed
121 1923 400 1969 postearadiorum
413 1924 628 1970 explicatione
642 1926 686 1959 ita
699 1935 772 1959 earn
784 1924 964 1959 confundet
977 1951 986 1964 ,
1005 1934 1040 1958 ut
1053 1935 1091 1957 ex
1099 1935 1294 1971 unoquoque
1306 1924 1439 1971 punCto,

61 1979 79 2001 a
97 1996 107 2011 ,
132 1983 217 2005 nova
241 1973 402 2006 radiorum
423 1974 563 2019 pyramis
584 1983 714 2020 exurgat
731 1988 740 2015 ς
759 1975 1002 2019 necquicquam
1021 1971 1103 2006 aliud
1123 1984 1233 2020 praeter
1250 1984 1373 2009 meram
1388 1972 1439 2006 lu-

60 2029 128 2053 cen·
143 2022 177 2054 in
191 2019 345 2054 tabellam
358 2019 534 2068 oppositam
547 2018 677 2066 spargat.
1410 2021 1412 2023 ’

97 2067 200 2117 Qiod
213 2068 233 2104 fi
247 2071 279 2103 in
291 2069 352 2104 hoc
364 2066 555 2102 confusionis
567 2067 639 2101 loco
655 2068 754 2102 rursus
770 2071 894 2103 tertiam
911 2068 1031 2104 lentem
1044 2069 1224 2112 coustitan
1235 2081 1305 2116 quoe
1318 2080 1438 2117 pertur<

59 2116 156 2153 batos
176 2119 280 2152 radios
300 2118 456 2164 excipiat,
474 2128 528 2150 eos
544 2117 653 2162 utique
668 2115 708 2151 sic
722 2116 884 2161 inflectet,
912 2129 946 2153 ut
970 2117 1099 2152 eosdem
1117 2128 1211 2167 cogat
1228 2120 1260 2151 in
1278 2119 1436 2152 ordinem.

59 2170 173 2213 Itaque
183 2167 203 2201 fi
214 2168 290 2201 duas
301 2167 401 2201 lentes
411 2176 569 2200 convexas
579 2162 619 2198 (ιε
634 2164 713 2200 tubo
727 2176 863 2214 athS,ut
872 2168 978 2214 imago
991 2179 1046 2214 per
1058 2166 1178 2201 lentem
1190 2168 1327 2214 priorem
1337 2165 1427 2201 trans
1426 2188 1437 2195 -

60 2216 145 2252 miffa
157 2245 166 2259 ,
185 2221 218 2252 8<
235 2216 429 2251 refractione
443 2214 589 2248 ordinata
599 2215 632 2247 in
642 2214 847 2261 posteriorem
856 2217 1010 2256 incurrat,
1028 2215 1096 2250 haec
1114 2216 1217 2249 radios
1236 2216 1349 2248 iterum
1361 2226 1435 2262 per-

60 2265 203 2300 turbatos
214 2267 244 2299 in
256 2263 471 2315 crystallinum
488 2262 657 2297 humorem
671 2262 823 2298 effundet.
841 2262 966 2299 vei-um
988 2265 1012 2297 is
1031 2263 1145 2297 humor
1167 2263 1261 2297 lentis
1281 2274 1435 2301 convexa:

59 2313 194 2362 fungens
205 2326 355 2357 munere,
369 2310 468 2347 rursus
482 2323 536 2346 eos
550 2309 703 2358 colliget,
717 2324 814 2360 atque
835 2314 868 2349 in
884 2313 1022 2348 retinam
1041 2310 1131 2347 velut
1148 2310 1286 2346 totidem
1304 2311 1440 2359 penicil⁴
