1878 2724
414 153 461 185 332
695 135 1001 175 PHYSICAE
1047 137 1551 177 PARSSECUNDA.

415 187 537 234 ubique
559 185 734 223 luminibus
759 199 839 222 nato
855 183 1062 221 Sereniffimo
1088 188 1279 235 Burgundiae
1312 190 1405 223 Duce
1431 189 1614 231 testaretur,
1634 192 1782 238 apparuit
1791 199 1810 235 ,ἲ

414 242 447 273 &
464 235 649 271 observatus
664 234 816 282 estusque
830 235 870 269 ad
887 233 1088 283 Septembris
1100 237 1278 272 exitum.1d
1290 235 1368 272 vero
1381 248 1448 272 tum
1465 238 1620 285 temporis
1631 239 1662 272 in
1678 240 1804 274 Acade.

413 287 478 320 mia
495 297 532 318 ex
554 284 698 333 Keplero
718 284 909 319 adnotatum
943 283 1055 319 retulit
1075 283 1201 333 insignis
1220 297 1292 320 cum
1316 287 1443 321 viveret
1467 286 1722 322 Mathematicus
1756 291 1798 325 D.

417 333 549 367 picard.

444 383 487 417 Ex
502 383 538 414 iis
552 385 586 417 &
597 382 694 416 variis
705 379 986 418 observationibus
996 384 1078 418 inter
1087 382 1116 418 se
1128 381 1251 418 collatis
1266 381 1334 418 haec
1342 382 1466 432 colligit
1474 383 1672 422 D.Caffinus.
1690 396 1719 422 10
1729 399 1802 421 mo·

411 442 460 465 tus
478 433 625 465 omnium
635 441 835 466 cometarum
844 433 878 466 in
890 432 1014 467 circulis
1025 443 1116 466 terrae
1132 432 1310 466 admodum
1322 435 1507 467 excentricis
1518 433 1686 469 confectos
1699 434 1804 471 fuisse:

410 480 493 513 adeo
505 490 539 513 ut
549 478 569 514 ὲ
583 481 670 515 recta
689 478 774 514 linea
788 483 842 515 vix
855 492 966 516 eorum
979 480 1106 516 semitae
1118 479 1349 525 deflecterent,
1363 480 1432 515 fere
1443 493 1489 516 -ut
1507 481 1646 530 planetae
1668 483 1808 518 alterius·

409 527 590 576 systematis
600 557 610 572 ‚
623 540 676 562 aut
689 526 708 562 fi
722 529 766 563 ita
781 528 887 578 placet
898 559 910 574 ‚
924 529 1050 564 alterius
1063 531 1209 566 vorticis,
1234 530 1321 564 Cum
1333 541 1458 578 partem
1473 530 1501 566 su
1527 533 1715 575 eriorem,&
1728 532 1800 568 lon-

408 575 480 625 gius
494 576 513 612 ὲ
526 576 620 612 nobis
632 575 770 612 diffitam
787 590 959 628 peragrant
970 608 980 623 ‚
998 578 1054 614 sub
1067 579 1230 628 aspectum
1243 591 1311 614 non
1324 579 1467 616 cadunt:
1490 544 1541 615 sgd
1558 578 1653 615 nobis
1670 585 1801 631 propio-

407 637 457 660 res
472 625 525 660 sub
545 625 656 661 oculos
669 629 815 663 veniunt.

452 688 469 709 2
479 702 487 711 .
505 677 642 724 Magnus
654 675 711 710 ille
723 676 857 711 circulus
870 706 878 720 ‚
896 679 929 712 in
946 690 1013 725 quo
1023 689 1174 713 movetur
1186 690 1313 714 cometa
1328 707 1337 722 ‚
1356 676 1412 712 vel
1422 689 1541 712 terram
1556 676 1715 721 involvit,
1724 678 1800 714 fere

407 735 444 761 ut
459 724 579 760 coelum
595 726 711 760 Martis
723 753 732 768 ,
749 725 803 760 vel
815 726 914 761 instar
927 726 1066 776 epicycli
1084 739 1172 762 extra
1183 740 1256 763 earn
1274 727 1390 777 positus
1407 727 1458 761 est.
1485 727 1570 761 Cum
1587 725 1628 760 ab
1641 725 1751 761 occasu
1764 728 1800 763 in

408 785 517 809 ortum
532 773 677 809 feruntur
687 786 824 809 cometae
835 804 844 818 ,
864 786 933 810 tum
954 775 1025 811 satis
1037 775 1209 811 verifimile
1228 778 1272 811 est
1288 788 1398 812 eorum
1412 775 1533 810 orbitas
1560 787 1677 810 terram
1697 776 1798 811 invoL

408 834 493 857 vere.
515 825 559 858 At
569 821 589 857 fi
602 835 688 859 extra
701 835 819 858 terram
833 824 929 873 longe
944 825 1107 860 constituti
1121 825 1212 860 velut
1227 829 1258 861 in
1274 824 1427 874 epicyclis
1440 824 1625 859 deferantur
1634 853 1644 868 ‚
1663 835 1729 860 tum
1741 838 1801 861 no-

407 870 456 906 bis
473 874 638 920 propiores
650 871 691 907 ab
709 883 782 907 ortu
792 875 824 907 in
835 872 980 908 occasum
990 885 1100 910 contra
1109 873 1268 923 signorum
1279 872 1586 917 succeffionem‚fere
1596 884 1632 907 ut
1648 872 1799 908 satellites

397 922 496 969 Jovis
508 950 517 965 ,
527 932 582 956 aut
595 924 724 956 Saturni
733 925 860 956 moveri
873 922 1028 960 videntur.
1053 925 1105 957 Sic
1118 935 1248 958 cometa
1262 925 1337 958 anni
1351 924 1425 968 1664
1445 925 1550 971 primo
1567 921 1627 956 fuit
1637 934 1800 972 retrogra-

407 970 464 1004 dus
477 997 486 1013 ‚
507 981 576 1005 tum
593 970 703 1005 motus
722 970 765 1006 sui
787 970 1006 1006 directionem
1029 973 1186 1015 mutavit,
1215 983 1250 1007 ut
1272 976 1314 1009 D.
1335 970 1484 1006 Caffinus
1509 971 1584 1006 antc-
1601 972 1799 1019 praedixerat.

407 1019 533 1053 Contra
543 1031 674 1054 cometa
686 1021 762 1055 anni
784 1020 858 1066 1672
881 1032 952 1055 cum
966 1025 1058 1069 Juxta
1070 1019 1230 1070 signorum
1252 1020 1367 1057 seriem
1381 1020 1544 1056 incederet
1556 1048 1567 1064 ‚
1582 1020 1799 1057 directionem

407 1067 451 1102 sui
469 1069 578 1103 motus
591 1081 659 1103 non
671 1071 819 1103 mutavit.

450 1128 463 1160 3
477 1125 492 1140 0
505 1118 589 1151 Pieri
601 1117 704 1165 potest
719 1117 853 1152 utidem
868 1127 998 1152 cometa
1015 1116 1194 1153 identidem
1207 1128 1348 1152 recurrat
1365 1132 1373 1153 :
1398 1116 1522 1153 tametfi
1542 1130 1642 1153 nemo
1669 1117 1700 1152 id
1731 1120 1798 1154 ani-

406 1166 590 1202 madvertat
602 1182 610 1208 3
623 1165 676 1201 vel
686 1168 763 1213 quia
773 1165 828 1201 sub
839 1165 1021 1214 crepuscula
1031 1169 1200 1202 revertitur
1212 1184 1220 1209 3
1234 1166 1292 1203 vel
1310 1169 1388 1214 quia
1399 1168 1499 1202 cauda
1513 1180 1582 1215 quae
1596 1180 1670 1202 eum
1688 1166 1798 1215 saepius

405 1215 516 1263 prodit
529 1243 538 1257 ‚
559 1213 719 1250 nebulofis
737 1215 830 1249 radiis
849 1215 1043 1250 destituitur.
1066 1215 1180 1250 Cauda
1199 1215 1280 1251 illius
1298 1245 1307 1259 ‚
1325 1227 1359 1250 ut
1376 1216 1540 1252 nonnullis
1561 1217 1685 1250 videtur
1699 1245 1709 1260 ‚
1731 1229 1799 1252 non

405 1263 492 1298 aliud
507 1263 552 1296 est
563 1262 618 1298 nifi
630 1263 793 1298 exhalatio
805 1263 949 1311 quaedam
961 1262 1003 1297 ab
1015 1262 1099 1298 illius
1118 1263 1221 1313 globo
1232 1264 1346 1299 sursum
1359 1264 1491 1300 vibrata
1507 1279 1515 1300 ι
1534 1265 1617 1299 unde
1631 1265 1700 1299 fere
1718 1263 1799 1300 sem-

406 1324 463 1361 per
476 1310 532 1346 soli
553 1310 698 1360 oppofita
718 1312 860 1348 viderur.
883 1313 985 1355 Haec,
999 1310 1194 1348 ubicometa
1209 1313 1255 1347 est
1271 1315 1443 1361 perigaeus,
1461 1311 1481 1347 fi
1501 1313 1586 1348 forte
1600 1312 1720 1348 difflata
1738 1314 1797 1356 est,

405 1363 459 1395 vix
475 1372 602 1395 cometa
612 1359 783 1396 internosci
793 1361 910 1409 potest.
927 1361 963 1395 Id
982 1362 1069 1395 enim
1079 1360 1268 1408 quibusdam
1285 1362 1379 1396 stellis
1393 1363 1555 1396 interdurn
1568 1363 1685 1397 accidit
1698 1389 1708 1403 ,
1723 1374 1796 1410 quae

405 1411 585 1445 identidem
601 1409 794 1444 evanescunt
806 1438 815 1451 ‚
832 1415 865 1447 ὅ(
885 1409 992 1458 plures
1002 1421 1076 1444 ante
1087 1411 1149 1445 hoc
1160 1410 1307 1445 saeculum
1321 1411 1341 1446 a
1354 1413 1486 1446 nemine
1495 1410 1629 1445 fuerunt
1641 1409 1798 1447 observa-

405 1470 468 1495 tae..
485 1461 538 1493 Sic
556 1470 683 1493 cometa
696 1458 717 1494 ἐι
746 1460 783 1493 Ρ.
802 1461 971 1506 Fontenay
988 1460 1020 1493 in
1038 1460 1176 1494 Eridano
1201 1458 1286 1494 forte
1302 1460 1441 1506 quadam
1459 1459 1672 1508 deprehensus
1687 1489 1697 1503 ,
1722 1471 1796 1495 cum

405 1507 507 1544 stellas
525 1510 558 1542 in
574 1507 676 1556 globo
697 1508 837 1555 depictas
849 1507 913 1543 una⁴
925 1520 998 1541 cum
1016 1507 1111 1542 stellis
1131 1507 1328 1543 firmamenti
1347 1508 1529 1551 conferret,
1559 1508 1696 1547 aliorum
1718 1507 1794 1542 dili-

404 1558 550 1605 gentiam
561 1555 659 1592 elufit.
672 1559 721 1591 Sic
730 1556 817 1591 stella
827 1569 897 1604 quae
907 1556 952 1590 est
970 1558 1002 1591 in
1012 1556 1099 1592 collo
1111 1557 1190 1592 Ceti
1206 1555 1333 1606 singulis
1356 1559 1446 1592 annis
1459 1558 1590 1591 recurrit
1606 1573 1615 1600 3
1635 1561 1668 1593 δε
1684 1568 1795 1592 tamen

404 1618 463 1653 per
482 1620 531 1650 40
539 1618 639 1641 annos
651 1605 672 1641 ἐι
693 1608 795 1654 prima
816 1606 897 1640 illius
907 1604 1133 1643 observatione
1146 1618 1259 1642 omnes
1271 1606 1483 1641 Astronomos
1498 1605 1594 1654 fugit.
1610 1605 1794 1641 Androme-

405 1655 450 1689 dae
460 1653 613 1690 nebulosa
631 1667 664 1690 ut
677 1668 761 1690 nova
773 1655 850 1698 saepe
867 1654 978 1690 habita
994 1654 1112 1690 fuitzex
1122 1667 1188 1703 quo
1202 1666 1311 1690 tamen
1325 1654 1513 1690 D.Caffinus
1529 1667 1601 1689 eam
1616 1653 1796 1703 deprehen-

405 1704 453 1738 dit
464 1733 473 1746 ,
495 1705 528 1737 in
536 1705 654 1739 eodem
666 1703 790 1752 semper·
800 1703 874 1739 loco
888 1705 950 1738 visa
963 1705 1021 1747 est,
1039 1710 1072 1740 δε
1082 1715 1228 1739 cometes
1246 1703 1382 1752 speciem
1392 1717 1454 1752 prae
1473 1702 1502 1738 se
1516 1703 1591 1739 fert.

439 1767 471 1799 4.
489 1752 577 1786 Cum
592 1765 726 1787 cornetae
738 1764 844 1787 motus
856 1752 990 1787 celerior
999 1753 1046 1787 est
1056 1781 1066 1795 ,
1088 1764 1127 1786 ex
1141 1751 1242 1787 tribus
1259 1751 1539 1786 observationibus
1553 1753 1670 1798 conjici
1685 1752 1792 1798 potest

403 1814 502 1848 quam
512 1802 598 1835 viam
614 1802 762 1846 deinceps
776 1800 908 1844 insistat3
924 1814 960 1835 ac
972 1802 1048 1835 licet
1065 1812 1237 1837 moveatur
1257 1802 1290 1834 in
1300 1800 1417 1834 circulo
1428 1829 1437 1843 ‚
1452 1811 1561 1834 tamen
1584 1800 1666 1833 illius
1681 1812 1791 1834 motus

404 1854 484 1883 citra
503 1862 645 1885 errorem
660 1849 837 1885 sensibilem
849 1862 884 1884 ut
900 1852 932 1884 in
944 1848 1339 1884 recramlineamdirectus
1354 1848 1487 1896 supponi
1503 1849 1616 1894 potest.
1632 1848 1791 1882 Cometa-

405 1911 476 1932 rum
489 1900 541 1944 qui
556 1900 646 1932 annis
669 1911 678 1932 ι
693 1904 712 1932 6
727 1912 738 1943 5
752 1911 768 1932 2
786 1927 795 1941 ,
816 1900 910 1945 1664,
931 1900 1058 1944 &1653‚
1074 1903 1106 1934 &
1119 1900 1189 1944 1665
1200 1926 1209 1940 ‚
1223 1902 1254 1933 &
1268 1906 1343 1941 1677
1354 1927 1362 1938 ,
1383 1898 1554 1932 duodecim
1572 1898 1720 1931 nimirum
1732 1909 1793 1931 an-

403 1959 520 1982 norum
532 1947 707 1980 intervallis
723 1958 1018 1994 apparuere,motus
1031 1947 1211 1981 celerrimus
1225 1946 1285 1981 fuit
1296 1945 1421 1995 singulis
1429 1945 1546 1980 diebus
1564 1958 1596 1982 12
1609 1957 1663 1979 aut
1679 1957 1707 1988 13
1717 1958 1792 1994 gra-

402 1997 505 2030 duum
519 2024 526 2037 ‚
546 1995 601 2029 alii
614 1998 669 2031 vix
687 2011 711 2042 4
727 2007 782 2029 aut
800 2008 812 2040 5
828 1997 944 2043 gradus
959 1994 1173 2030 decurrebant
1198 2009 1206 2031 ε
1232 2005 1267 2029 ut
1287 2006 1415 2030 cometa
1434 1993 1583 2030 secundus
1605 1995 1680 2029 anni
1692 2000 1767 2042 »1665
1780 2023 1791 2038 ‚

401 2050 438 2081 &
451 2043 528 2078 alius
541 2053 621 2089 1672.
649 2047 694 2079 Ac
707 2045 746 2078 de
759 2047 895 2079 cometis
911 2057 1034 2079 tantum
1048 2074 1057 2083 ,
1084 2057 1167 2079 nunc
1179 2044 1217 2078 ad
1239 2044 1396 2079 stellarum
1407 2044 1569 2079 theoriam
1578 2045 1755 2079 veniamus.

444 2094 524 2128 Hoc
532 2104 641 2128 tamen
659 2093 733 2127 loco
749 2096 899 2128 omittere
909 2107 975 2129 non
985 2091 1107 2140 poisum
1119 2093 1205 2127 aliud
1234 2104 1376 2128 cometes
1402 2106 1502 2140 genus
1518 2093 1604 2139 quod
1622 2095 1663 2126 D.
1682 2090 1789 2125 Cass..

405 2154 464 2178 nus
478 2154 563 2176 anno
575 2142 736 2190 superiore
746 2145 809 2186 ¹⁶33
826 2143 878 2176 die
894 2146 924 2178 18
937 2145 1049 2177 Martii
1064 2142 1142 2176 hora
1154 2142 1221 2177 fere
1234 2156 1253 2182 7
1263 2169 1274 2183 ὃ
1289 2154 1362 2176 cum
1374 2141 1475 2176 tribus
1490 2138 1790 2189 quadrantibusob-

403 2191 555 2228 servavit.
569 2194 683 2237 lngens
696 2193 859 2237 quoddam
875 2204 943 2226 erat
962 2191 1070 2226 lumen
1081 2190 1214 2238 oblique
1224 2190 1397 2226 >secundum
1408 2191 1576 2225 zodiacum
1593 2191 1788 2236 porredhum

404 2243 522 2277 Arietis
539 2239 816 2277 constellationem
827 2252 930 2275 totam
940 2239 1216 2288 complecZkebarur
1227 2241 1264 2274 ad
1280 2240 1421 2276 Pleiadas
1436 2238 1532 2285 usque
1547 2243 1581 2274 ὃ(
1593 2249 1689 2285 caput
1699 2241 1787 2273 Tau-

401 2293 431 2324 xi
448 2290 477 2323 se
490 2288 688 2324 extendebat
699 2319 708 2331 ,
725 2290 818 2324 instar
833 2289 986 2324 nebulaea
998 2288 1062 2324 sole
1086 2289 1244 2324 illustratae
1255 2291 1359 2323 nitens
1370 2287 1527 2322 stellarum
1536 2298 1641 2321 tamen
1655 2285 1788 2334 conspe-

404 2341 567 2373 &umnon
588 2338 755 2372 adimebat
769 2341 832 2383 5uti
843 2351 900 2373 nec
913 2350 1111 2373 cometarum
1126 2338 1232 2371 caudae
1244 2352 1251 2372 :
1263 2337 1314 2372 sed
1328 2336 1378 2370 sua
1395 2335 1566 2370 latitudine
1584 2347 1631 2369 ter
1644 2347 1698 2368 aut
1713 2348 1790 2381 qua-

400 2398 455 2421 ter
472 2387 584 2423 caudas
599 2386 651 2422 vel
666 2386 796 2423 latiores
811 2398 1011 2423 cometarum
1023 2385 1202 2436 superabat.
1219 2386 1299 2421 Uno
1310 2396 1401 2423 motu
1413 2397 1517 2432 eoque
1534 2383 1669 2432 fimplici
1685 2383 1726 2418 ab
1739 2395 1791 2420 orf-
