1878 2724
411 155 478 190 524
956 145 981 180 Ρ
999 145 1035 179 Η
1054 145 1085 181 Y
1107 146 1128 181 S
1144 147 1159 181 1
1176 144 1207 182 C
1224 144 1264 180 AE

410 192 521 242 polita.
546 194 592 229 Ac
604 194 788 242 nuperrime
807 191 928 241 prodiit
948 196 982 229 in
1000 193 1165 241 publicum
1180 194 1338 229 eximium
1361 202 1443 242 opus
1456 192 1612 243 Alphonsi
1625 191 1801 231 Botellidae

411 253 503 277 motu
515 242 704 278 animalium
714 271 725 286 ‚
734 241 792 277 ubi
800 243 987 279 struerutam
998 248 1033 280 &
1041 244 1206 279 aetionem
1216 241 1441 285 musculorum,
1451 244 1520 277 imo
1529 248 1563 280 &
1571 256 1674 279 motus
1685 254 1800 279 ornnes

407 290 593 325 animalium
607 289 844 339 diligentissime
857 291 1109 340 persequitur,ad
1124 292 1208 341 leges
1223 291 1425 327 mechanicas
1437 293 1537 340 exigit
1547 285 1581 329 Sc
1591 294 1685 327 vanis
1694 291 1801 340 figuris

411 340 571 386 exprimit.
590 340 675 374 Non
691 342 752 375 erit
765 339 905 377 alienum
919 339 961 375 ab
974 342 1117 377 instituto
1131 342 1238 377 nostro
1249 370 1260 384 ,
1272 339 1344 376 snex
1364 342 1401 374 iis
1414 352 1487 387 qua:
1508 340 1573 376 fuse
1593 353 1658 376 uno
1674 343 1754 376 item
1764 345 1800 378 δε

409 386 511 420 altero
521 386 689 423 volumine
704 389 892 437 complexus
903 390 999 433 est,&
1008 392 1215 439 geometricis
1228 389 1556 425 demonstrationibus
1565 389 1714 438 illigavit,
1725 401 1800 437 quoe

408 434 504 470 nobis
515 449 580 471 non
597 438 722 473 inutilia
731 439 928 475 videbuntur
939 468 949 483 ,
969 452 1263 488 excerpamuS,non
1275 439 1340 475 hoc
1349 449 1475 473 tantum
1485 441 1517 475 in
1528 438 1618 482 loco,
1629 437 1683 473 sed
1699 440 1798 478 etiam

406 482 592 533 ubicunque
601 485 663 523 sese
679 486 770 523 dabit
780 488 902 526 occasio
913 516 925 535 ‚
943 494 979 527 δε
994 489 1136 525 nostrum
1150 500 1284 537 quoque
1295 486 1504 524 adhibeamus
1525 488 1690 537 judicium.

956 587 989 624 C
1000 587 1029 622 A
1045 589 1070 624 Ρ
1081 587 1114 626 U
1127 589 1159 624 T
1193 589 1209 623 Ῑ
1226 591 1270 633 V.

577 684 633 718 De
643 683 802 731 struft'ura
817 684 857 721 ἀ
869 684 990 723 aeliane
1003 686 1210 734 musculorum
1222 697 1264 721 ex
1276 683 1462 734 ‘Alphonsb
1475 685 1610 721 Borello.

405 783 610 869 PRimt'im
621 783 755 832 quidem
767 784 856 832 quod
870 781 1084 820 musculorum
1094 784 1280 821 stru&uram
1291 784 1420 827 attinet,
1437 780 1519 818 nihil
1532 781 1654 818 neceffe
1668 782 1711 818 est
1722 786 1797 832 quae'

473 833 625 882 superiori
636 835 742 882 capite
753 832 823 869 sunt
832 833 989 883 explicata
999 845 1155 870 retexere.
1171 832 1352 869 Musculum
1363 843 1404 867 ex
1420 832 1565 875 tendine‚
1582 830 1772 868 membrana
1784 861 1797 876 ‚

396 894 500 917 carne
512 887 546 919 &
561 880 638 929 valis
651 884 756 917 omnis
766 886 891 931 generis
903 881 965 917 effe
974 881 1199 931 compositum,
1210 883 1376 918 tendinem
1389 880 1410 916 ὲ
1421 880 1591 929 ligamenti
1605 892 1719 917 natura
1729 894 1799 918 non

405 929 580 966 abhorrere
595 948 604 975 3
617 930 971 967 carnemmusculosam
991 929 1185 967 membrana
1196 943 1335 975 nemea,
1362 941 1415 965 aut
1433 928 1598 965 tendinosa
1615 931 1799 975 contineri;

404 982 438 1014 in
455 980 557 1027 plures
568 992 640 1015 earn
655 980 760 1014 diduci
777 979 946 1015 fasciculos
961 1008 970 1023 ,
984 982 1039 1026 qui
1049 979 1188 1015 formam
1206 979 1363 1029 prismatis
1388 977 1544 1027 oblongi,
1573 989 1630 1013 aut
1655 978 1800 1028 hexago-

402 1041 479 1063 nam
507 1040 563 1063 aut
586 1028 777 1075 quadratam
795 1057 805 1073 ,
827 1041 883 1064 aut
912 1027 1139 1076 triangularem
1160 1041 1217 1064 aut
1238 1028 1367 1063 alterius
1389 1025 1497 1075 figurae
1529 1039 1592 1074 prae
1617 1025 1649 1062 se
1678 1026 1797 1065 ferunt.

403 1076 530 1125 Singuli
551 1076 691 1112 fasciculi
710 1089 749 1111 ex
773 1077 916 1126 pluribus
942 1078 1085 1113 constant
1117 1076 1207 1112 fibris
1238 1079 1322 1112 inter
1344 1075 1374 1111 se
1394 1074 1552 1123 parallelis
1571 1104 1580 1119 ,
1597 1088 1668 1122 quae
1693 1079 1797 1112 tenaci

402 1125 529 1172 glutine
542 1124 758 1162 adhaerescunt
769 1126 955 1162 tendinibus
968 1155 978 1171 ‚
989 1137 1045 1161 aut
1059 1124 1257 1162 membranis
1269 1155 1280 1169 ,
1297 1137 1352 1160 aut
1362 1123 1480 1161 offibus
1493 1153 1503 1168 ,
1515 1136 1570 1159 aut
1586 1124 1655 1159 aliis
1671 1127 1796 1160 carneis

403 1174 504 1211 fibris,
520 1176 593 1210 Hos
606 1175 722 1210 itidem
736 1175 901 1211 fasciculos
918 1178 1093 1211 innumerae
1107 1175 1195 1211 fibtae
1206 1174 1382 1210 tendinosae
1394 1176 1426 1209 in
1438 1172 1644 1210 transversum
1655 1173 1793 1222 plerum-

402 1236 467 1271 que
476 1222 633 1271 colligant
645 1252 656 1267 ,
666 1236 705 1258 ex
714 1224 834 1271 quibus
847 1223 1045 1260 membranae
1057 1225 1242 1261 retiforrnes
1262 1229 1296 1261 &
1311 1221 1455 1259 nervosae
1477 1222 1540 1257 una
1553 1234 1627 1257 cum
1645 1221 1722 1257 vasis
1740 1235 1796 1258 ca-

401 1271 568 1320 pillaribus
588 1277 622 1308 &
637 1271 818 1321 sanguineis
832 1272 1028 1309 conflantur.
1049 1276 1106 1308 Eas
1118 1272 1179 1308 else
1197 1269 1348 1309 nervosas
1360 1301 1370 1315 ,
1395 1276 1428 1308 δι
1447 1270 1554 1307 firmas
1574 1270 1649 1307 hinc
1667 1270 1791 1319 liquet,

391 1321 490 1369 *quod
504 1321 586 1355 adeo
597 1319 658 1356 fint
672 1332 800 1357 tenaces
809 1327 844 1360 &
855 1324 938 1358 durae
950 1351 959 1366 ,
973 1334 1009 1357 ut
1024 1324 1079 1358 vix
1095 1334 1152 1357 acu
1166 1322 1317 1369 disrumpi
1330 1332 1462 1368 queant.

448 1383 482 1406 2.
496 1369 594 1404 Fibrae
605 1369 785 1406 musculosae
801 1383 960 1420 apparent
973 1372 1106 1419 quidem
1120 1371 1300 1420 sanguineae
1321 1383 1328 1404 :
1346 1369 1397 1404 sed
1418 1369 1517 1404 rubor
1529 1365 1583 1402 ille
1597 1366 1618 1404 ὲ
1635 1366 1686 1404 san
1711 1370 1793 1404 uinis

399 1419 519 1455 affluxu
541 1418 761 1467 proficiscitur.
795 1423 872 1457 Hoc
895 1423 982 1455 enim
1008 1432 1067 1455 ceu
1090 1419 1230 1469 spongiae
1247 1418 1424 1467 implentur
1448 1432 1456 1455 z
1479 1416 1554 1453 cum
1570 1428 1656 1464 aqua
1681 1381 1793 1465 igaepius

400 1469 519 1504 ablurae
537 1467 617 1503 fiant
633 1469 785 1514 candidae,
796 1483 861 1505 non
876 1468 1037 1505 diffirniles
1057 1468 1146 1504 fibris
1163 1467 1346 1505 tendinofis.
1373 1469 1460 1503 Hinc
1477 1476 1582 1516 tantas
1599 1469 1631 1501 in
1643 1465 1689 1500 his
1702 1466 1792 1501 fibris

400 1520 569 1553 tenacitas,
581 1518 658 1553 Post
667 1517 876 1554 elixationern
894 1517 983 1554 fibrae
995 1530 1117 1554 carnea:
1141 1519 1355 1553 intumescunt
1368 1545 1377 1559 ,
1403 1521 1436 1553 &
1449 1512 1660 1563 microscopio
1676 1514 1744 1550 visae
1755 1527 1793 1550 ut

401 1566 574 1616 cylindruli
593 1578 748 1615 apparent
759 1567 847 1616 pleni
862 1566 1030 1603 substantia
1041 1566 1219 1602 medullosa
1236 1581 1243 1603 :
1258 1567 1346 1602 unde
1360 1565 1498 1600 humore
1518 1562 1618 1601 affuso
1638 1562 1792 1599 inflantur

399 1617 497 1652 instar
512 1616 598 1651 funis
609 1617 739 1652 madidi.
756 1620 806 1651 1³.ae
814 1614 913 1666 porro
924 1614 1051 1652 fibrillae
1063 1628 1183 1651 carneae
1197 1616 1279 1650 adeo
1296 1626 1404 1650 tenues
1416 1612 1497 1658 sunt,
1507 1624 1541 1647 ut
1552 1611 1702 1660 capillum
1715 1625 1792 1648 mu-

402 1664 539 1700 liebrem
550 1667 603 1700 vix
611 1677 754 1712 aequent:
764 1665 929 1702 crassiores
943 1677 1053 1702 tamen
1063 1664 1134 1702 sunt
1149 1664 1226 1701 vafis
1247 1669 1281 1702 &
1299 1662 1440 1700 nervulis
1454 1661 1657 1712 capillaribus
1671 1661 1790 1709 quibus

398 1718 482 1750 inter
503 1711 533 1748 se
555 1714 736 1751 nestuntur.

441 1776 470 1806 3.
484 1761 614 1797 fibrillae
628 1763 807 1799 musculosae
821 1764 840 1800 *a
854 1776 948 1801 carne
966 1778 1032 1801 non
1048 1763 1210 1801 differunt.
1233 1763 1354 1810 Neque
1368 1763 1455 1797 enim
1473 1772 1550 1795 caro
1567 1760 1610 1795 est
1631 1759 1722 1794 instar
1741 1767 1793 1795 to-'

400 1814 500 1849 menti
513 1810 633 1855 villosi,
653 1813 740 1859 quod
754 1815 836 1848 circa
852 1814 948 1850 fibras
958 1813 1141 1850 tendinosas
1153 1825 1191 1848 ex
1210 1812 1360 1860 sanguine
1374 1808 1557 1846 concrescat
1575 1823 1583 1844 ε
1606 1820 1681 1843 nam
1698 1807 1787 1843 fibrae

399 1860 583 1898 musculot'ae
606 1873 679 1894 cum
705 1861 826 1896 fuerint
855 1862 972 1897 ablutae
982 1891 990 1904 ‚
1011 1862 1089 1898 fiunt
1107 1862 1258 1896 candidae.
1290 1863 1326 1895 In
1345 1860 1524 1894 extenuatis
1549 1858 1680 1903 quidem
1704 1856 1788 1892 fiunt

398 1909 530 1954 graciles
545 1938 554 1951 ‚
576 1907 664 1955 quod
675 1909 783 1943 succus
799 1913 879 1944 iniis
891 1910 1038 1954 deficiat,
1049 1923 1085 1944 ut
1097 1913 1127 1944 in
1142 1909 1226 1944 foliis
1236 1907 1387 1942 arborum
1397 1905 1555 1941 exsiccatis
1567 1934 1576 1948 ,
1590 1906 1664 1939 dum
1682 1903 1787 1940 succus

397 1951 488 1994 abest
501 1960 555 2003 qni
570 1957 749 2005 spongiosos
764 1957 922 2006 implebat
935 1961 1100 1993 cavitates.
1117 1961 1151 1992 ln
1173 1957 1233 1991 hoc
1248 1955 1327 1992 vero
1345 1956 1365 1991 a
1382 1952 1554 1991 tendinofis
1567 1952 1656 1988 fibris
1670 1952 1787 1989 discre-

397 2019 475 2058 pant
489 2035 498 2049 ,
511 2007 595 2053 quod
609 2005 756 2053 sanguiue
772 2013 805 2043 &
817 2006 909 2041 succo
920 2020 1043 2042 nerveo
1057 2006 1179 2054 semper
1190 2006 1339 2040 madeant
1350 2034 1360 2048 ‚
1372 2017 1441 2039 vnon
1462 2015 1542 2038 item
1569 2001 1752 2043 tendinosae.

434 2072 466 2105 4.
483 2056 584 2089 Variae
599 2052 668 2089 sunt
684 2053 897 2090 musculorum
919 2055 1024 2104 figurae
1040 2067 1152 2104 praeter
1163 2067 1214 2089 eas
1225 2066 1303 2100 quas
1318 2052 1486 2089 attulimus.
1506 2054 1594 2089 Nam
1608 2054 1638 2086 in
1655 2050 1787 2099 quibus-

396 2108 470 2142 dam
481 2103 567 2139 fibtae
577 2102 645 2137 sunt
660 2103 824 2139 decullhtae
838 2133 847 2147 ‚
863 2107 895 2139 in
908 2105 978 2139 aliis
993 2104 1179 2153 sparguntur
1189 2105 1221 2141 in
1234 2101 1361 2147 orbem,
1376 2104 1408 2138 in
1420 2100 1582 2137 nonnullis
1597 2099 1665 2136 sunt
1678 2102 1786 2136 radio-

396 2157 434 2191 sa:
444 2185 453 2199 ,
463 2155 558 2189 autin
570 2164 681 2200 pennae
691 2152 830 2187 formam
842 2154 907 2201 dig<
919 2155 982 2190 stae.

437 2218 470 2250 5.
491 2201 583 2237 fibra
593 2200 744 2247 quaelibet
759 2200 935 2237 musculosa
953 2202 1060 2237 similis
1075 2202 1118 2237 est
1130 2212 1250 2236 catenae
1274 2213 1312 2235 ex
1337 2199 1480 2249 pluribus
1493 2198 1676 2242 mombis,
1694 2198 1787 2234 v.Io-‘

394 2259 529 2301 Zanges,
541 2249 736 2296 conipofitae.
750 2252 802 2285 sic
816 2253 902 2285 enim
916 2252 1061 2287 contrahi
1075 2249 1204 2299 poffunt
1220 2254 1254 2286 δέ
1275 2249 1389 2284 diduci.
1406 2251 1525 2294 Neque
1540 2250 1686 2283 omnium
1707 2258 1784 2295 par-

397 2295 476 2337 tium
485 2300 665 2335 conti-aetio
678 2298 746 2333 fieti
759 2300 865 2347 potest
875 2302 952 2334 citra
966 2313 1037 2334 eam
1049 2300 1139 2334 velut
1149 2298 1328 2334 rhomborfi
1337 2298 1444 2332 seriem
1455 2299 1784 2342 continuatamsQi-iq-

398 2350 477 2385 libet
493 2352 589 2396 igitur
605 2347 686 2382 fibra
698 2347 807 2383 similis
823 2349 867 2383 est
881 2361 1003 2384 catenae
1018 2361 1056 2383 ex
1070 2351 1108 2383 iis
1127 2347 1316 2383 mach-inuiis
1335 2346 1516 2393 compositae
1535 2376 1543 2388 ,
1567 2345 1681 2393 quibus
1705 2344 1785 2378 dila-

398 2402 469 2434 tatis
480 2397 567 2432 simul
578 2395 667 2433 fibrae
685 2398 925 2436 contrahuntur.
938 2400 1027 2435 Hinc
1038 2400 1191 2435 cavitates
1203 2396 1457 2434 machinulatum
1467 2397 1605 2432 minores
1623 2392 1691 2430 sunt
1702 2391 1785 2434 ctas«,
