1878 2724
61 188 128 214 tam
147 174 262 213 fibram
281 172 538 212 membranosam
555 174 734 210 contrahat.
758 175 846 209 Cum
859 176 948 208 enim
959 169 1212 208 innumerabiles
1230 168 1310 206 fiunt
1323 135 1440 207 duag-

45 226 204 262 ‚tiunculae
212 227 247 260 in
267 225 404 274 angustis
422 223 564 274 spatiolis
576 253 586 266 ,
601 222 682 258 fibra
694 225 819 270 integra
829 251 840 266 ,
854 224 921 256 imo
935 227 970 259 &
985 219 1139 255 musculus
1158 219 1296 256 multum
1310 232 1440 256 contra..

47 275 151 311 —hitur.
169 277 234 310 Seu
248 275 386 322 denique
400 276 435 309 in
456 284 495 308 ea
511 285 609 320 quam
629 270 718 320 supra
739 284 779 306 ex
800 274 845 304 D.
866 272 1020 306 Perrault
1041 269 1242 317 exposuimus
1269 268 1439 318 hypothefi

43 335 302 373 -permaneamus
314 352 323 367 ‚
340 322 436 358 fibras
447 324 598 358 nimirum
617 319 878 355 membranarum
894 349 904 362 ‚
919 331 954 354 ut
971 318 1183 355 musculorum
1202 319 1319 353 idcirco
1332 330 1440 362 acere,

42 373 144 420 -quod
164 372 351 408 naturaliter
364 371 422 407 {int
431 370 526 408 tensae
538 398 548 413 ,
558 381 641 418 pene
651 381 686 404 ut
699 369 861 404 testudinis
872 368 950 403 fides
962 384 971 411 3
986 380 1045 402 nec
1066 367 1151 401 aliud
1165 368 1323 415 quiddam
1346 348 1439 415 ffuri-

1 441 3 443 ·
43 432 107 457 rus
123 420 268 465 efficere,
284 434 381 468 quam
391 421 480 468 quod
493 417 631 467 oppositi
644 417 772 453 musculi
783 416 879 453 fibras
896 417 1040 452 relaxent
1051 445 1062 459 ,
1081 428 1191 463 neque
1206 417 1291 451 adeo
1312 427 1440 451 motum

41 468 154 505 >nifiex
163 469 326 506 occafione
337 470 563 518 producantxut
573 479 646 502 cum
657 467 734 501 laxis
745 466 882 502 habenis
895 478 995 514 equus
1010 466 1051 499 ad
1061 465 1183 500 cursum
1194 465 1440 500 incitatunadeo

55 530 90 554 ut
108 518 172 554 sola
186 531 219 554 vi
236 519 376 562 elastica,
390 529 443 552 aut
454 516 590 552 naturali
605 515 754 551 fibrarum
769 514 909 552 tensione
926 526 1035 550 motus
1049 513 1105 549 ille
1128 516 1161 550 in
1178 511 1371 563 oesophago,
1389 515 1440 549 in.

42 567 180 604 ,testinis
191 573 224 605 &
233 569 358 602 arteriis
376 579 417 602 eo
427 579 495 614 quo
511 566 645 600 diximus
661 565 761 600 modo
771 593 781 609 ,
794 563 989 614 perficiatur.

38 634 55 645 ’-
94 618 203 664 Atque
223 616 379 665 ejusmodi
404 614 586 663 complures
615 625 724 650 motus
755 626 793 648 ea
821 615 948 648 ratione
983 611 1052 647 fieri
1083 614 1118 647 in
1144 609 1365 646 animantibus
1393 612 1440 645 vi-

40 665 176 702 ·dentur.
202 667 282 701 Non
304 667 392 700 enim
412 663 634 712 cartilagines,
648 674 686 698 ut
701 661 764 698 nafi
779 662 1034 700 &auricularum
1047 660 1193 695 adduaae
1204 659 1268 694 alia
1285 661 1319 693 vi
1339 670 1440 706 quam

39 712 183 748 -elastica
197 714 301 748 statim
314 713 518 750 reducuntur.
539 713 627 747 Cum
636 723 692 760 per
715 711 804 761 laryn
831 723 884 746 em
903 713 938 746 in
956 710 1164 758 oesophagum
1190 707 1339 743 traducto
1363 706 1440 742 cibo

39 762 217 811 -epiglottis
237 763 442 810 deprimitur,
456 773 495 796 ea
504 761 608 796 statim
634 760 738 796 visua
755 725 884 796 elaffiica
901 762 1035 808 erigitur
1048 776 1058 802 ;
1071 771 1145 793 cum
1168 758 1280 793 leones
1299 761 1333 794 δε
1357 755 1440 791 feles

38 811 300 860 -progrediuntur
313 839 322 854 ,
334 822 454 860 ungues
464 809 619 845 attollunt
630 837 640 853 ,
659 820 701 844 ne
716 807 775 844 sint
796 809 1036 857 impedimento
1048 835 1058 850 ‚
1078 807 1112 841 id
1130 809 1247 854 utique
1265 804 1437 853 ligamenti

35 871 115 908 -ope
129 858 295 906 perficitur
304 887 314 902 ‚
325 860 411 906 quod
424 861 457 893 vi
469 858 519 893 sua
535 857 662 892 elastica
672 862 707 894 &
717 857 850 893 musculi
860 855 1035 892 extensoris
1047 858 1080 890 vi
1091 867 1211 904 ungues
1223 857 1308 889 inter
1319 854 1438 902 digitos

50 908 183 945 attollit.
201 908 286 943 Cum
304 907 514 956 diaphraoma
524 904 702 954 depreffum
718 909 862 956 erigitur,
872 906 904 940 id
917 905 1002 940 forte
1014 904 1193 940 mediastini
1207 900 1373 938 beneficio
1387 901 1438 936 ef-

51 955 172 1000 ficitur,
189 956 278 1004 quod
288 956 423 991 elaterio
438 937 496 991 ’fao
509 953 688 1003 depressum
702 955 911 1004 diaphragma
933 956 1040 1002 erigit.
1063 956 1187 988 Verum
1199 952 1240 987 de
1258 952 1307 987 his
1324 952 1436 999 proxi-

36 1026 43 1031 ·
52 1017 108 1039 mo
125 1006 263 1040 traetatu
274 1003 369 1039 fufius
383 1005 554 1039 dicendum
564 1003 608 1037 est
620 1017 630 1039 ι
642 1005 752 1052 Atque
762 1003 819 1040 ubi
829 1005 869 1040 de
881 1014 975 1039 motu
987 1002 1091 1037 cordis
1102 1013 1247 1051 agemus»,
1260 1000 1322 1036 hoc
1338 1011 1434 1047 argu-

34 1064 196 1090 -mentum
220 1053 318 1101 paulo
345 1051 474 1090 uberius
494 1050 696 1089 tractabitur.

451 1150 732 1187 DISSERT
755 1149 784 1184 A
810 1150 919 1184 TIO
959 1149 1038 1184 111.

375 1250 430 1282 De
435 1247 577 1296 finfibns
591 1250 731 1282 externis
746 1274 756 1290 ,
773 1246 812 1282 ό·
831 1256 936 1279 eorum
960 1246 1101 1297 organis.

33 1357 35 1359 ’
53 1344 241 1428 SEnfiium
266 1347 460 1380 exteriorum
481 1358 600 1395 organa
618 1351 652 1382 &
665 1344 848 1380 functiones
873 1343 1014 1390 primum
1035 1339 1152 1375 leviter
1172 1338 1431 1389 perstringemus,

31 1405 35 1407 ’
111 1405 178 1429 tum
195 1407 307 1429 eorum
316 1393 444 1441 objecta
456 1393 641 1443 diligentius
651 1392 812 1441 explicare
827 1389 1035 1432 conabimur,
1055 1390 1144 1436 quod
1167 1400 1364 1438 organorum
1373 1401 1429 1423 ac-

48 1453 157 1476 curata
169 1442 404 1490 contemplatio
412 1444 511 1491 magis
527 1443 567 1477 ad
584 1443 733 1478 Medicos
751 1451 850 1489 quarn
867 1439 907 1473 ad
920 1437 1133 1486 Philosophus
1147 1440 1311 1486 pertinere
1321 1439 1431 1472 videa-

32 1501 101 1524 ..ωε
117 1503 125 1525 t
139 1490 188 1525 sed
198 1492 337 1526 nostrum
359 1492 403 1526 cst
421 1493 455 1526 in
471 1490 644 1538 qualitates
669 1489 749 1538 ipsas
766 1500 836 1538 quae
851 1486 953 1523 sensus
975 1486 1096 1522 feriunt
1109 1515 1120 1531 ‚
1136 1486 1234 1536 paulo
1251 1487 1428 1521 accuratius

42 1551 147 1586 quam
164 1539 233 1575 fieri
251 1539 350 1583 solet,
367 1541 538 1587 inquirere.
1041 1542 1044 1554 ³
1135 1541 1139 1545 ’

441 1636 690 1673 CAPUT
748 1635 1036 1691 PRIMUM.

325 1759 329 1762 ,
496 1734 552 1767 De
565 1733 674 1771 talla,
693 1731 733 1767 <ff
749 1732 838 1766 illius
855 1738 982 1781 organo.
1024 1744 1030 1784 j
1058 1734 1081 1745 “’

24 1853 30 1858 -
147 1833 280 1877 Uinque
304 1829 401 1877 vulgo
427 1829 753 1865 mimerauturseusus
770 1830 945 1864 exteriores
965 1821 1305 1864 omuibuk‘motiffimi'}
1320 1838 1425 1876 neque

25 1906 28 1911 .
148 1879 212 1914 ulla
227 1880 270 1913 cst
289 1881 370 1913 ratio
384 1890 456 1925 quae
474 1891 533 1913 nos
550 1879 570 1914 ὲ
585 1876 803 1927 receptiffima¹
820 1879 978 1926 opinione
997 1882 1095 1926 'degit
1115 1876 1275 1913 recedere.
1295 1878 1425 1912 Horum

47 1929 165 1974 primus
175 1928 218 1961 est
229 1928 331 1961 merus
342 1956 351 1969 ,
367 1929 423 1972 qui
434 1928 475 1961 ad
494 1927 627 1963 tutelam
643 1927 787 1964 animalis
796 1920 1002 1962 maffimeest
1010 1925 1199 1961 'rieceffirim
1211 1954 1223 1968 ,
1236 1930 1270 1961 δ(
1286 1935 1342 1975 per
1352 1937 1425 1960 cor.-

23 2009 25 2012 ,
48 1987 105 2023 pus
125 1975 305 2009 universum
324 1974 530 2010 diffunditur:
544 1984 728 2023 quanquam
744 1979 784 2011 in·
795 1978 921 2011 extima·
928 1984 1001 2010 cute
1015 1977 1039 2009 is
1049 1977 1140 2023 viget
1150 1977 1342 2018 maxime‚ut
1353 1986 1424 2008 cor-

24 2054 27 2056 .
47 2036 163 2071 porum
179 2035 249 2070 quae
259 2025 458 2070 circumjeEka
480 2023 550 2058 sunt
573 2050 583 2066 ,
603 2023 822 2070 impreffiones
847 2025 1007 2072 excipiam·
1022 2022 1291 2059 Modificatie'ffies
1309 2034 1426 2069 corpo.

29 2099 33 2102 .
49 2084 117 2106 rum
129 2100 139 2114 ‚
166 2083 202 2106 ut
237 2072 377 2106 calorem
388 2100 397 2114 ‚
428 2071 525 2119 frigus
541 2100 550 2114 ‚
581 2072 734 2108 duritiem
746 2100 757 2116 ‚
770 2071 987 2116 fluiditatem,
1010 2077 1044 2109 δε
1057 2070 1344 2107 αἲξεις·εἰΗ-ἓᾶἱὸηεε
1359 2100 1367 2113 ,
1382 2070 1425 2103 de

47 2119 162 2166 quibus
173 2132 207 2155 m
220 2120 349 2169 Physica
360 2122 502 2167 generali
521 2121 655 2154 diximus
668 2122 774 2164 ‚rastri
785 2121 889 2169 judice
907 2119 1062 2156 habemus
1079 2120 1259 2169 explor-frtas
1275 2137 1284 2163 3
1299 2132 1335 2153 ac
1353 2129 1422 2152 cer-

23 2172 110 2204 „tius
128 2181 166 2203 ex
185 2181 226 2203 eo
243 2168 278 2204 fit
296 2170 448 2218 judicium
467 2197 476 2211 ‚
500 2181 595 2216 quam
612 2180 650 2204 ex
663 2169 732 2204 aliis
746 2167 900 2214 sensibusg
918 2170 958 2204 de
976 2181 1114 2217 quorum
1129 2168 1193 2204 fid‘e
1210 2181 1281 2203 cum
1293 2167 1422 2201 dubita-

47 2230 114 2252 mus
128 2247 138 2261 ,
150 2219 272 2253 mirum
291 2231 324 2253 ut
336 2216 517 2253 fidiffimum
528 2217 768 2265 exploratorem
781 2217 917 2253 solemus
930 2218 1095 2254 adhibete.
1112 2219 1196 2253 Cum
1214 2227 1322 2250 autem
1339 2220 1421 2263 'prae-

46 2268 172 2314 cipuum
184 2269 286 2302 ruilus
304 2279 459 2315 organum
479 2265 602 2301 {itcuu's
618 2270 737 2301 extima
747 2296 756 2310 ‚
771 2267 812 2301 de
831 2267 913 2303 illius
924 2268 1071 2302 struetura
1084 2275 1242 2315 perpauca
1255 2264 1396 2299 dicamus
1407 2292 1420 2307 ,

22 2335 25 2337 >
47 2320 81 2352 δε
93 2328 129 2348 ea
145 2319 284 2350 nnxime
302 2328 371 2363 quae
389 2318 603 2350 recentiorum
616 2315 763 2350 industria
773 2315 843 2351 sunt
854 2315 1030 2363 explorata.
1219 2330 1222 2332 ⁷
1282 2323 1286 2329 “

20 2380 27 2390 ·
81 2365 199 2400 Tactus
210 2378 363 2415 organum
377 2363 429 2402 vel
443 2367 477 2400 in
498 2362 647 2413 cuteipfia
659 2362 793 2412 politum
805 2365 849 2400 est
862 2393 874 2409 ,
893 2377 967 2400 cum
983 2376 1020 2398 ea
1032 2362 1068 2400 sit
1090 2373 1157 2399 rota
1178 2361 1248 2396 fere
1264 2359 1420 2407 nervosa;

1145 2414 1174 2447 Z
1185 2425 1202 2447 z
1212 2424 1230 2445 z
1255 2412 1284 2457 iij
