<?xml version="1.0" encoding="UTF-8"?>
<!DOCTYPE html PUBLIC "-//W3C//DTD XHTML 1.0 Transitional//EN"
    "http://www.w3.org/TR/xhtml1/DTD/xhtml1-transitional.dtd">
<html xmlns="http://www.w3.org/1999/xhtml" xml:lang="en" lang="en">
 <head>
  <title>
</title>
<meta http-equiv="Content-Type" content="text/html;charset=utf-8" />
  <meta name='ocr-system' content='tesseract 3.04.00' />
  <meta name='ocr-capabilities' content='ocr_page ocr_carea ocr_par ocr_line ocrx_word'/>
</head>
<body>
  <div class='ocr_page' id='page_1' title='image "./philosophiavetus02duhauoft_0119.png"; bbox 0 0 1878 2724; ppageno 0'>
   <div class='ocr_carea' id='block_1_1' title="bbox 106 131 1505 2487">
    <p class='ocr_par' dir='ltr' id='par_1_1' title="bbox 107 131 1502 669">
     <span class='ocr_line' id='line_1_1' title="bbox 429 131 1499 182; baseline 0.002 -8"><span class='ocrx_word' id='word_1_1' title='bbox 429 131 788 174; x_wconf 61' lang='lat' dir='ltr'>TRRCTATUS</span> <span class='ocrx_word' id='word_1_2' title='bbox 840 133 1164 175; x_wconf 82' lang='lat' dir='ltr'>SECUNDUS.</span> <span class='ocrx_word' id='word_1_3' title='bbox 1439 148 1499 182; x_wconf 73' lang='lat'>107</span> 
     </span>
     <span class='ocr_line' id='line_1_2' title="bbox 111 184 1498 237; baseline 0 -13"><span class='ocrx_word' id='word_1_4' title='bbox 111 185 159 224; x_wconf 86' lang='lat' dir='ltr'>tio</span> <span class='ocrx_word' id='word_1_5' title='bbox 170 184 332 237; x_wconf 80' lang='lat' dir='ltr'>principii,</span> <span class='ocrx_word' id='word_1_6' title='bbox 342 185 373 221; x_wconf 88' lang='lat' dir='ltr'>id</span> <span class='ocrx_word' id='word_1_7' title='bbox 388 196 546 234; x_wconf 76' lang='lat' dir='ltr'><strong>tanquam</strong></span> <span class='ocrx_word' id='word_1_8' title='bbox 556 185 765 221; x_wconf 78' lang='lat' dir='ltr'>manifestum</span> <span class='ocrx_word' id='word_1_9' title='bbox 774 185 804 221; x_wconf 92' lang='lat' dir='ltr'>su</span> <span class='ocrx_word' id='word_1_10' title='bbox 829 198 951 235; x_wconf 88' lang='lat' dir='ltr'>ponere</span> <span class='ocrx_word' id='word_1_11' title='bbox 960 216 971 231; x_wconf 93' lang='lat'>,</span> <span class='ocrx_word' id='word_1_12' title='bbox 991 187 1032 221; x_wconf 85' lang='lat' dir='ltr'>de</span> <span class='ocrx_word' id='word_1_13' title='bbox 1045 199 1112 234; x_wconf 90' lang='lat' dir='ltr'>quo</span> <span class='ocrx_word' id='word_1_14' title='bbox 1125 186 1254 234; x_wconf 83' lang='lat' dir='ltr'>quaestio</span> <span class='ocrx_word' id='word_1_15' title='bbox 1268 185 1333 236; x_wconf 83' lang='lat' dir='ltr'>ipsa</span> <span class='ocrx_word' id='word_1_16' title='bbox 1348 190 1498 224; x_wconf 83' lang='lat' dir='ltr'>vertitur.</span> 
     </span>
     <span class='ocr_line' id='line_1_3' title="bbox 157 198 1499 284; baseline 0.001 -14"><span class='ocrx_word' id='word_1_17' title='bbox 157 252 182 282; x_wconf 84' lang='lat'>3-</span> <span class='ocrx_word' id='word_1_18' title='bbox 195 234 331 275; x_wconf 82' lang='lat' dir='ltr'>Probari</span> <span class='ocrx_word' id='word_1_19' title='bbox 344 236 450 284; x_wconf 84' lang='lat' dir='ltr'>potest</span> <span class='ocrx_word' id='word_1_20' title='bbox 462 233 623 271; x_wconf 80' lang='lat' dir='ltr'>conclusio</span> <span class='ocrx_word' id='word_1_21' title='bbox 635 248 673 270; x_wconf 84' lang='lat' dir='ltr'>ex</span> <span class='ocrx_word' id='word_1_22' title='bbox 685 236 780 271; x_wconf 82' lang='lat' dir='ltr'>variis</span> <span class='ocrx_word' id='word_1_23' title='bbox 793 198 935 270; x_wconf 48' lang='lat' dir='ltr'>absurdis</span> <span class='ocrx_word' id='word_1_24' title='bbox 951 265 961 280; x_wconf 92' lang='lat'>‚</span> <span class='ocrx_word' id='word_1_25' title='bbox 976 248 1048 283; x_wconf 85' lang='lat' dir='ltr'>quae</span> <span class='ocrx_word' id='word_1_26' title='bbox 1071 237 1153 271; x_wconf 88' lang='lat' dir='ltr'>hanc</span> <span class='ocrx_word' id='word_1_27' title='bbox 1177 235 1370 272; x_wconf 84' lang='lat' dir='ltr'>sententiam</span> <span class='ocrx_word' id='word_1_28' title='bbox 1389 236 1499 272; x_wconf 84' lang='lat' dir='ltr'>conse-</span> 
     </span>
     <span class='ocr_line' id='line_1_4' title="bbox 110 284 1500 333; baseline -0.003 -12"><span class='ocrx_word' id='word_1_29' title='bbox 110 295 260 333; x_wconf 85' lang='lat' dir='ltr'>quuntur.</span> <span class='ocrx_word' id='word_1_30' title='bbox 275 287 420 321; x_wconf 73' lang='lat' dir='ltr'>Primum</span> <span class='ocrx_word' id='word_1_31' title='bbox 439 287 528 320; x_wconf 85' lang='lat' dir='ltr'>enim</span> <span class='ocrx_word' id='word_1_32' title='bbox 542 287 613 332; x_wconf 83' lang='lat' dir='ltr'>quis</span> <span class='ocrx_word' id='word_1_33' title='bbox 623 285 733 319; x_wconf 82' lang='lat' dir='ltr'>credar</span> <span class='ocrx_word' id='word_1_34' title='bbox 746 284 867 333; x_wconf 85' lang='lat' dir='ltr'>pedem</span> <span class='ocrx_word' id='word_1_35' title='bbox 884 287 986 329; x_wconf 78' lang='lat' dir='ltr'>acati,</span> <span class='ocrx_word' id='word_1_36' title='bbox 1007 299 1041 321; x_wconf 75' lang='lat' dir='ltr'>v.</span> <span class='ocrx_word' id='word_1_37' title='bbox 1063 298 1107 319; x_wconf 88' lang='lat' dir='ltr'>un</span> <span class='ocrx_word' id='word_1_38' title='bbox 1119 298 1214 332; x_wconf 64' lang='lat' dir='ltr'>tyron</span> <span class='ocrx_word' id='word_1_39' title='bbox 1232 314 1242 328; x_wconf 92' lang='lat'>,</span> <span class='ocrx_word' id='word_1_40' title='bbox 1263 284 1318 320; x_wconf 84' lang='lat' dir='ltr'>vel</span> <span class='ocrx_word' id='word_1_41' title='bbox 1329 284 1500 322; x_wconf 82' lang='lat' dir='ltr'>minutisfi-</span> 
     </span>
     <span class='ocr_line' id='line_1_5' title="bbox 110 332 1500 382; baseline 0.001 -13"><span class='ocrx_word' id='word_1_42' title='bbox 110 346 173 369; x_wconf 85' lang='lat' dir='ltr'>mae</span> <span class='ocrx_word' id='word_1_43' title='bbox 185 334 322 369; x_wconf 74' lang='lat' dir='ltr'>arenulae</span> <span class='ocrx_word' id='word_1_44' title='bbox 335 345 468 382; x_wconf 87' lang='lat' dir='ltr'>granum</span> <span class='ocrx_word' id='word_1_45' title='bbox 485 333 523 368; x_wconf 82' lang='lat' dir='ltr'>fic</span> <span class='ocrx_word' id='word_1_46' title='bbox 541 345 600 382; x_wconf 83' lang='lat' dir='ltr'>per</span> <span class='ocrx_word' id='word_1_47' title='bbox 611 345 714 369; x_wconf 85' lang='lat' dir='ltr'>totam</span> <span class='ocrx_word' id='word_1_48' title='bbox 727 336 945 369; x_wconf 71' lang='lat' dir='ltr'>aeternitatem</span> <span class='ocrx_word' id='word_1_49' title='bbox 955 333 1052 369; x_wconf 79' lang='lat' dir='ltr'>secari</span> <span class='ocrx_word' id='word_1_50' title='bbox 1064 332 1205 382; x_wconf 83' lang='lat' dir='ltr'>posse,ut</span> <span class='ocrx_word' id='word_1_51' title='bbox 1213 345 1320 382; x_wconf 86' lang='lat' dir='ltr'>partes</span> <span class='ocrx_word' id='word_1_52' title='bbox 1337 333 1400 369; x_wconf 84' lang='lat' dir='ltr'>illae</span> <span class='ocrx_word' id='word_1_53' title='bbox 1417 348 1500 371; x_wconf 89' lang='lat' dir='ltr'>nun-</span> 
     </span>
     <span class='ocr_line' id='line_1_6' title="bbox 108 381 1499 432; baseline 0.001 -14"><span class='ocrx_word' id='word_1_54' title='bbox 108 395 210 431; x_wconf 86' lang='lat' dir='ltr'>quam</span> <span class='ocrx_word' id='word_1_55' title='bbox 219 382 454 420; x_wconf 78' lang='lat' dir='ltr'>exhauriantur</span> <span class='ocrx_word' id='word_1_56' title='bbox 473 397 479 416; x_wconf 92' lang='lat'>:</span> <span class='ocrx_word' id='word_1_57' title='bbox 507 381 561 417; x_wconf 84' lang='lat' dir='ltr'>sed</span> <span class='ocrx_word' id='word_1_58' title='bbox 578 382 685 432; x_wconf 85' lang='lat' dir='ltr'>plures</span> <span class='ocrx_word' id='word_1_59' title='bbox 700 396 738 419; x_wconf 75' lang='lat' dir='ltr'>ex</span> <span class='ocrx_word' id='word_1_60' title='bbox 755 385 910 419; x_wconf 75' lang='lat' dir='ltr'>cont‘nua</span> <span class='ocrx_word' id='word_1_61' title='bbox 939 382 1094 419; x_wconf 82' lang='lat' dir='ltr'>divisione</span> <span class='ocrx_word' id='word_1_62' title='bbox 1119 383 1300 431; x_wconf 82' lang='lat' dir='ltr'>prodeant,</span> <span class='ocrx_word' id='word_1_63' title='bbox 1318 395 1420 431; x_wconf 88' lang='lat' dir='ltr'>quam</span> <span class='ocrx_word' id='word_1_64' title='bbox 1438 382 1499 419; x_wconf 78' lang='lat' dir='ltr'>{int</span> 
     </span>
     <span class='ocr_line' id='line_1_7' title="bbox 109 431 1501 482; baseline 0.002 -16"><span class='ocrx_word' id='word_1_65' title='bbox 109 443 215 468; x_wconf 68' lang='lat' dir='ltr'>arente</span> <span class='ocrx_word' id='word_1_66' title='bbox 228 444 327 482; x_wconf 87' lang='lat' dir='ltr'>grana</span> <span class='ocrx_word' id='word_1_67' title='bbox 343 434 378 467; x_wconf 86' lang='lat' dir='ltr'>in</span> <span class='ocrx_word' id='word_1_68' title='bbox 395 443 468 466; x_wconf 87' lang='lat' dir='ltr'>toto</span> <span class='ocrx_word' id='word_1_69' title='bbox 481 443 604 466; x_wconf 89' lang='lat' dir='ltr'>oceano</span> <span class='ocrx_word' id='word_1_70' title='bbox 619 447 627 468; x_wconf 96' lang='lat'><strong>:</strong></span> <span class='ocrx_word' id='word_1_71' title='bbox 652 445 721 466; x_wconf 74' lang='lat' dir='ltr'>imo</span> <span class='ocrx_word' id='word_1_72' title='bbox 741 432 907 480; x_wconf 85' lang='lat' dir='ltr'>plusquam</span> <span class='ocrx_word' id='word_1_73' title='bbox 927 444 1032 468; x_wconf 83' lang='lat' dir='ltr'>totum</span> <span class='ocrx_word' id='word_1_74' title='bbox 1055 431 1238 467; x_wconf 76' lang='lat' dir='ltr'>univeisum</span> <span class='ocrx_word' id='word_1_75' title='bbox 1256 444 1372 480; x_wconf 83' lang='lat' dir='ltr'>capere</span> <span class='ocrx_word' id='word_1_76' title='bbox 1395 432 1501 480; x_wconf 86' lang='lat' dir='ltr'>poffit.</span> 
     </span>
     <span class='ocr_line' id='line_1_8' title="bbox 109 478 1501 530; baseline -0.001 -13"><span class='ocrx_word' id='word_1_77' title='bbox 109 482 165 517; x_wconf 80' lang='lat' dir='ltr'>sic</span> <span class='ocrx_word' id='word_1_78' title='bbox 174 494 237 518; x_wconf 92' lang='lat' dir='ltr'>una</span> <span class='ocrx_word' id='word_1_79' title='bbox 254 478 381 523; x_wconf 75' lang='lat' dir='ltr'>tessera,</span> <span class='ocrx_word' id='word_1_80' title='bbox 404 493 468 528; x_wconf 87' lang='lat' dir='ltr'>qua</span> <span class='ocrx_word' id='word_1_81' title='bbox 480 479 584 515; x_wconf 87' lang='lat' dir='ltr'>solent</span> <span class='ocrx_word' id='word_1_82' title='bbox 602 480 734 524; x_wconf 85' lang='lat' dir='ltr'>ludere,</span> <span class='ocrx_word' id='word_1_83' title='bbox 750 483 783 516; x_wconf 87' lang='lat' dir='ltr'>in</span> <span class='ocrx_word' id='word_1_84' title='bbox 800 492 850 515; x_wconf 88' lang='lat' dir='ltr'>rot</span> <span class='ocrx_word' id='word_1_85' title='bbox 870 481 1004 525; x_wconf 85' lang='lat' dir='ltr'>foliola,</span> <span class='ocrx_word' id='word_1_86' title='bbox 1021 480 1073 516; x_wconf 91' lang='lat' dir='ltr'>seu</span> <span class='ocrx_word' id='word_1_87' title='bbox 1091 491 1198 530; x_wconf 83' lang='lat' dir='ltr'>partes</span> <span class='ocrx_word' id='word_1_88' title='bbox 1212 482 1386 528; x_wconf 80' lang='lat' dir='ltr'>quadratas</span> <span class='ocrx_word' id='word_1_89' title='bbox 1402 480 1501 516; x_wconf 88' lang='lat' dir='ltr'>secari</span> 
     </span>
     <span class='ocr_line' id='line_1_9' title="bbox 107 526 1502 578; baseline -0.001 -14"><span class='ocrx_word' id='word_1_90' title='bbox 107 532 233 578; x_wconf 81' lang='lat' dir='ltr'>poter-it</span> <span class='ocrx_word' id='word_1_91' title='bbox 246 558 256 573; x_wconf 91' lang='lat'>,</span> <span class='ocrx_word' id='word_1_92' title='bbox 282 541 364 576; x_wconf 88' lang='lat' dir='ltr'>quot</span> <span class='ocrx_word' id='word_1_93' title='bbox 379 541 534 564; x_wconf 86' lang='lat' dir='ltr'>terrarum</span> <span class='ocrx_word' id='word_1_94' title='bbox 545 527 649 576; x_wconf 83' lang='lat' dir='ltr'>globo</span> <span class='ocrx_word' id='word_1_95' title='bbox 662 529 804 576; x_wconf 84' lang='lat' dir='ltr'>tegendo</span> <span class='ocrx_word' id='word_1_96' title='bbox 820 526 986 565; x_wconf 86' lang='lat' dir='ltr'>sufficiant.</span> <span class='ocrx_word' id='word_1_97' title='bbox 999 531 1129 565; x_wconf 80' lang='lat' dir='ltr'><strong>Deinde</strong></span> <span class='ocrx_word' id='word_1_98' title='bbox 1143 531 1259 565; x_wconf 89' lang='lat' dir='ltr'>mirum</span> <span class='ocrx_word' id='word_1_99' title='bbox 1274 532 1374 564; x_wconf 86' lang='lat' dir='ltr'>etiam</span> <span class='ocrx_word' id='word_1_100' title='bbox 1397 531 1428 564; x_wconf 90' lang='lat' dir='ltr'>id</span> <span class='ocrx_word' id='word_1_101' title='bbox 1450 533 1502 565; x_wconf 79' lang='lat' dir='ltr'>vi-</span> 
     </span>
     <span class='ocr_line' id='line_1_10' title="bbox 109 577 1502 627; baseline 0.001 -14"><span class='ocrx_word' id='word_1_102' title='bbox 109 579 206 614; x_wconf 81' lang='lat' dir='ltr'>detur</span> <span class='ocrx_word' id='word_1_103' title='bbox 221 577 382 622; x_wconf 84' lang='lat' dir='ltr'>,infinitas</span> <span class='ocrx_word' id='word_1_104' title='bbox 398 579 473 613; x_wconf 66' lang='lat' dir='ltr'>actu</span> <span class='ocrx_word' id='word_1_105' title='bbox 486 588 594 625; x_wconf 79' lang='lat' dir='ltr'>partes</span> <span class='ocrx_word' id='word_1_106' title='bbox 602 578 636 612; x_wconf 88' lang='lat' dir='ltr'>in</span> <span class='ocrx_word' id='word_1_107' title='bbox 649 579 806 612; x_wconf 83' lang='lat' dir='ltr'>continuo</span> <span class='ocrx_word' id='word_1_108' title='bbox 822 578 952 613; x_wconf 80' lang='lat' dir='ltr'>existere</span> <span class='ocrx_word' id='word_1_109' title='bbox 962 607 972 622; x_wconf 93' lang='lat'>,</span> <span class='ocrx_word' id='word_1_110' title='bbox 982 590 1118 627; x_wconf 86' lang='lat' dir='ltr'>quarum</span> <span class='ocrx_word' id='word_1_111' title='bbox 1144 578 1271 626; x_wconf 81' lang='lat' dir='ltr'>singulae</span> <span class='ocrx_word' id='word_1_112' title='bbox 1293 578 1361 613; x_wconf 85' lang='lat' dir='ltr'>suas</span> <span class='ocrx_word' id='word_1_113' title='bbox 1377 578 1502 616; x_wconf 85' lang='lat' dir='ltr'>habent</span> 
     </span>
     <span class='ocr_line' id='line_1_11' title="bbox 107 624 1160 669; baseline -0.003 -6"><span class='ocrx_word' id='word_1_114' title='bbox 107 625 323 668; x_wconf 77' lang='lat' dir='ltr'>dimensiones</span> <span class='ocrx_word' id='word_1_115' title='bbox 336 653 348 669; x_wconf 90' lang='lat'>,</span> <span class='ocrx_word' id='word_1_116' title='bbox 367 631 400 663; x_wconf 92' lang='lat'><strong>&amp;</strong></span> <span class='ocrx_word' id='word_1_117' title='bbox 412 637 521 662; x_wconf 78' lang='lat' dir='ltr'>tamen</span> <span class='ocrx_word' id='word_1_118' title='bbox 530 637 599 661; x_wconf 84' lang='lat' dir='ltr'>rem</span> <span class='ocrx_word' id='word_1_119' title='bbox 620 624 747 669; x_wconf 86' lang='lat' dir='ltr'>infinite</span> <span class='ocrx_word' id='word_1_120' title='bbox 756 626 920 663; x_wconf 74' lang='lat' dir='ltr'>extensam</span> <span class='ocrx_word' id='word_1_121' title='bbox 930 641 999 663; x_wconf 90' lang='lat' dir='ltr'>non</span> <span class='ocrx_word' id='word_1_122' title='bbox 1018 624 1160 662; x_wconf 85' lang='lat' dir='ltr'>efficere.</span> 
     </span>
    </p>

    <p class='ocr_par' dir='ltr' id='par_1_2' title="bbox 107 673 1504 1249">
     <span class='ocr_line' id='line_1_12' title="bbox 149 673 1504 725; baseline 0.001 -15"><span class='ocrx_word' id='word_1_123' title='bbox 149 677 214 711; x_wconf 83' lang='lat' dir='ltr'>His</span> <span class='ocrx_word' id='word_1_124' title='bbox 229 677 341 719; x_wconf 86' lang='lat' dir='ltr'>utique</span> <span class='ocrx_word' id='word_1_125' title='bbox 356 674 459 711; x_wconf 86' lang='lat' dir='ltr'>multa</span> <span class='ocrx_word' id='word_1_126' title='bbox 468 673 666 723; x_wconf 84' lang='lat' dir='ltr'>respondent</span> <span class='ocrx_word' id='word_1_127' title='bbox 680 689 746 712; x_wconf 90' lang='lat' dir='ltr'>non</span> <span class='ocrx_word' id='word_1_128' title='bbox 761 678 968 725; x_wconf 67' lang='lat' dir='ltr'>Peripaoetici</span> <span class='ocrx_word' id='word_1_129' title='bbox 978 677 1091 719; x_wconf 89' lang='lat' dir='ltr'>modo,</span> <span class='ocrx_word' id='word_1_130' title='bbox 1100 675 1152 711; x_wconf 90' lang='lat' dir='ltr'>sed</span> <span class='ocrx_word' id='word_1_131' title='bbox 1163 678 1330 723; x_wconf 85' lang='lat' dir='ltr'>etiamqui</span> <span class='ocrx_word' id='word_1_132' title='bbox 1341 679 1504 712; x_wconf 79' lang='lat' dir='ltr'>recentio—</span> 
     </span>
     <span class='ocr_line' id='line_1_13' title="bbox 107 721 1503 774; baseline 0 -14"><span class='ocrx_word' id='word_1_133' title='bbox 107 736 178 760; x_wconf 77' lang='lat' dir='ltr'>tem</span> <span class='ocrx_word' id='word_1_134' title='bbox 187 721 611 774; x_wconf 79' lang='lat' dir='ltr'>philosophandi-rationem</span> <span class='ocrx_word' id='word_1_135' title='bbox 624 723 740 760; x_wconf 88' lang='lat' dir='ltr'>colunt</span> <span class='ocrx_word' id='word_1_136' title='bbox 750 740 759 761; x_wconf 79' lang='lat'><em>3</em></span> <span class='ocrx_word' id='word_1_137' title='bbox 770 737 809 761; x_wconf 88' lang='lat' dir='ltr'>ea</span> <span class='ocrx_word' id='word_1_138' title='bbox 817 728 968 761; x_wconf 81' lang='lat' dir='ltr'>nimirum</span> <span class='ocrx_word' id='word_1_139' title='bbox 985 738 1023 761; x_wconf 87' lang='lat' dir='ltr'>ut</span> <span class='ocrx_word' id='word_1_140' title='bbox 1037 724 1173 761; x_wconf 69' lang='lat' dir='ltr'>absurda</span> <span class='ocrx_word' id='word_1_141' title='bbox 1184 725 1297 761; x_wconf 87' lang='lat' dir='ltr'>haberi</span> <span class='ocrx_word' id='word_1_142' title='bbox 1319 739 1387 762; x_wconf 88' lang='lat' dir='ltr'>non</span> <span class='ocrx_word' id='word_1_143' title='bbox 1402 738 1503 774; x_wconf 79' lang='lat' dir='ltr'>opot-</span> 
     </span>
     <span class='ocr_line' id='line_1_14' title="bbox 109 773 1502 824; baseline 0.001 -16"><span class='ocrx_word' id='word_1_144' title='bbox 109 784 180 808; x_wconf 82' lang='lat' dir='ltr'>tere</span> <span class='ocrx_word' id='word_1_145' title='bbox 196 801 207 816; x_wconf 89' lang='lat'><em>‚</em></span> <span class='ocrx_word' id='word_1_146' title='bbox 231 785 305 821; x_wconf 87' lang='lat' dir='ltr'>quae</span> <span class='ocrx_word' id='word_1_147' title='bbox 332 775 524 821; x_wconf 82' lang='lat' dir='ltr'>imaginatio</span> <span class='ocrx_word' id='word_1_148' title='bbox 543 776 553 807; x_wconf 87' lang='lat' dir='ltr'>i</span> <span class='ocrx_word' id='word_1_149' title='bbox 580 773 610 808; x_wconf 89' lang='lat' dir='ltr'>sa</span> <span class='ocrx_word' id='word_1_150' title='bbox 628 773 781 822; x_wconf 85' lang='lat' dir='ltr'>consequi</span> <span class='ocrx_word' id='word_1_151' title='bbox 802 773 892 810; x_wconf 89' lang='lat' dir='ltr'>nullo</span> <span class='ocrx_word' id='word_1_152' title='bbox 913 775 1014 810; x_wconf 89' lang='lat' dir='ltr'>modo</span> <span class='ocrx_word' id='word_1_153' title='bbox 1025 775 1136 823; x_wconf 85' lang='lat' dir='ltr'>potest.</span> <span class='ocrx_word' id='word_1_154' title='bbox 1161 777 1209 812; x_wconf 86' lang='lat' dir='ltr'>Ac</span> <span class='ocrx_word' id='word_1_155' title='bbox 1236 786 1352 824; x_wconf 82' lang='lat' dir='ltr'>praeter</span> <span class='ocrx_word' id='word_1_156' title='bbox 1372 786 1502 810; x_wconf 81' lang='lat' dir='ltr'>caeteros</span> 
     </span>
     <span class='ocr_line' id='line_1_15' title="bbox 108 786 1504 872; baseline 0.001 -14"><span class='ocrx_word' id='word_1_157' title='bbox 108 824 160 858; x_wconf 88' lang='lat' dir='ltr'>vir</span> <span class='ocrx_word' id='word_1_158' title='bbox 169 823 369 871; x_wconf 83' lang='lat' dir='ltr'>pereruditus</span> <span class='ocrx_word' id='word_1_159' title='bbox 388 827 423 860; x_wconf 87' lang='lat'>&amp;</span> <span class='ocrx_word' id='word_1_160' title='bbox 447 786 594 858; x_wconf 62' lang='lat' dir='ltr'>Cartesio</span> <span class='ocrx_word' id='word_1_161' title='bbox 610 825 753 859; x_wconf 69' lang='lat' dir='ltr'>maxime</span> <span class='ocrx_word' id='word_1_162' title='bbox 766 824 913 858; x_wconf 70' lang='lat' dir='ltr'>addictus</span> <span class='ocrx_word' id='word_1_163' title='bbox 928 823 1115 872; x_wconf 87' lang='lat' dir='ltr'>exemplum</span> <span class='ocrx_word' id='word_1_164' title='bbox 1129 824 1226 860; x_wconf 78' lang='lat' dir='ltr'>affert</span> <span class='ocrx_word' id='word_1_165' title='bbox 1238 826 1302 858; x_wconf 86' lang='lat' dir='ltr'>auri</span> <span class='ocrx_word' id='word_1_166' title='bbox 1314 853 1322 868; x_wconf 87' lang='lat'>‚</span> <span class='ocrx_word' id='word_1_167' title='bbox 1346 825 1436 871; x_wconf 89' lang='lat' dir='ltr'>quod</span> <span class='ocrx_word' id='word_1_168' title='bbox 1459 827 1504 859; x_wconf 71' lang='lat' dir='ltr'>ita</span> 
     </span>
     <span class='ocr_line' id='line_1_16' title="bbox 109 870 1504 920; baseline 0.002 -15"><span class='ocrx_word' id='word_1_169' title='bbox 109 870 216 906; x_wconf 87' lang='lat' dir='ltr'>diduci</span> <span class='ocrx_word' id='word_1_170' title='bbox 227 871 352 920; x_wconf 85' lang='lat' dir='ltr'>potest,</span> <span class='ocrx_word' id='word_1_171' title='bbox 369 883 404 907; x_wconf 90' lang='lat' dir='ltr'>ut</span> <span class='ocrx_word' id='word_1_172' title='bbox 415 870 514 907; x_wconf 84' lang='lat' dir='ltr'>fidem</span> <span class='ocrx_word' id='word_1_173' title='bbox 525 884 610 920; x_wconf 87' lang='lat' dir='ltr'>pene</span> <span class='ocrx_word' id='word_1_174' title='bbox 621 885 757 908; x_wconf 82' lang='lat' dir='ltr'>ornnem</span> <span class='ocrx_word' id='word_1_175' title='bbox 765 871 903 920; x_wconf 83' lang='lat' dir='ltr'>superet.</span> <span class='ocrx_word' id='word_1_176' title='bbox 923 875 1080 908; x_wconf 82' lang='lat' dir='ltr'>Sicuncia</span> <span class='ocrx_word' id='word_1_177' title='bbox 1097 876 1163 908; x_wconf 86' lang='lat' dir='ltr'>auri</span> <span class='ocrx_word' id='word_1_178' title='bbox 1179 876 1212 908; x_wconf 91' lang='lat' dir='ltr'>in</span> <span class='ocrx_word' id='word_1_179' title='bbox 1231 873 1312 908; x_wconf 83' lang='lat' dir='ltr'>folia</span> <span class='ocrx_word' id='word_1_180' title='bbox 1326 871 1504 909; x_wconf 80' lang='lat' dir='ltr'>tenuiffima</span> 
     </span>
     <span class='ocr_line' id='line_1_17' title="bbox 108 919 1504 971; baseline -0.001 -14"><span class='ocrx_word' id='word_1_181' title='bbox 108 924 147 957; x_wconf 91' lang='lat'>&amp;</span> <span class='ocrx_word' id='word_1_182' title='bbox 163 920 322 967; x_wconf 81' lang='lat' dir='ltr'>quadrata</span> <span class='ocrx_word' id='word_1_183' title='bbox 343 949 353 965; x_wconf 49' lang='lat'><strong><em>⁹</em></strong></span> <span class='ocrx_word' id='word_1_184' title='bbox 375 919 544 970; x_wconf 76' lang='lat' dir='ltr'>plusquam</span> <span class='ocrx_word' id='word_1_185' title='bbox 569 921 738 956; x_wconf 81' lang='lat' dir='ltr'>ducenties</span> <span class='ocrx_word' id='word_1_186' title='bbox 768 921 860 957; x_wconf 83' lang='lat' dir='ltr'>mille</span> <span class='ocrx_word' id='word_1_187' title='bbox 880 920 924 957; x_wconf 88' lang='lat' dir='ltr'>ab</span> <span class='ocrx_word' id='word_1_188' title='bbox 945 920 1122 957; x_wconf 82' lang='lat' dir='ltr'>artificibus</span> <span class='ocrx_word' id='word_1_189' title='bbox 1147 923 1370 959; x_wconf 79' lang='lat' dir='ltr'>contunditur.</span> <span class='ocrx_word' id='word_1_190' title='bbox 1402 924 1504 971; x_wconf 87' lang='lat' dir='ltr'>quue</span> 
     </span>
     <span class='ocr_line' id='line_1_18' title="bbox 110 968 1504 1020; baseline 0.001 -15"><span class='ocrx_word' id='word_1_191' title='bbox 110 968 219 1005; x_wconf 83' lang='lat' dir='ltr'>multo</span> <span class='ocrx_word' id='word_1_192' title='bbox 229 969 432 1005; x_wconf 87' lang='lat' dir='ltr'>estillustrius</span> <span class='ocrx_word' id='word_1_193' title='bbox 450 971 484 1006; x_wconf 85' lang='lat' dir='ltr'>in</span> <span class='ocrx_word' id='word_1_194' title='bbox 504 968 602 1006; x_wconf 79' lang='lat' dir='ltr'>massa</span> <span class='ocrx_word' id='word_1_195' title='bbox 615 973 741 1020; x_wconf 86' lang='lat' dir='ltr'>argenti</span> <span class='ocrx_word' id='word_1_196' title='bbox 754 983 829 1006; x_wconf 91' lang='lat' dir='ltr'>cum</span> <span class='ocrx_word' id='word_1_197' title='bbox 848 971 939 1006; x_wconf 86' lang='lat' dir='ltr'>foliis</span> <span class='ocrx_word' id='word_1_198' title='bbox 949 973 1018 1006; x_wconf 90' lang='lat' dir='ltr'>auri</span> <span class='ocrx_word' id='word_1_199' title='bbox 1031 970 1163 1007; x_wconf 86' lang='lat' dir='ltr'>contusa</span> <span class='ocrx_word' id='word_1_200' title='bbox 1179 1001 1188 1016; x_wconf 89' lang='lat'>‚</span> <span class='ocrx_word' id='word_1_201' title='bbox 1209 977 1242 1008; x_wconf 87' lang='lat'>&amp;</span> <span class='ocrx_word' id='word_1_202' title='bbox 1259 972 1382 1006; x_wconf 67' lang='lat' dir='ltr'>diducti</span> <span class='ocrx_word' id='word_1_203' title='bbox 1402 973 1435 1007; x_wconf 91' lang='lat' dir='ltr'>in</span> <span class='ocrx_word' id='word_1_204' title='bbox 1455 984 1504 1007; x_wconf 86' lang='lat' dir='ltr'>te-</span> 
     </span>
     <span class='ocr_line' id='line_1_19' title="bbox 111 1015 1504 1068; baseline 0.001 -14"><span class='ocrx_word' id='word_1_205' title='bbox 111 1015 264 1054; x_wconf 83' lang='lat' dir='ltr'>nuiffima</span> <span class='ocrx_word' id='word_1_206' title='bbox 283 1017 336 1054; x_wconf 83' lang='lat' dir='ltr'>fila</span> <span class='ocrx_word' id='word_1_207' title='bbox 352 1017 475 1068; x_wconf 88' lang='lat' dir='ltr'>ubique</span> <span class='ocrx_word' id='word_1_208' title='bbox 488 1019 640 1054; x_wconf 83' lang='lat' dir='ltr'>deaurata</span> <span class='ocrx_word' id='word_1_209' title='bbox 655 1032 663 1053; x_wconf 93' lang='lat'>:</span> <span class='ocrx_word' id='word_1_210' title='bbox 679 1020 762 1055; x_wconf 90' lang='lat' dir='ltr'>adeo</span> <span class='ocrx_word' id='word_1_211' title='bbox 781 1031 817 1056; x_wconf 91' lang='lat' dir='ltr'>ut</span> <span class='ocrx_word' id='word_1_212' title='bbox 830 1019 852 1055; x_wconf 84' lang='lat' dir='ltr'>fi</span> <span class='ocrx_word' id='word_1_213' title='bbox 863 1032 933 1055; x_wconf 88' lang='lat' dir='ltr'>rem</span> <span class='ocrx_word' id='word_1_214' title='bbox 941 1020 981 1054; x_wconf 89' lang='lat' dir='ltr'>ad</span> <span class='ocrx_word' id='word_1_215' title='bbox 991 1020 1151 1056; x_wconf 89' lang='lat' dir='ltr'>calculum</span> <span class='ocrx_word' id='word_1_216' title='bbox 1162 1033 1293 1056; x_wconf 83' lang='lat' dir='ltr'>revoces</span> <span class='ocrx_word' id='word_1_217' title='bbox 1311 1050 1320 1063; x_wconf 88' lang='lat'>,</span> <span class='ocrx_word' id='word_1_218' title='bbox 1334 1020 1434 1055; x_wconf 86' lang='lat' dir='ltr'>cubus</span> <span class='ocrx_word' id='word_1_219' title='bbox 1447 1034 1504 1056; x_wconf 88' lang='lat' dir='ltr'>au-</span> 
     </span>
     <span class='ocr_line' id='line_1_20' title="bbox 111 1066 1503 1118; baseline 0.004 -18"><span class='ocrx_word' id='word_1_220' title='bbox 111 1068 140 1100; x_wconf 82' lang='lat' dir='ltr'>ri</span> <span class='ocrx_word' id='word_1_221' title='bbox 153 1068 297 1114; x_wconf 90' lang='lat' dir='ltr'>quinque</span> <span class='ocrx_word' id='word_1_222' title='bbox 309 1067 414 1103; x_wconf 74' lang='lat' dir='ltr'>lineasv</span> <span class='ocrx_word' id='word_1_223' title='bbox 425 1068 534 1112; x_wconf 72' lang='lat' dir='ltr'>aluus,</span> <span class='ocrx_word' id='word_1_224' title='bbox 546 1066 767 1105; x_wconf 69' lang='lat' dir='ltr'>iri-sexcenties</span> <span class='ocrx_word' id='word_1_225' title='bbox 779 1069 920 1107; x_wconf 86' lang='lat' dir='ltr'>mille&amp;</span> <span class='ocrx_word' id='word_1_226' title='bbox 937 1068 1076 1117; x_wconf 85' lang='lat' dir='ltr'>amplius</span> <span class='ocrx_word' id='word_1_227' title='bbox 1092 1081 1198 1118; x_wconf 86' lang='lat' dir='ltr'>partes</span> <span class='ocrx_word' id='word_1_228' title='bbox 1209 1069 1348 1116; x_wconf 76' lang='lat' dir='ltr'>aequales</span> <span class='ocrx_word' id='word_1_229' title='bbox 1360 1099 1369 1111; x_wconf 85' lang='lat'>,</span> <span class='ocrx_word' id='word_1_230' title='bbox 1379 1076 1409 1105; x_wconf 67' lang='grc' dir='ltr'>ἃ</span> <span class='ocrx_word' id='word_1_231' title='bbox 1432 1069 1503 1105; x_wconf 89' lang='lat' dir='ltr'>sen-</span> 
     </span>
     <span class='ocr_line' id='line_1_21' title="bbox 110 1113 1504 1165; baseline 0.002 -15"><span class='ocrx_word' id='word_1_232' title='bbox 110 1113 219 1150; x_wconf 78' lang='lat' dir='ltr'>sibiles</span> <span class='ocrx_word' id='word_1_233' title='bbox 230 1116 409 1153; x_wconf 55' lang='lat' dir='ltr'>dividatur».</span> <span class='ocrx_word' id='word_1_234' title='bbox 435 1116 536 1165; x_wconf 84' lang='lat' dir='ltr'>Qod</span> <span class='ocrx_word' id='word_1_235' title='bbox 556 1129 632 1152; x_wconf 88' lang='lat' dir='ltr'>curn</span> <span class='ocrx_word' id='word_1_236' title='bbox 655 1117 803 1153; x_wconf 85' lang='lat' dir='ltr'>homines</span> <span class='ocrx_word' id='word_1_237' title='bbox 819 1120 874 1165; x_wconf 89' lang='lat' dir='ltr'>qui</span> <span class='ocrx_word' id='word_1_238' title='bbox 889 1118 1102 1153; x_wconf 82' lang='lat' dir='ltr'>instrumenta</span> <span class='ocrx_word' id='word_1_239' title='bbox 1114 1119 1199 1153; x_wconf 84' lang='lat' dir='ltr'>adeo</span> <span class='ocrx_word' id='word_1_240' title='bbox 1219 1119 1308 1153; x_wconf 88' lang='lat' dir='ltr'>rudia</span> <span class='ocrx_word' id='word_1_241' title='bbox 1331 1118 1504 1163; x_wconf 79' lang='lat' dir='ltr'>adhibent,</span> 
     </span>
     <span class='ocr_line' id='line_1_22' title="bbox 112 1160 1504 1217; baseline 0.001 -19"><span class='ocrx_word' id='word_1_242' title='bbox 112 1160 241 1199; x_wconf 87' lang='lat' dir='ltr'>efficere</span> <span class='ocrx_word' id='word_1_243' title='bbox 259 1163 395 1213; x_wconf 69' lang='lat' dir='ltr'>possint,</span> <span class='ocrx_word' id='word_1_244' title='bbox 413 1177 452 1200; x_wconf 89' lang='lat' dir='ltr'>an</span> <span class='ocrx_word' id='word_1_245' title='bbox 470 1164 653 1201; x_wconf 75' lang='lat' dir='ltr'>dubitamus</span> <span class='ocrx_word' id='word_1_246' title='bbox 666 1168 774 1216; x_wconf 66' lang='lat' dir='ltr'>,quin</span> <span class='ocrx_word' id='word_1_247' title='bbox 787 1178 907 1203; x_wconf 82' lang='lat' dir='ltr'>naturae</span> <span class='ocrx_word' id='word_1_248' title='bbox 919 1165 1078 1202; x_wconf 86' lang='lat' dir='ltr'>subtilitas</span> <span class='ocrx_word' id='word_1_249' title='bbox 1096 1167 1180 1203; x_wconf 87' lang='lat' dir='ltr'>ultra</span> <span class='ocrx_word' id='word_1_250' title='bbox 1194 1180 1327 1203; x_wconf 88' lang='lat' dir='ltr'>omnem</span> <span class='ocrx_word' id='word_1_251' title='bbox 1345 1169 1504 1217; x_wconf 83' lang='lat' dir='ltr'>imagina..</span> 
     </span>
     <span class='ocr_line' id='line_1_23' title="bbox 114 1222 468 1249; baseline -0.003 -2"><span class='ocrx_word' id='word_1_252' title='bbox 114 1222 213 1249; x_wconf 80' lang='lat' dir='ltr'>tionis</span> <span class='ocrx_word' id='word_1_253' title='bbox 231 1226 301 1248; x_wconf 82' lang='lat' dir='ltr'>vim</span> <span class='ocrx_word' id='word_1_254' title='bbox 311 1225 468 1249; x_wconf 79' lang='lat' dir='ltr'>excurrat.</span> 
     </span>
    </p>

    <p class='ocr_par' dir='ltr' id='par_1_3' title="bbox 106 1262 1505 1849">
     <span class='ocr_line' id='line_1_24' title="bbox 160 1262 1502 1315; baseline 0.004 -19"><span class='ocrx_word' id='word_1_255' title='bbox 160 1262 263 1310; x_wconf 84' lang='lat' dir='ltr'>quue</span> <span class='ocrx_word' id='word_1_256' title='bbox 277 1262 381 1298; x_wconf 89' lang='lat' dir='ltr'>multo</span> <span class='ocrx_word' id='word_1_257' title='bbox 390 1262 582 1299; x_wconf 77' lang='lat' dir='ltr'>luculentius</span> <span class='ocrx_word' id='word_1_258' title='bbox 593 1263 652 1299; x_wconf 83' lang='lat' dir='ltr'>fiet</span> <span class='ocrx_word' id='word_1_259' title='bbox 667 1292 677 1306; x_wconf 90' lang='lat'>,</span> <span class='ocrx_word' id='word_1_260' title='bbox 694 1263 1065 1309; x_wconf 73' lang='lat' dir='ltr'>finaturaeminutiffima</span> <span class='ocrx_word' id='word_1_261' title='bbox 1082 1277 1181 1315; x_wconf 85' lang='lat' dir='ltr'>opera</span> <span class='ocrx_word' id='word_1_262' title='bbox 1199 1265 1295 1314; x_wconf 87' lang='lat' dir='ltr'>paulo</span> <span class='ocrx_word' id='word_1_263' title='bbox 1307 1269 1422 1302; x_wconf 88' lang='lat' dir='ltr'>acriori</span> <span class='ocrx_word' id='word_1_264' title='bbox 1434 1270 1502 1302; x_wconf 78' lang='lat' dir='ltr'>ani-</span> 
     </span>
     <span class='ocr_line' id='line_1_25' title="bbox 113 1310 1505 1362; baseline 0.002 -15"><span class='ocrx_word' id='word_1_265' title='bbox 113 1324 170 1347; x_wconf 88' lang='lat' dir='ltr'>mo</span> <span class='ocrx_word' id='word_1_266' title='bbox 188 1310 460 1360; x_wconf 86' lang='lat' dir='ltr'>contemplemur.</span> <span class='ocrx_word' id='word_1_267' title='bbox 485 1314 534 1347; x_wconf 87' lang='lat' dir='ltr'>Ac</span> <span class='ocrx_word' id='word_1_268' title='bbox 551 1311 647 1349; x_wconf 81' lang='lat' dir='ltr'>misfis</span> <span class='ocrx_word' id='word_1_269' title='bbox 657 1316 833 1350; x_wconf 88' lang='lat' dir='ltr'>innumeris</span> <span class='ocrx_word' id='word_1_270' title='bbox 847 1315 917 1350; x_wconf 85' lang='lat' dir='ltr'>aliis</span> <span class='ocrx_word' id='word_1_271' title='bbox 932 1344 941 1359; x_wconf 86' lang='lat'>,</span> <span class='ocrx_word' id='word_1_272' title='bbox 955 1317 1162 1362; x_wconf 75' lang='lat' dir='ltr'>conjiciamus</span> <span class='ocrx_word' id='word_1_273' title='bbox 1179 1315 1291 1351; x_wconf 90' lang='lat' dir='ltr'>oculos</span> <span class='ocrx_word' id='word_1_274' title='bbox 1316 1319 1348 1350; x_wconf 90' lang='lat' dir='ltr'>in</span> <span class='ocrx_word' id='word_1_275' title='bbox 1370 1329 1407 1350; x_wconf 82' lang='lat' dir='ltr'>ea</span> <span class='ocrx_word' id='word_1_276' title='bbox 1433 1320 1505 1351; x_wconf 66' lang='lat' dir='ltr'>ani&lt;</span> 
     </span>
     <span class='ocr_line' id='line_1_26' title="bbox 113 1358 1504 1414; baseline 0.003 -18"><span class='ocrx_word' id='word_1_277' title='bbox 113 1358 252 1396; x_wconf 81' lang='lat' dir='ltr'>malcula</span> <span class='ocrx_word' id='word_1_278' title='bbox 266 1373 356 1409; x_wconf 79' lang='lat' dir='ltr'>,quae</span> <span class='ocrx_word' id='word_1_279' title='bbox 371 1361 585 1410; x_wconf 84' lang='lat' dir='ltr'>microscopio</span> <span class='ocrx_word' id='word_1_280' title='bbox 606 1364 640 1397; x_wconf 91' lang='lat' dir='ltr'>in</span> <span class='ocrx_word' id='word_1_281' title='bbox 663 1362 754 1399; x_wconf 88' lang='lat' dir='ltr'>caseo</span> <span class='ocrx_word' id='word_1_282' title='bbox 767 1364 1039 1413; x_wconf 85' lang='lat' dir='ltr'>deprehendimus</span> <span class='ocrx_word' id='word_1_283' title='bbox 1056 1381 1065 1408; x_wconf 74' lang='lat'>3</span> <span class='ocrx_word' id='word_1_284' title='bbox 1085 1378 1184 1412; x_wconf 86' lang='lat' dir='ltr'>quam</span> <span class='ocrx_word' id='word_1_285' title='bbox 1208 1377 1284 1414; x_wconf 88' lang='lat' dir='ltr'>apte</span> <span class='ocrx_word' id='word_1_286' title='bbox 1305 1377 1412 1413; x_wconf 81' lang='lat' dir='ltr'>partes</span> <span class='ocrx_word' id='word_1_287' title='bbox 1433 1379 1504 1400; x_wconf 82' lang='lat' dir='ltr'>om-</span> 
     </span>
     <span class='ocr_line' id='line_1_27' title="bbox 114 1407 1504 1462; baseline 0.003 -17"><span class='ocrx_word' id='word_1_288' title='bbox 114 1420 172 1445; x_wconf 87' lang='lat' dir='ltr'>nes</span> <span class='ocrx_word' id='word_1_289' title='bbox 186 1407 313 1445; x_wconf 86' lang='lat' dir='ltr'>habent-</span> <span class='ocrx_word' id='word_1_290' title='bbox 325 1410 546 1446; x_wconf 84' lang='lat' dir='ltr'>conformatas</span> <span class='ocrx_word' id='word_1_291' title='bbox 561 1423 701 1456; x_wconf 78' lang='lat' dir='ltr'>3crurum</span> <span class='ocrx_word' id='word_1_292' title='bbox 718 1414 879 1459; x_wconf 62' lang='lat' dir='ltr'>juncturas</span> <span class='ocrx_word' id='word_1_293' title='bbox 892 1443 902 1458; x_wconf 93' lang='lat'>,</span> <span class='ocrx_word' id='word_1_294' title='bbox 925 1419 958 1451; x_wconf 87' lang='lat'>&amp;</span> <span class='ocrx_word' id='word_1_295' title='bbox 975 1413 1218 1449; x_wconf 78' lang='lat' dir='ltr'>articulauones</span> <span class='ocrx_word' id='word_1_296' title='bbox 1235 1442 1244 1456; x_wconf 89' lang='lat'>‚</span> <span class='ocrx_word' id='word_1_297' title='bbox 1269 1416 1338 1448; x_wconf 88' lang='lat' dir='ltr'>imo</span> <span class='ocrx_word' id='word_1_298' title='bbox 1361 1420 1393 1451; x_wconf 93' lang='lat'>&amp;</span> <span class='ocrx_word' id='word_1_299' title='bbox 1420 1414 1504 1462; x_wconf 86' lang='lat' dir='ltr'>pilos</span> 
     </span>
     <span class='ocr_line' id='line_1_28' title="bbox 106 1457 1504 1515; baseline 0.004 -24"><span class='ocrx_word' id='word_1_300' title='bbox 106 1457 258 1506; x_wconf 14' lang='lat' dir='ltr'>xpersaepe</span> <span class='ocrx_word' id='word_1_301' title='bbox 279 1462 396 1495; x_wconf 86' lang='lat' dir='ltr'>intueri</span> <span class='ocrx_word' id='word_1_302' title='bbox 415 1458 574 1515; x_wconf 79' lang='lat' dir='ltr'>lieet.Jam</span> <span class='ocrx_word' id='word_1_303' title='bbox 586 1463 619 1496; x_wconf 90' lang='lat' dir='ltr'>in</span> <span class='ocrx_word' id='word_1_304' title='bbox 632 1463 670 1495; x_wconf 77' lang='lat' dir='ltr'>iis</span> <span class='ocrx_word' id='word_1_305' title='bbox 681 1462 846 1509; x_wconf 84' lang='lat' dir='ltr'>quantulae</span> <span class='ocrx_word' id='word_1_306' title='bbox 861 1461 929 1498; x_wconf 88' lang='lat' dir='ltr'>sunt</span> <span class='ocrx_word' id='word_1_307' title='bbox 944 1475 1052 1512; x_wconf 78' lang='lat' dir='ltr'>partes</span> <span class='ocrx_word' id='word_1_308' title='bbox 1067 1490 1088 1506; x_wconf 91' lang='lat'>‚.</span> <span class='ocrx_word' id='word_1_309' title='bbox 1101 1476 1175 1510; x_wconf 76' lang='lat' dir='ltr'>quae</span> <span class='ocrx_word' id='word_1_310' title='bbox 1196 1464 1299 1498; x_wconf 86' lang='lat' dir='ltr'>vitam</span> <span class='ocrx_word' id='word_1_311' title='bbox 1319 1468 1353 1499; x_wconf 87' lang='lat'>&amp;</span> <span class='ocrx_word' id='word_1_312' title='bbox 1374 1474 1504 1498; x_wconf 90' lang='lat' dir='ltr'>motum</span> 
     </span>
     <span class='ocr_line' id='line_1_29' title="bbox 115 1505 1503 1561; baseline 0.004 -20"><span class='ocrx_word' id='word_1_313' title='bbox 115 1505 272 1544; x_wconf 80' lang='lat' dir='ltr'>tribuunt.</span> <span class='ocrx_word' id='word_1_314' title='bbox 295 1511 384 1545; x_wconf 89' lang='lat' dir='ltr'>Nam</span> <span class='ocrx_word' id='word_1_315' title='bbox 401 1513 434 1546; x_wconf 89' lang='lat'>&amp;</span> <span class='ocrx_word' id='word_1_316' title='bbox 450 1508 586 1544; x_wconf 87' lang='lat' dir='ltr'>humore</span> <span class='ocrx_word' id='word_1_317' title='bbox 606 1509 750 1558; x_wconf 75' lang='lat' dir='ltr'>sanguini</span> <span class='ocrx_word' id='word_1_318' title='bbox 774 1511 933 1561; x_wconf 84' lang='lat' dir='ltr'>analogo,</span> <span class='ocrx_word' id='word_1_319' title='bbox 961 1517 995 1548; x_wconf 75' lang='grc' dir='ltr'>δι</span> <span class='ocrx_word' id='word_1_320' title='bbox 1015 1512 1108 1547; x_wconf 88' lang='lat' dir='ltr'>vitali</span> <span class='ocrx_word' id='word_1_321' title='bbox 1123 1511 1234 1561; x_wconf 85' lang='lat' dir='ltr'>spiritu</span> <span class='ocrx_word' id='word_1_322' title='bbox 1259 1511 1503 1560; x_wconf 81' lang='lat' dir='ltr'>perfunduntur.</span> 
     </span>
     <span class='ocr_line' id='line_1_30' title="bbox 112 1558 1503 1606; baseline 0.003 -15"><span class='ocrx_word' id='word_1_323' title='bbox 112 1558 154 1592; x_wconf 79' lang='lat' dir='ltr'>ln</span> <span class='ocrx_word' id='word_1_324' title='bbox 168 1569 282 1592; x_wconf 86' lang='lat' dir='ltr'>eorum</span> <span class='ocrx_word' id='word_1_325' title='bbox 298 1560 371 1594; x_wconf 83' lang='lat' dir='ltr'>ovis</span> <span class='ocrx_word' id='word_1_326' title='bbox 384 1587 394 1601; x_wconf 89' lang='lat'>,</span> <span class='ocrx_word' id='word_1_327' title='bbox 408 1571 478 1606; x_wconf 82' lang='lat' dir='ltr'>quae</span> <span class='ocrx_word' id='word_1_328' title='bbox 490 1558 702 1606; x_wconf 83' lang='lat' dir='ltr'>microscopio</span> <span class='ocrx_word' id='word_1_329' title='bbox 724 1559 916 1606; x_wconf 87' lang='lat' dir='ltr'>plerumque</span> <span class='ocrx_word' id='word_1_330' title='bbox 935 1572 1107 1596; x_wconf 88' lang='lat' dir='ltr'>cernuntur</span> <span class='ocrx_word' id='word_1_331' title='bbox 1120 1590 1129 1604; x_wconf 91' lang='lat'><em>‚</em></span> <span class='ocrx_word' id='word_1_332' title='bbox 1152 1572 1187 1595; x_wconf 86' lang='lat' dir='ltr'>ut</span> <span class='ocrx_word' id='word_1_333' title='bbox 1201 1563 1235 1595; x_wconf 88' lang='lat' dir='ltr'>in</span> <span class='ocrx_word' id='word_1_334' title='bbox 1261 1560 1332 1595; x_wconf 84' lang='lat' dir='ltr'>aliis</span> <span class='ocrx_word' id='word_1_335' title='bbox 1351 1560 1503 1596; x_wconf 87' lang='lat' dir='ltr'>omnibus</span> 
     </span>
     <span class='ocr_line' id='line_1_31' title="bbox 115 1604 1503 1656; baseline 0.004 -17"><span class='ocrx_word' id='word_1_336' title='bbox 115 1605 164 1639; x_wconf 87' lang='lat' dir='ltr'>est</span> <span class='ocrx_word' id='word_1_337' title='bbox 178 1604 232 1639; x_wconf 88' lang='lat' dir='ltr'>illa</span> <span class='ocrx_word' id='word_1_338' title='bbox 246 1605 426 1641; x_wconf 76' lang='lat' dir='ltr'>cicatricula</span> <span class='ocrx_word' id='word_1_339' title='bbox 437 1634 446 1648; x_wconf 86' lang='lat'>‚</span> <span class='ocrx_word' id='word_1_340' title='bbox 458 1618 529 1652; x_wconf 88' lang='lat' dir='ltr'>quae</span> <span class='ocrx_word' id='word_1_341' title='bbox 546 1606 734 1641; x_wconf 80' lang='lat' dir='ltr'>animalculi</span> <span class='ocrx_word' id='word_1_342' title='bbox 756 1608 803 1641; x_wconf 80' lang='lat' dir='ltr'>est</span> <span class='ocrx_word' id='word_1_343' title='bbox 823 1609 1037 1655; x_wconf 87' lang='lat' dir='ltr'>primordium</span> <span class='ocrx_word' id='word_1_344' title='bbox 1051 1636 1061 1650; x_wconf 87' lang='lat'>,</span> <span class='ocrx_word' id='word_1_345' title='bbox 1073 1608 1130 1643; x_wconf 88' lang='lat' dir='ltr'>ubi</span> <span class='ocrx_word' id='word_1_346' title='bbox 1147 1608 1267 1643; x_wconf 87' lang='lat' dir='ltr'>scilicet</span> <span class='ocrx_word' id='word_1_347' title='bbox 1288 1610 1331 1642; x_wconf 87' lang='lat' dir='ltr'>est</span> <span class='ocrx_word' id='word_1_348' title='bbox 1347 1611 1503 1656; x_wconf 63' lang='lat' dir='ltr'>pundhirn</span> 
     </span>
     <span class='ocr_line' id='line_1_32' title="bbox 116 1652 1504 1705; baseline 0.001 -16"><span class='ocrx_word' id='word_1_349' title='bbox 116 1652 248 1690; x_wconf 86' lang='lat' dir='ltr'>saliens..</span> <span class='ocrx_word' id='word_1_350' title='bbox 259 1654 428 1701; x_wconf 81' lang='lat' dir='ltr'>Qantula</span> <span class='ocrx_word' id='word_1_351' title='bbox 439 1653 474 1688; x_wconf 83' lang='lat' dir='ltr'>fit</span> <span class='ocrx_word' id='word_1_352' title='bbox 488 1666 527 1689; x_wconf 91' lang='lat' dir='ltr'>ea</span> <span class='ocrx_word' id='word_1_353' title='bbox 538 1667 609 1703; x_wconf 86' lang='lat' dir='ltr'>pars</span> <span class='ocrx_word' id='word_1_354' title='bbox 624 1667 693 1703; x_wconf 80' lang='lat' dir='ltr'>quae</span> <span class='ocrx_word' id='word_1_355' title='bbox 703 1656 737 1690; x_wconf 89' lang='lat' dir='ltr'>in</span> <span class='ocrx_word' id='word_1_356' title='bbox 754 1658 829 1692; x_wconf 72' lang='lat' dir='ltr'>ovis</span> <span class='ocrx_word' id='word_1_357' title='bbox 841 1655 1026 1704; x_wconf 80' lang='lat' dir='ltr'>gallinaceis</span> <span class='ocrx_word' id='word_1_358' title='bbox 1037 1658 1093 1692; x_wconf 79' lang='lat' dir='ltr'>vix</span> <span class='ocrx_word' id='word_1_359' title='bbox 1110 1655 1164 1691; x_wconf 88' lang='lat' dir='ltr'>sub</span> <span class='ocrx_word' id='word_1_360' title='bbox 1187 1656 1295 1691; x_wconf 90' lang='lat' dir='ltr'>oculos</span> <span class='ocrx_word' id='word_1_361' title='bbox 1313 1658 1399 1691; x_wconf 86' lang='lat' dir='ltr'>cadit</span> <span class='ocrx_word' id='word_1_362' title='bbox 1410 1686 1420 1700; x_wconf 83' lang='lat'>,</span> <span class='ocrx_word' id='word_1_363' title='bbox 1432 1660 1504 1705; x_wconf 84' lang='lat' dir='ltr'>quis</span> 
     </span>
     <span class='ocr_line' id='line_1_33' title="bbox 115 1701 1504 1754; baseline 0 -17"><span class='ocrx_word' id='word_1_364' title='bbox 115 1704 229 1738; x_wconf 82' lang='lat' dir='ltr'>animo</span> <span class='ocrx_word' id='word_1_365' title='bbox 244 1702 396 1749; x_wconf 86' lang='lat' dir='ltr'>consequi</span> <span class='ocrx_word' id='word_1_366' title='bbox 409 1701 506 1751; x_wconf 81' lang='lat' dir='ltr'>poffit</span> <span class='ocrx_word' id='word_1_367' title='bbox 525 1717 532 1738; x_wconf 95' lang='lat'>:</span> <span class='ocrx_word' id='word_1_368' title='bbox 548 1705 631 1738; x_wconf 84' lang='lat' dir='ltr'>adeo</span> <span class='ocrx_word' id='word_1_369' title='bbox 655 1715 691 1738; x_wconf 93' lang='lat' dir='ltr'>ut</span> <span class='ocrx_word' id='word_1_370' title='bbox 708 1703 858 1741; x_wconf 79' lang='lat' dir='ltr'>divisioni</span> <span class='ocrx_word' id='word_1_371' title='bbox 873 1707 1013 1740; x_wconf 82' lang='lat' dir='ltr'>materiae</span> <span class='ocrx_word' id='word_1_372' title='bbox 1031 1704 1144 1740; x_wconf 76' lang='lat' dir='ltr'>frustra</span> <span class='ocrx_word' id='word_1_373' title='bbox 1160 1708 1232 1753; x_wconf 88' lang='lat' dir='ltr'>quis</span> <span class='ocrx_word' id='word_1_374' title='bbox 1248 1707 1403 1740; x_wconf 85' lang='lat' dir='ltr'>terminos</span> <span class='ocrx_word' id='word_1_375' title='bbox 1415 1706 1504 1754; x_wconf 74' lang='lat' dir='ltr'>praes.</span> 
     </span>
     <span class='ocr_line' id='line_1_34' title="bbox 114 1750 1502 1802; baseline 0.004 -17"><span class='ocrx_word' id='word_1_376' title='bbox 114 1750 260 1799; x_wconf 86' lang='lat' dir='ltr'>cripserit</span> <span class='ocrx_word' id='word_1_377' title='bbox 271 1780 279 1795; x_wconf 89' lang='lat'>‚</span> <span class='ocrx_word' id='word_1_378' title='bbox 299 1757 332 1788; x_wconf 69' lang='grc' dir='ltr'>δι</span> <span class='ocrx_word' id='word_1_379' title='bbox 351 1763 521 1800; x_wconf 85' lang='lat' dir='ltr'>perperam</span> <span class='ocrx_word' id='word_1_380' title='bbox 538 1752 570 1785; x_wconf 86' lang='lat' dir='ltr'>id</span> <span class='ocrx_word' id='word_1_381' title='bbox 584 1751 754 1787; x_wconf 85' lang='lat' dir='ltr'>absurdum</span> <span class='ocrx_word' id='word_1_382' title='bbox 763 1753 942 1801; x_wconf 86' lang='lat' dir='ltr'>judicemus</span> <span class='ocrx_word' id='word_1_383' title='bbox 955 1754 1072 1802; x_wconf 66' lang='lat' dir='ltr'>‚quod</span> <span class='ocrx_word' id='word_1_384' title='bbox 1093 1756 1163 1790; x_wconf 81' lang='lat' dir='ltr'>vim</span> <span class='ocrx_word' id='word_1_385' title='bbox 1183 1753 1366 1790; x_wconf 64' lang='lat' dir='ltr'>intellectus</span> <span class='ocrx_word' id='word_1_386' title='bbox 1381 1755 1480 1790; x_wconf 83' lang='lat' dir='ltr'>nostri</span> <span class='ocrx_word' id='word_1_387' title='bbox 1494 1786 1502 1800; x_wconf 80' lang='grc'>,</span> 
     </span>
     <span class='ocr_line' id='line_1_35' title="bbox 115 1800 664 1849; baseline 0.004 -14"><span class='ocrx_word' id='word_1_388' title='bbox 115 1800 236 1836; x_wconf 87' lang='lat' dir='ltr'>nedum</span> <span class='ocrx_word' id='word_1_389' title='bbox 253 1802 493 1849; x_wconf 75' lang='lat' dir='ltr'>imaginationis</span> <span class='ocrx_word' id='word_1_390' title='bbox 513 1801 664 1837; x_wconf 64' lang='lat' dir='ltr'>excedit.&gt;</span> 
     </span>
    </p>

    <p class='ocr_par' dir='ltr' id='par_1_4' title="bbox 115 1848 1504 2440">
     <span class='ocr_line' id='line_1_36' title="bbox 162 1848 1501 1901; baseline 0.002 -17"><span class='ocrx_word' id='word_1_391' title='bbox 162 1863 190 1885; x_wconf 87' lang='lat'>2.</span> <span class='ocrx_word' id='word_1_392' title='bbox 218 1848 397 1898; x_wconf 77' lang='lat' dir='ltr'>Quousque</span> <span class='ocrx_word' id='word_1_393' title='bbox 410 1853 677 1899; x_wconf 67' lang='lat' dir='ltr'>pateat-materiae</span> <span class='ocrx_word' id='word_1_394' title='bbox 687 1850 885 1888; x_wconf 85' lang='lat' dir='ltr'>divifibilitas</span> <span class='ocrx_word' id='word_1_395' title='bbox 898 1863 936 1888; x_wconf 83' lang='lat' dir='ltr'>ex</span> <span class='ocrx_word' id='word_1_396' title='bbox 949 1854 1124 1901; x_wconf 84' lang='lat' dir='ltr'>pigmentis</span> <span class='ocrx_word' id='word_1_397' title='bbox 1137 1851 1206 1901; x_wconf 78' lang='lat' dir='ltr'>ipsis</span> <span class='ocrx_word' id='word_1_398' title='bbox 1216 1882 1226 1896; x_wconf 91' lang='lat'>‚</span> <span class='ocrx_word' id='word_1_399' title='bbox 1242 1864 1501 1900; x_wconf 75' lang='lat' dir='ltr'>quotumpartes</span> 
     </span>
     <span class='ocr_line' id='line_1_37' title="bbox 115 1896 1503 1951; baseline 0.002 -19"><span class='ocrx_word' id='word_1_400' title='bbox 115 1896 203 1932; x_wconf 87' lang='lat' dir='ltr'>sensu</span> <span class='ocrx_word' id='word_1_401' title='bbox 219 1901 372 1943; x_wconf 77' lang='lat' dir='ltr'>minimae,</span> <span class='ocrx_word' id='word_1_402' title='bbox 385 1911 509 1935; x_wconf 80' lang='lat' dir='ltr'>tantam</span> <span class='ocrx_word' id='word_1_403' title='bbox 526 1910 613 1944; x_wconf 86' lang='lat' dir='ltr'>aquae</span> <span class='ocrx_word' id='word_1_404' title='bbox 624 1913 663 1934; x_wconf 91' lang='lat' dir='ltr'>co</span> <span class='ocrx_word' id='word_1_405' title='bbox 689 1902 752 1935; x_wconf 86' lang='lat' dir='ltr'>iam</span> <span class='ocrx_word' id='word_1_406' title='bbox 763 1903 904 1950; x_wconf 86' lang='lat' dir='ltr'>tingunt,</span> <span class='ocrx_word' id='word_1_407' title='bbox 916 1901 1012 1937; x_wconf 88' lang='lat' dir='ltr'>facile</span> <span class='ocrx_word' id='word_1_408' title='bbox 1026 1905 1186 1951; x_wconf 86' lang='lat' dir='ltr'>conjicere</span> <span class='ocrx_word' id='word_1_409' title='bbox 1204 1900 1503 1950; x_wconf 49' lang='lat' dir='ltr'>possumus-Unum</span> 
     </span>
     <span class='ocr_line' id='line_1_38' title="bbox 116 1913 1504 1999; baseline 0.001 -18"><span class='ocrx_word' id='word_1_410' title='bbox 116 1949 205 1994; x_wconf 83' lang='lat' dir='ltr'>cupri</span> <span class='ocrx_word' id='word_1_411' title='bbox 225 1960 361 1996; x_wconf 78' lang='lat' dir='ltr'>granum</span> <span class='ocrx_word' id='word_1_412' title='bbox 373 1977 383 1992; x_wconf 91' lang='lat'>‚</span> <span class='ocrx_word' id='word_1_413' title='bbox 398 1960 434 1983; x_wconf 89' lang='lat' dir='ltr'>ut</span> <span class='ocrx_word' id='word_1_414' title='bbox 447 1946 570 1984; x_wconf 78' lang='lat' dir='ltr'>Clariss.</span> <span class='ocrx_word' id='word_1_415' title='bbox 591 1913 723 1997; x_wconf 79' lang='lat' dir='ltr'>Boylius</span> <span class='ocrx_word' id='word_1_416' title='bbox 738 1951 891 1998; x_wconf 88' lang='lat' dir='ltr'>peculiari</span> <span class='ocrx_word' id='word_1_417' title='bbox 910 1953 1050 1986; x_wconf 65' lang='lat' dir='ltr'>ttastatu</span> <span class='ocrx_word' id='word_1_418' title='bbox 1066 1952 1107 1986; x_wconf 90' lang='lat' dir='ltr'>de</span> <span class='ocrx_word' id='word_1_419' title='bbox 1119 1949 1262 1987; x_wconf 78' lang='lat' dir='ltr'>Effluviis</span> <span class='ocrx_word' id='word_1_420' title='bbox 1277 1950 1392 1994; x_wconf 85' lang='lat' dir='ltr'>docet,</span> <span class='ocrx_word' id='word_1_421' title='bbox 1415 1950 1504 1999; x_wconf 83' lang='lat' dir='ltr'>spiri-</span> 
     </span>
     <span class='ocr_line' id='line_1_39' title="bbox 119 1994 1504 2048; baseline 0.004 -20"><span class='ocrx_word' id='word_1_422' title='bbox 119 2006 155 2029; x_wconf 92' lang='lat' dir='ltr'>tu</span> <span class='ocrx_word' id='word_1_423' title='bbox 166 1994 234 2041; x_wconf 76' lang='lat' dir='ltr'>salis</span> <span class='ocrx_word' id='word_1_424' title='bbox 248 1999 442 2032; x_wconf 83' lang='lat' dir='ltr'>ammoniaci</span> <span class='ocrx_word' id='word_1_425' title='bbox 456 1995 603 2040; x_wconf 72' lang='lat' dir='ltr'>diffolve‚</span> <span class='ocrx_word' id='word_1_426' title='bbox 615 1997 673 2034; x_wconf 90' lang='lat' dir='ltr'>fiet</span> <span class='ocrx_word' id='word_1_427' title='bbox 689 1998 798 2046; x_wconf 89' lang='lat' dir='ltr'>liquor</span> <span class='ocrx_word' id='word_1_428' title='bbox 813 1999 963 2034; x_wconf 85' lang='lat' dir='ltr'>caeruleus</span> <span class='ocrx_word' id='word_1_429' title='bbox 979 2015 987 2036; x_wconf 90' lang='lat'>:</span> <span class='ocrx_word' id='word_1_430' title='bbox 1006 1999 1081 2035; x_wconf 89' lang='lat' dir='ltr'>huic</span> <span class='ocrx_word' id='word_1_431' title='bbox 1094 2013 1183 2048; x_wconf 85' lang='lat' dir='ltr'>aquae</span> <span class='ocrx_word' id='word_1_432' title='bbox 1197 2011 1298 2048; x_wconf 83' lang='lat' dir='ltr'>purae,</span> <span class='ocrx_word' id='word_1_433' title='bbox 1313 2001 1379 2035; x_wconf 85' lang='lat' dir='ltr'>imo</span> <span class='ocrx_word' id='word_1_434' title='bbox 1404 1999 1504 2034; x_wconf 82' lang='lat' dir='ltr'>distil-</span> 
     </span>
     <span class='ocr_line' id='line_1_40' title="bbox 119 2042 1504 2096; baseline 0.003 -19"><span class='ocrx_word' id='word_1_435' title='bbox 119 2042 190 2078; x_wconf 88' lang='lat' dir='ltr'>latae</span> <span class='ocrx_word' id='word_1_436' title='bbox 204 2047 216 2088; x_wconf 86' lang='lat'>(</span> <span class='ocrx_word' id='word_1_437' title='bbox 229 2056 302 2079; x_wconf 86' lang='lat' dir='ltr'>nam</span> <span class='ocrx_word' id='word_1_438' title='bbox 316 2058 353 2080; x_wconf 87' lang='lat' dir='ltr'>ea</span> <span class='ocrx_word' id='word_1_439' title='bbox 364 2047 412 2080; x_wconf 91' lang='lat' dir='ltr'>est</span> <span class='ocrx_word' id='word_1_440' title='bbox 423 2046 499 2081; x_wconf 87' lang='lat' dir='ltr'>huic</span> <span class='ocrx_word' id='word_1_441' title='bbox 518 2048 565 2080; x_wconf 88' lang='lat' dir='ltr'>rei</span> <span class='ocrx_word' id='word_1_442' title='bbox 578 2050 678 2096; x_wconf 82' lang='lat' dir='ltr'>magis</span> <span class='ocrx_word' id='word_1_443' title='bbox 697 2048 845 2090; x_wconf 85' lang='lat' dir='ltr'>idonea)</span> <span class='ocrx_word' id='word_1_444' title='bbox 865 2047 1019 2093; x_wconf 76' lang='lat' dir='ltr'>affunde,</span> <span class='ocrx_word' id='word_1_445' title='bbox 1041 2060 1166 2085; x_wconf 87' lang='lat' dir='ltr'>tantam</span> <span class='ocrx_word' id='word_1_446' title='bbox 1187 2061 1278 2095; x_wconf 79' lang='lat' dir='ltr'>aqua:</span> <span class='ocrx_word' id='word_1_447' title='bbox 1297 2051 1425 2096; x_wconf 79' lang='lat' dir='ltr'>copiam</span> <span class='ocrx_word' id='word_1_448' title='bbox 1445 2062 1504 2084; x_wconf 75' lang='lat' dir='ltr'>eo-</span> 
     </span>
     <span class='ocr_line' id='line_1_41' title="bbox 120 2092 1503 2146; baseline 0.004 -20"><span class='ocrx_word' id='word_1_449' title='bbox 120 2092 197 2127; x_wconf 87' lang='lat' dir='ltr'>dem</span> <span class='ocrx_word' id='word_1_450' title='bbox 206 2092 315 2127; x_wconf 84' lang='lat' dir='ltr'>colore</span> <span class='ocrx_word' id='word_1_451' title='bbox 328 2095 431 2140; x_wconf 68' lang='lat' dir='ltr'>tinget</span> <span class='ocrx_word' id='word_1_452' title='bbox 446 2123 456 2137; x_wconf 84' lang='lat'>‚</span> <span class='ocrx_word' id='word_1_453' title='bbox 466 2107 500 2130; x_wconf 88' lang='lat' dir='ltr'>ut</span> <span class='ocrx_word' id='word_1_454' title='bbox 515 2093 584 2143; x_wconf 85' lang='lat' dir='ltr'>plus</span> <span class='ocrx_word' id='word_1_455' title='bbox 594 2095 758 2132; x_wconf 85' lang='lat' dir='ltr'>ducenties</span> <span class='ocrx_word' id='word_1_456' title='bbox 776 2097 865 2132; x_wconf 86' lang='lat' dir='ltr'>mille</span> <span class='ocrx_word' id='word_1_457' title='bbox 878 2110 970 2145; x_wconf 87' lang='lat' dir='ltr'>aquae</span> <span class='ocrx_word' id='word_1_458' title='bbox 985 2110 1091 2146; x_wconf 85' lang='lat' dir='ltr'>partes</span> <span class='ocrx_word' id='word_1_459' title='bbox 1107 2097 1194 2133; x_wconf 79' lang='lat' dir='ltr'>mole</span> <span class='ocrx_word' id='word_1_460' title='bbox 1204 2097 1341 2145; x_wconf 86' lang='lat' dir='ltr'>aequales</span> <span class='ocrx_word' id='word_1_461' title='bbox 1362 2098 1435 2132; x_wconf 86' lang='lat' dir='ltr'>huic</span> <span class='ocrx_word' id='word_1_462' title='bbox 1445 2111 1503 2132; x_wconf 81' lang='lat' dir='ltr'>cu-</span> 
     </span>
     <span class='ocr_line' id='line_1_42' title="bbox 122 2141 1503 2196; baseline 0.004 -21"><span class='ocrx_word' id='word_1_463' title='bbox 122 2142 173 2190; x_wconf 88' lang='lat' dir='ltr'>pri</span> <span class='ocrx_word' id='word_1_464' title='bbox 181 2153 300 2190; x_wconf 76' lang='lat' dir='ltr'>grano,</span> <span class='ocrx_word' id='word_1_465' title='bbox 314 2141 450 2177; x_wconf 80' lang='lat' dir='ltr'>sensibili</span> <span class='ocrx_word' id='word_1_466' title='bbox 461 2143 570 2178; x_wconf 87' lang='lat' dir='ltr'>colore</span> <span class='ocrx_word' id='word_1_467' title='bbox 582 2146 628 2178; x_wconf 92' lang='lat' dir='ltr'>tin</span> <span class='ocrx_word' id='word_1_468' title='bbox 653 2156 688 2180; x_wconf 73' lang='lat' dir='ltr'>at—</span> <span class='ocrx_word' id='word_1_469' title='bbox 702 2160 710 2182; x_wconf 72' lang='grc' dir='ltr'><strong><em>ε</em></strong></span> <span class='ocrx_word' id='word_1_470' title='bbox 727 2147 810 2182; x_wconf 85' lang='lat' dir='ltr'>adeo</span> <span class='ocrx_word' id='word_1_471' title='bbox 821 2145 961 2182; x_wconf 64' lang='lat' dir='ltr'>dissoluti</span> <span class='ocrx_word' id='word_1_472' title='bbox 971 2150 1060 2196; x_wconf 89' lang='lat' dir='ltr'>cupri</span> <span class='ocrx_word' id='word_1_473' title='bbox 1069 2159 1175 2195; x_wconf 83' lang='lat' dir='ltr'>partes</span> <span class='ocrx_word' id='word_1_474' title='bbox 1186 2149 1456 2183; x_wconf 71' lang='lat' dir='ltr'>comminuuntur,</span> <span class='ocrx_word' id='word_1_475' title='bbox 1469 2152 1503 2182; x_wconf 56' lang='grc' dir='ltr'>ὃ(</span> 
     </span>
     <span class='ocr_line' id='line_1_43' title="bbox 119 2158 1503 2245; baseline 0 -18"><span class='ocrx_word' id='word_1_476' title='bbox 119 2202 179 2238; x_wconf 82' lang='lat' dir='ltr'>per</span> <span class='ocrx_word' id='word_1_477' title='bbox 195 2203 316 2238; x_wconf 81' lang='lat' dir='ltr'>aquam</span> <span class='ocrx_word' id='word_1_478' title='bbox 326 2190 445 2226; x_wconf 64' lang='lat' dir='ltr'>diffusae</span> <span class='ocrx_word' id='word_1_479' title='bbox 455 2191 543 2227; x_wconf 88' lang='lat' dir='ltr'>sensu</span> <span class='ocrx_word' id='word_1_480' title='bbox 554 2191 620 2240; x_wconf 88' lang='lat' dir='ltr'>ipso</span> <span class='ocrx_word' id='word_1_481' title='bbox 630 2158 663 2227; x_wconf 50' lang='lat' dir='ltr'>{se</span> <span class='ocrx_word' id='word_1_482' title='bbox 675 2194 905 2245; x_wconf 86' lang='lat' dir='ltr'>produnt.Jam</span> <span class='ocrx_word' id='word_1_483' title='bbox 917 2195 937 2230; x_wconf 80' lang='lat' dir='ltr'>si</span> <span class='ocrx_word' id='word_1_484' title='bbox 948 2196 1141 2232; x_wconf 86' lang='lat' dir='ltr'>solutionem</span> <span class='ocrx_word' id='word_1_485' title='bbox 1157 2196 1245 2243; x_wconf 89' lang='lat' dir='ltr'>hujus</span> <span class='ocrx_word' id='word_1_486' title='bbox 1255 2196 1344 2244; x_wconf 86' lang='lat' dir='ltr'>grani</span> <span class='ocrx_word' id='word_1_487' title='bbox 1358 2207 1428 2228; x_wconf 81' lang='lat' dir='ltr'>cum</span> <span class='ocrx_word' id='word_1_488' title='bbox 1440 2194 1503 2243; x_wconf 76' lang='lat' dir='ltr'>spi-</span> 
     </span>
     <span class='ocr_line' id='line_1_44' title="bbox 120 2240 1502 2293; baseline 0.003 -19"><span class='ocrx_word' id='word_1_489' title='bbox 120 2241 186 2274; x_wconf 78' lang='lat' dir='ltr'>ritu</span> <span class='ocrx_word' id='word_1_490' title='bbox 196 2242 264 2274; x_wconf 87' lang='lat' dir='ltr'>vini</span> <span class='ocrx_word' id='word_1_491' title='bbox 278 2240 624 2289; x_wconf 85' lang='lat' dir='ltr'>permixtamlampadi</span> <span class='ocrx_word' id='word_1_492' title='bbox 638 2270 648 2284; x_wconf 79' lang='lat'>‚</span> <span class='ocrx_word' id='word_1_493' title='bbox 665 2247 751 2290; x_wconf 81' lang='lat' dir='ltr'>cujus</span> <span class='ocrx_word' id='word_1_494' title='bbox 768 2244 971 2293; x_wconf 82' lang='lat' dir='ltr'>ellychnium</span> <span class='ocrx_word' id='word_1_495' title='bbox 986 2259 1052 2281; x_wconf 86' lang='lat' dir='ltr'>non</span> <span class='ocrx_word' id='word_1_496' title='bbox 1070 2245 1264 2281; x_wconf 70' lang='lat' dir='ltr'>consumitur</span> <span class='ocrx_word' id='word_1_497' title='bbox 1276 2271 1286 2282; x_wconf 87' lang='lat'>‚</span> <span class='ocrx_word' id='word_1_498' title='bbox 1298 2243 1449 2289; x_wconf 82' lang='lat' dir='ltr'>quodque</span> <span class='ocrx_word' id='word_1_499' title='bbox 1460 2256 1502 2278; x_wconf 82' lang='lat' dir='ltr'>ex</span> 
     </span>
     <span class='ocr_line' id='line_1_45' title="bbox 123 2288 1502 2342; baseline 0.003 -19"><span class='ocrx_word' id='word_1_500' title='bbox 123 2288 270 2336; x_wconf 87' lang='lat' dir='ltr'>plumoso</span> <span class='ocrx_word' id='word_1_501' title='bbox 282 2290 422 2325; x_wconf 84' lang='lat' dir='ltr'>alumine</span> <span class='ocrx_word' id='word_1_502' title='bbox 439 2289 792 2335; x_wconf 73' lang='lat' dir='ltr'>conficitur‚affi1deris,</span> <span class='ocrx_word' id='word_1_503' title='bbox 805 2293 882 2341; x_wconf 74' lang='lat' dir='ltr'>saepe</span> <span class='ocrx_word' id='word_1_504' title='bbox 901 2307 958 2342; x_wconf 78' lang='lat' dir='ltr'>pet</span> <span class='ocrx_word' id='word_1_505' title='bbox 979 2293 1170 2330; x_wconf 79' lang='lat' dir='ltr'>semihoram</span> <span class='ocrx_word' id='word_1_506' title='bbox 1186 2304 1345 2340; x_wconf 80' lang='lat' dir='ltr'>integram</span> <span class='ocrx_word' id='word_1_507' title='bbox 1361 2290 1502 2336; x_wconf 51' lang='lat' dir='ltr'>flamma,</span> 
     </span>
     <span class='ocr_line' id='line_1_46' title="bbox 122 2337 1504 2389; baseline 0.004 -18"><span class='ocrx_word' id='word_1_508' title='bbox 122 2349 194 2382; x_wconf 79' lang='lat' dir='ltr'>quae</span> <span class='ocrx_word' id='word_1_509' title='bbox 212 2337 337 2386; x_wconf 89' lang='lat' dir='ltr'>semper</span> <span class='ocrx_word' id='word_1_510' title='bbox 347 2352 459 2374; x_wconf 88' lang='lat' dir='ltr'>recens</span> <span class='ocrx_word' id='word_1_511' title='bbox 473 2339 655 2388; x_wconf 86' lang='lat' dir='ltr'>producitur</span> <span class='ocrx_word' id='word_1_512' title='bbox 668 2367 678 2382; x_wconf 88' lang='lat'>,</span> <span class='ocrx_word' id='word_1_513' title='bbox 694 2341 824 2376; x_wconf 86' lang='lat' dir='ltr'>caeruleo</span> <span class='ocrx_word' id='word_1_514' title='bbox 836 2342 946 2377; x_wconf 88' lang='lat' dir='ltr'>colore</span> <span class='ocrx_word' id='word_1_515' title='bbox 956 2345 1056 2379; x_wconf 62' lang='lat' dir='ltr'>uncia</span> <span class='ocrx_word' id='word_1_516' title='bbox 1075 2340 1243 2389; x_wconf 83' lang='lat' dir='ltr'>apparebit</span> <span class='ocrx_word' id='word_1_517' title='bbox 1261 2355 1268 2376; x_wconf 93' lang='lat'>:</span> <span class='ocrx_word' id='word_1_518' title='bbox 1287 2343 1329 2374; x_wconf 86' lang='lat' dir='ltr'>ira</span> <span class='ocrx_word' id='word_1_519' title='bbox 1345 2353 1380 2374; x_wconf 83' lang='lat' dir='ltr'>ur</span> <span class='ocrx_word' id='word_1_520' title='bbox 1394 2344 1504 2376; x_wconf 79' lang='lat' dir='ltr'>mirari</span> 
     </span>
     <span class='ocr_line' id='line_1_47' title="bbox 121 2384 1503 2440; baseline 0.003 -20"><span class='ocrx_word' id='word_1_521' title='bbox 121 2384 194 2421; x_wconf 76' lang='lat' dir='ltr'>satis</span> <span class='ocrx_word' id='word_1_522' title='bbox 204 2399 272 2424; x_wconf 87' lang='lat' dir='ltr'>non</span> <span class='ocrx_word' id='word_1_523' title='bbox 289 2388 450 2438; x_wconf 72' lang='lat' dir='ltr'>poffimuS,</span> <span class='ocrx_word' id='word_1_524' title='bbox 462 2401 527 2438; x_wconf 89' lang='lat' dir='ltr'>qua</span> <span class='ocrx_word' id='word_1_525' title='bbox 542 2390 670 2425; x_wconf 84' lang='lat' dir='ltr'>ratione</span> <span class='ocrx_word' id='word_1_526' title='bbox 690 2401 760 2436; x_wconf 85' lang='lat' dir='ltr'>pars</span> <span class='ocrx_word' id='word_1_527' title='bbox 778 2389 834 2426; x_wconf 87' lang='lat' dir='ltr'>illa</span> <span class='ocrx_word' id='word_1_528' title='bbox 850 2393 941 2440; x_wconf 78' lang='lat' dir='ltr'>cupri</span> <span class='ocrx_word' id='word_1_529' title='bbox 953 2403 1019 2427; x_wconf 87' lang='lat' dir='ltr'>tarn</span> <span class='ocrx_word' id='word_1_530' title='bbox 1037 2393 1191 2427; x_wconf 82' lang='lat' dir='ltr'>minutim</span> <span class='ocrx_word' id='word_1_531' title='bbox 1211 2388 1335 2424; x_wconf 78' lang='lat' dir='ltr'>concidi</span> <span class='ocrx_word' id='word_1_532' title='bbox 1350 2393 1503 2438; x_wconf 56' lang='lat' dir='ltr'>potuerit0</span> 
     </span>
    </p>

    <p class='ocr_par' dir='ltr' id='par_1_5' title="bbox 1245 2440 1333 2487">
     <span class='ocr_line' id='line_1_48' title="bbox 1245 2440 1333 2487; baseline 0 -12"><span class='ocrx_word' id='word_1_533' title='bbox 1245 2441 1279 2475; x_wconf 90' lang='lat' dir='ltr'>O</span> <span class='ocrx_word' id='word_1_534' title='bbox 1313 2440 1320 2470; x_wconf 85' lang='lat' dir='ltr'>i</span> <span class='ocrx_word' id='word_1_535' title='bbox 1324 2443 1333 2487; x_wconf 76' lang='lat' dir='ltr'>j</span> 
     </span>
    </p>
   </div>
  </div>
 </body>
</html>
