1878 2724
516 122 653 158 PARS
694 122 965 159 SECUNDA
1362 139 1437 171 249.

45 179 199 219 abliottet
213 176 234 214 ὲ
246 187 325 212 vero
342 170 432 222 quod
451 183 558 208 narrat
580 170 778 209 Aristobulus
802 173 1122 221 Peripateticus,ante
1139 170 1310 208 Alexandri
1324 186 1362 209 ex
1391 188 1426 208 e-

46 231 206 265 ditionem
218 237 343 275 partem
352 222 491 270 aliquam
501 220 590 257 sacrae
600 224 764 270 Scripturae
773 222 805 256 in
822 224 969 256 Graecam
982 222 1141 269 Linguam
1158 219 1218 256 effe
1229 188 1427 260 convers-fm.

47 279 111 316 Sed
119 277 160 313 ad
172 278 353 312 institutum
365 272 532 309 veniamus
544 300 554 316 ,
570 282 709 321 quaeque
723 270 743 306 a
759 269 956 320 Philosophis
971 269 1167 317 objiciuntur
1178 300 1188 316 ‚
1198 273 1428 320 expendamus.

532 370 715 405 Solvuntur
737 366 788 414 obj
792 367 936 404 effiones.

80 474 266 524 oppvmmt.
280 482 306 507 1¹.
320 471 378 519 qui
388 481 500 506 con-tra
509 468 749 512 sentiunt,nulla
760 470 879 504 mentis
890 471 1100 504 contentione
1112 470 1242 517 concipi
1254 468 1339 518 posse
1350 482 1442 518 qum¹

47 524 150 560 modo
166 526 252 558 Deus
263 523 345 556 citra
364 519 463 555 ullam
486 518 531 554 sui
548 520 763 554 mutationem
774 518 929 552 mundum
942 519 975 552 in
987 529 1134 567 tempore
1145 519 1338 554 condiderit,

72 574 112 608 R.
135 572 170 606 Id
182 572 310 619 concipi
321 569 454 617 quidem
462 580 529 604 non
548 564 635 615 posse
646 566 685 610 ,fi
702 570 789 603 Deus
801 563 990 603 necestitate
1002 579 1077 616 agat
1090 596 1100 612 ‚
1112 581 1177 603 non
1192 567 1296 603 libero
1315 568 1432 604 volun-

49 623 124 657 tatis
146 620 292 655 arbitrio.
318 621 357 654 Et
370 617 442 653 sane
463 616 482 652 si
497 627 584 652 nunc
603 618 756 664 temporis
781 614 877 664 poffit
891 614 1014 663 aliquid
1028 618 1068 651 de
1088 631 1179 653 novo
1198 616 1325 658 efficere
1337 647 1346 661 ‚
1361 623 1432 666 quis

47 681 168 719 negare
181 668 298 703 audeat
312 695 322 712 ‚
332 678 406 701 eum
421 669 452 701 in
467 676 615 713 tempore
626 692 636 707 ,
657 671 690 703 &
708 678 780 701 cum
793 665 919 706 voluit,
937 665 1072 714 potuisse
1083 667 1235 702 mundum
1245 667 1383 702 condere
1396 676 1407 702 Ξ

76 718 141 754 sed
156 718 302 764 inquiunt
316 744 327 759 ,
345 716 424 763 quid
443 715 568 765 placuit*
591 717 667 750 Deo
693 713 801 750 facere
823 714 941 749 coelum
960 719 992 750 δε
1012 726 1130 751 terram
1143 727 1152 752 Ξ
1167 717 1237 751 Cur
1249 728 1346 752 antea
1365 729 1433 753 non

45 766 126 804 fecit
145 775 156 794 >
176 767 265 802 Hine
288 764 436 801 Vellei-us
471 766 641 813 Epicureus
658 764 743 812 apud
770 766 920 800 Marcum
934 763 1079 800 Tullium
1099 768 1235 813 requint
1248 778 1303 800 cur
1323 768 1434 801 mundi

47 814 258 852 aedificatores
268 825 406 863 repente
423 815 610 857 extiterint,
628 812 875 849 innumerabilia
894 824 970 847 ante
994 812 1100 849 saecula
1124 816 1337 851 dormierint?
1355 816 1435 861 Qiae

49 865 178 904 molitio
194 893 204 908 ,
222 876 299 912 quae.
309 863 507 899 ferramenta
520 891 539 907 ,ἶ
547 865 607 911 qui
628 862 760 907 vectes,
779 875 848 911 quae
870 862 1097 912 machina,qui
1118 864 1253 900 ministri
1272 870 1354 900 tanti
1367 878 1436 902 mu-

50 916 135 953 neris
148 913 269 949 fuerint
282 923 301 950 ἒ.

85 961 346 1012 Κείροηιίεσωπῐι
363 961 563 1011 Augustinm
577 963 685 1009 canfhs
702 961 881 997 volimtatis
902 964 966 1001 Dei
967 964 1052 1010 scire
1061 973 1205 1010 quaerunt
1217 978 1227 997 .·
1240 976 1310 999 cum
1323 964 1439 998 volun-

47 1022 96 1048 tas
110 1012 175 1047 Dei
192 1013 330 1046 omnium
342 1013 485 1059 quaeficnt
495 1010 627 1060 ‚ipfizsit
643 1011 746 1056 causi«.
770 1012 848 1058 Jam
861 1014 938 1047 utris
953 1013 1061 1061 potius
1081 1011 1229 1047 affentiar
1241 1042 1250 1057 ‚
1274 1015 1437 1061 Epicureis

49 1074 92 1097 an
109 1060 279 1096 Platonicis
289 1060 363 1097 imi
376 1060 498 1096 coelum
513 1089 523 1103 ,
539 1070 658 1096 terram
670 1088 678 1102 ‚
689 1060 835 1096 homines
852 1061 1002 1097 concursu
1019 1073 1202 1097 atomorum
1217 1074 1349 1110 repente
1364 1074 1439 1110 pro-

49 1109 138 1146 diiffe
150 1137 159 1152 ,
173 1112 278 1144 Deum
290 1110 428 1145 omnino
444 1106 559 1143 cessare
572 1137 582 1152 ,
598 1108 678 1145 nihil
700 1120 796 1157 agere
809 1137 818 1152 ‚
844 1109 926 1144 nihil
944 1110 1052 1145 moliri
1065 1111 1275 1147 contendunt.
1296 1113 1341 1146 Hi
1357 1123 1438 1145 con-

51 1169 100 1194 tta
117 1170 156 1193 ex
174 1171 195 1193 0
220 1156 326 1193 eribus
347 1156 526 1206 magnificis
541 1169 637 1205 atque
654 1157 813 1205 praeclaris
822 1170 894 1194 cum
911 1158 1009 1206 ipsum
1026 1159 1183 1193 mundum
1197 1164 1230 1196 δε
1247 1164 1312 1206 ejus
1331 1172 1441 1199 mems

52 1206 110 1242 bra
120 1236 130 1252 ,
147 1218 182 1241 ut
211 1208 341 1254 oquitur
351 1206 479 1242 Tullius
489 1206 632 1250 ,coelurn
646 1234 655 1248 ,
673 1217 770 1241 terras
782 1235 792 1250 ‚
805 1209 903 1242 maria
915 1218 1005 1250 ;-tum
1026 1206 1141 1242 horum
1157 1208 1289 1257 insignia
1302 1208 1416 1243 Solem
1429 1232 1442 1251 9

52 1257 179 1293 Lunam
192 1284 201 1299 ,
210 1254 389 1303 stellasque
400 1253 568 1300 vidiffent5
583 1267 722 1302 cumque
738 1266 922 1303 tempotum
939 1258 1146 1300 mutationes,
1155 1260 1354 1292 maturitates
1369 1285 1378 1300 ,
1391 1260 1441 1292 vi-

48 1303 304 1352 ciffitudinesque
323 1302 724 1354 cognovilsent‚-suspicati
744 1304 816 1340 sunt
832 1304 977 1353 aliquam
994 1304 1212 1342 excellentem
1223 1306 1282 1343 ess‘e
1293 1307 1440 1355 praestan-

54 1365 187 1401 temque
195 1365 344 1390 naturam
354 1383 364 1398 ,
377 1367 448 1402 quae
466 1354 530 1390 haec
550 1352 684 1397 feciffet,
699 1365 851 1390 moveret
862 1382 871 1392 ‚
892 1365 1020 1403 regeret
1034 1383 1044 1398 ,
1055 1353 1261 1403 gubernaret.
1440 1384 1442 1388 ,

87 1403 150 1438 Sed
162 1401 330 1437 molestius
344 1414 494 1451 quaerunt
506 1431 516 1447 ‚
526 1415 578 1438 cur
594 1405 685 1438 Deus
702 1403 945 1438 mundumante
962 1416 1031 1439 non
1045 1404 1174 1448 fece1i13
1186 1418 1240 1442 cur
1248 1418 1316 1443 non
1326 1405 1441 1442 decem

52 1463 132 1488 ante
145 1481 155 1495 ,
170 1463 226 1487 aut
241 1462 370 1489 centum
392 1455 549 1488 annorum
573 1450 684 1487 millia.

91 1501 129 1534 R.
160 1499 245 1549 quasi
268 1513 420 1537 numerus
439 1500 495 1537 ille
509 1513 665 1537 annorum
677 1503 1074 1550 quantumvisangeatur,
1094 1514 1169 1539 cum
1185 1501 1249 1551 ipsa
1263 1504 1441 1540 aeternitate

56 1562 262 1599 comparatus-
273 1550 392 1598 aliquid
406 1552 567 1587 momenti
584 1549 619 1584 fit
633 1550 811 1586 habiturus.
831 1553 1003 1585 AEternitas
1014 1580 1023 1594 ‚
1035 1564 1069 1586 nt
1081 1554 1208 1599 optime
1228 1553 1279 1586 vit
1293 1549 1442 1586 doctissi-

54 1600 183 1642 muS,est
197 1601 242 1633 rei
262 1599 510 1649 independentis
521 1628 530 1642 ‚
543 1604 577 1636 &
588 1596 768 1634 'necessariae
777 1598 940 1634 chamae:
958 1615 967 1643 ;
986 1602 1053 1634 cito
1063 1611 1117 1634 aut
1129 1600 1217 1634 tarde
1228 1598 1300 1634 sunt
1314 1611 1443 1647 tempo-

58 1649 100 1683 ris
111 1647 299 1683 affectiones
311 1676 319 1690 ‚
331 1660 396 1682 non
410 1649 596 1683 aeternitatis
607 1676 617 1691 ,
634 1659 705 1694 quae
723 1647 871 1682 Creatori
881 1661 947 1683 non
964 1647 1058 1684 rebus
1078 1651 1191 1683 creatis
1205 1650 1377 1685 convenit:
1396 1649 1444 1686 hae

59 1697 196 1745 quidem
215 1707 284 1731 tum
296 1702 480 1745 coeperun‘t‚
494 1709 565 1732 cum
578 1708 631 1731 eas
646 1698 787 1744 incipere
808 1699 961 1744 oportuit.

109 1745 197 1795 Opp.
213 1759 241 1782 2.
253 1745 436 1780 Aristoteles
447 1757 572 1781 motum
585 1750 617 1782 &
636 1756 759 1792 tempus
774 1745 915 1793 incipere
928 1757 1096 1793 nunquam
1110 1742 1257 1795 potuiffe:
1270 1758 1338 1783 non
1353 1750 1441 1783 enim

58 1795 163 1844 potest
177 1793 301 1829 mobile
314 1793 383 1829 fieri
394 1823 403 1838 ,
420 1795 509 1842 quod
525 1806 600 1830 ante
612 1807 678 1830 non
703 1803 770 1827 erat
782 1821 792 1836 ‚
807 1793 863 1829 nifi
873 1807 929 1843 per
943 1806 1083 1830 motum.

100 1845 139 1880 R.
152 1844 187 1879 Id
202 1844 364 1892 nega-nde.
384 1843 484 1891 Qd
498 1846 583 1879 enim
595 1842 632 1879 fit
643 1855 682 1878 ex
696 1841 799 1878 nihilo
812 1856 867 1892 per
876 1847 1077 1880 creationem
1088 1873 1099 1888 ,
1112 1846 1145 1881 id
1154 1845 1217 1881 fine
1228 1856 1320 1881 motu
1342 1844 1446 1881 effici-

59 1903 109 1927 tur
131 1907 139 1929 :
161 1904 221 1928 nec
242 1895 363 1928 creatio
373 1894 415 1928 est
425 1892 579 1940 quiddam
588 1894 637 1927 rei
648 1904 717 1941 quae
728 1889 864 1928 efficitur
883 1894 1068 1943 adJuncwm
1078 1922 1088 1939 ‚
1098 1899 1132 1931 &
1144 1894 1187 1930 ab
1207 1907 1245 1930 ea
1261 1893 1442 1939 discretum,

62 1951 100 1975 ut
114 1939 167 1975 suo
185 1940 258 1975 loco
278 1942 425 1978 diximus,
985 1976 987 1979 .

99 1988 236 2033 hastam.-
257 1991 291 2023 Si
306 2001 430 2039 ternpus
453 1990 626 2038 aliquando
643 1991 764 2040 incepit
781 2018 789 2032 ‚
817 2003 896 2041 ergo
911 1991 1105 2039 aliquando,
1129 2003 1184 2028 aut
1195 1994 1282 2042 prius
1297 2006 1363 2029 non
1377 2005 1446 2028 erat

63 2046 210 2085 tempus:
228 2036 314 2072 Cum
336 2050 443 2074 tamen
461 2039 639 2086 aliquando
654 2041 801 2088 ‚&ptius
825 2039 889 2076 fine
909 2052 1058 2090 tempore
1072 2043 1198 2090 concipi
1212 2054 1277 2077 non
1288 2040 1420 2091 poffint.

99 2086 146 2120 R..
163 2087 210 2119 In-
220 2085 283 2130 ipsa
297 2089 475 2122 aeternitate
485 2087 634 2124 nihilesse
651 2090 735 2137 prius
748 2100 803 2124 aut
817 2091 969 2138 posterius
983 2117 994 2133 ‚
1005 2089 1140 2137 sedeam
1149 2089 1212 2126 esse
1227 2102 1332 2127 totam
1347 2089 1446 2134 snnuk

65 2139 101 2171 &
121 2133 348 2218 indiv}fib¹len³
369 2150 376 2172 :
400 2137 507 2184 itaque
528 2138 604 2173 ante
627 2138 742 2173 mundi
763 2143 960 2175 creationem
980 2152 1047 2176 non
1065 2152 1178 2177 verum
1191 2168 1203 2184 ,
1219 2139 1272 2175 sed
1296 2139 1447 2175 fictitium

67 2193 194 2232 tempus
228 2196 284 2220 Ult.

107 2233 189 2281 opp»
209 2247 230 2276 3-
250 2234 351 2280 Qod
371 2245 476 2269 ortum
494 2232 549 2278 fit,
560 2244 713 2272 aeternum
728 2235 788 2272 esse
805 2251 871 2274 non
879 2237 986 2287 poffe:
1004 2250 1060 2274 aut
1077 2242 1159 2286 cujus
1169 2236 1300 2284 aliquod
1317 2237 1447 2273 initium

73 2280 109 2316 sit
125 2310 134 2323 ‚
159 2285 226 2329 ejus
243 2284 323 2319 nihil
344 2281 404 2318 effe
420 2294 614 2319 extremum.

101 2329 142 2366 R.
169 2332 229 2365 His
236 2333 283 2414 {aad
303 2331 463 2416 sunppum
480 2329 587 2377 effici,
610 2333 721 2369 mundi
729 2338 1044 2383 coagmentationem
1056 2344 1169 2373 natura
1177 2332 1229 2370 sua
1246 2332 1307 2369 effe
1319 2333 1447 2372 dissolu-

268 2395 323 2416 om.
397 2408 406 2417 .
1272 2384 1305 2417 Ii
