<?xml version="1.0" encoding="UTF-8"?>
<!DOCTYPE html PUBLIC "-//W3C//DTD XHTML 1.0 Transitional//EN"
    "http://www.w3.org/TR/xhtml1/DTD/xhtml1-transitional.dtd">
<html xmlns="http://www.w3.org/1999/xhtml" xml:lang="en" lang="en">
 <head>
  <title>
</title>
<meta http-equiv="Content-Type" content="text/html;charset=utf-8" />
  <meta name='ocr-system' content='tesseract 3.04.00' />
  <meta name='ocr-capabilities' content='ocr_page ocr_carea ocr_par ocr_line ocrx_word'/>
</head>
<body>
  <div class='ocr_page' id='page_1' title='image "./philosophiavetus02duhauoft_0303.png"; bbox 0 0 1878 2724; ppageno 0'>
   <div class='ocr_carea' id='block_1_1' title="bbox 78 164 1498 2504">
    <p class='ocr_par' dir='ltr' id='par_1_1' title="bbox 564 164 1477 209">
     <span class='ocr_line' id='line_1_1' title="bbox 564 164 1477 209; baseline 0.008 -7"><span class='ocrx_word' id='word_1_1' title='bbox 564 164 721 203; x_wconf 80' lang='lat' dir='ltr'>PARS</span> <span class='ocrx_word' id='word_1_2' title='bbox 759 164 1050 204; x_wconf 65' lang='lat' dir='ltr'><strong>SECUNDA.</strong></span> <span class='ocrx_word' id='word_1_3' title='bbox 1422 184 1477 209; x_wconf 52' lang='lat'>21*</span> 
     </span>
    </p>

    <p class='ocr_par' dir='ltr' id='par_1_2' title="bbox 80 185 1473 461">
     <span class='ocr_line' id='line_1_2' title="bbox 122 185 1472 273; baseline 0.004 -24"><span class='ocrx_word' id='word_1_4' title='bbox 122 217 208 256; x_wconf 58' lang='lat' dir='ltr'>mld</span> <span class='ocrx_word' id='word_1_5' title='bbox 224 214 423 273; x_wconf 65' lang='lat' dir='ltr'>experientia</span> <span class='ocrx_word' id='word_1_6' title='bbox 434 210 555 248; x_wconf 81' lang='lat' dir='ltr'>constat</span> <span class='ocrx_word' id='word_1_7' title='bbox 571 217 660 264; x_wconf 80' lang='lat' dir='ltr'>quod</span> <span class='ocrx_word' id='word_1_8' title='bbox 677 215 767 264; x_wconf 85' lang='lat' dir='ltr'>supra</span> <span class='ocrx_word' id='word_1_9' title='bbox 780 214 871 251; x_wconf 77' lang='lat' dir='ltr'>fufius</span> <span class='ocrx_word' id='word_1_10' title='bbox 890 215 1086 265; x_wconf 78' lang='lat' dir='ltr'>explicatum</span> <span class='ocrx_word' id='word_1_11' title='bbox 1104 215 1168 252; x_wconf 87' lang='lat' dir='ltr'>fuit</span> <span class='ocrx_word' id='word_1_12' title='bbox 1179 245 1190 261; x_wconf 87' lang='lat'>‚</span> <span class='ocrx_word' id='word_1_13' title='bbox 1213 217 1318 253; x_wconf 84' lang='lat' dir='ltr'>radios</span> <span class='ocrx_word' id='word_1_14' title='bbox 1341 185 1472 255; x_wconf 46' lang='lat' dir='ltr'>luminis</span> 
     </span>
     <span class='ocr_line' id='line_1_3' title="bbox 84 259 1473 316; baseline 0.001 -14"><span class='ocrx_word' id='word_1_15' title='bbox 84 267 119 302; x_wconf 78' lang='lat' dir='ltr'>in</span> <span class='ocrx_word' id='word_1_16' title='bbox 138 267 237 302; x_wconf 61' lang='lat' dir='ltr'>rea‘as</span> <span class='ocrx_word' id='word_1_17' title='bbox 250 266 350 300; x_wconf 80' lang='lat' dir='ltr'>lineas</span> <span class='ocrx_word' id='word_1_18' title='bbox 365 259 522 307; x_wconf 79' lang='lat' dir='ltr'>diffundi,</span> <span class='ocrx_word' id='word_1_19' title='bbox 542 266 685 311; x_wconf 86' lang='lat' dir='ltr'>quandiu</span> <span class='ocrx_word' id='word_1_20' title='bbox 704 266 791 300; x_wconf 85' lang='lat' dir='ltr'>idem</span> <span class='ocrx_word' id='word_1_21' title='bbox 812 266 956 301; x_wconf 80' lang='lat' dir='ltr'>medium</span> <span class='ocrx_word' id='word_1_22' title='bbox 969 294 979 309; x_wconf 89' lang='lat'>,</span> <span class='ocrx_word' id='word_1_23' title='bbox 995 276 1030 300; x_wconf 89' lang='lat' dir='ltr'>ut</span> <span class='ocrx_word' id='word_1_24' title='bbox 1047 266 1163 300; x_wconf 79' lang='lat' dir='ltr'>:ethera</span> <span class='ocrx_word' id='word_1_25' title='bbox 1180 295 1189 310; x_wconf 93' lang='lat'><em>‚</em></span> <span class='ocrx_word' id='word_1_26' title='bbox 1206 267 1259 302; x_wconf 85' lang='lat' dir='ltr'>vel</span> <span class='ocrx_word' id='word_1_27' title='bbox 1277 279 1349 302; x_wconf 83' lang='lat' dir='ltr'>aera</span> <span class='ocrx_word' id='word_1_28' title='bbox 1363 281 1473 316; x_wconf 81' lang='lat' dir='ltr'>perva-</span> 
     </span>
     <span class='ocr_line' id='line_1_4' title="bbox 80 311 1472 361; baseline 0.002 -12"><span class='ocrx_word' id='word_1_29' title='bbox 80 316 184 351; x_wconf 82' lang='lat' dir='ltr'>&#39;dunt;</span> <span class='ocrx_word' id='word_1_30' title='bbox 198 314 246 350; x_wconf 78' lang='lat' dir='ltr'>sed</span> <span class='ocrx_word' id='word_1_31' title='bbox 263 313 320 348; x_wconf 89' lang='lat' dir='ltr'>ubi</span> <span class='ocrx_word' id='word_1_32' title='bbox 332 311 490 348; x_wconf 86' lang='lat' dir='ltr'>diversum</span> <span class='ocrx_word' id='word_1_33' title='bbox 508 314 649 348; x_wconf 81' lang='lat' dir='ltr'>medium</span> <span class='ocrx_word' id='word_1_34' title='bbox 668 319 832 350; x_wconf 71' lang='lat' dir='ltr'>&amp;naturae</span> <span class='ocrx_word' id='word_1_35' title='bbox 849 325 905 348; x_wconf 85' lang='lat' dir='ltr'>aut</span> <span class='ocrx_word' id='word_1_36' title='bbox 917 312 1087 358; x_wconf 75' lang='lat' dir='ltr'>denssoris‚</span> <span class='ocrx_word' id='word_1_37' title='bbox 1109 325 1163 349; x_wconf 85' lang='lat' dir='ltr'>aut</span> <span class='ocrx_word' id='word_1_38' title='bbox 1178 317 1302 349; x_wconf 83' lang='lat' dir='ltr'>rarioris</span> <span class='ocrx_word' id='word_1_39' title='bbox 1315 320 1472 361; x_wconf 83' lang='lat' dir='ltr'>occurrit,</span> 
     </span>
     <span class='ocr_line' id='line_1_5' title="bbox 81 360 1471 412; baseline 0.004 -16"><span class='ocrx_word' id='word_1_40' title='bbox 81 360 143 400; x_wconf 83' lang='lat' dir='ltr'>nec</span> <span class='ocrx_word' id='word_1_41' title='bbox 156 364 257 397; x_wconf 88' lang='lat' dir='ltr'>radius</span> <span class='ocrx_word' id='word_1_42' title='bbox 276 361 406 397; x_wconf 84' lang='lat' dir='ltr'>luminis</span> <span class='ocrx_word' id='word_1_43' title='bbox 421 364 451 395; x_wconf 89' lang='lat' dir='ltr'>in</span> <span class='ocrx_word' id='word_1_44' title='bbox 467 360 665 409; x_wconf 83' lang='lat' dir='ltr'>superficiem</span> <span class='ocrx_word' id='word_1_45' title='bbox 677 362 806 397; x_wconf 83' lang='lat' dir='ltr'>secundi</span> <span class='ocrx_word' id='word_1_46' title='bbox 824 364 922 397; x_wconf 85' lang='lat' dir='ltr'>medii</span> <span class='ocrx_word' id='word_1_47' title='bbox 941 365 1053 398; x_wconf 75' lang='lat' dir='ltr'>incidit</span> <span class='ocrx_word' id='word_1_48' title='bbox 1065 364 1103 397; x_wconf 84' lang='lat' dir='ltr'>ad</span> <span class='ocrx_word' id='word_1_49' title='bbox 1119 365 1392 412; x_wconf 83' lang='lat' dir='ltr'>perpendiculum,</span> <span class='ocrx_word' id='word_1_50' title='bbox 1404 377 1471 402; x_wconf 89' lang='lat' dir='ltr'>turn</span> 
     </span>
     <span class='ocr_line' id='line_1_6' title="bbox 85 408 1338 461; baseline 0 -13"><span class='ocrx_word' id='word_1_51' title='bbox 85 410 206 449; x_wconf 64' lang='lat' dir='ltr'>arceto</span> <span class='ocrx_word' id='word_1_52' title='bbox 221 413 337 446; x_wconf 85' lang='lat' dir='ltr'>itinere</span> <span class='ocrx_word' id='word_1_53' title='bbox 347 408 491 445; x_wconf 61' lang='lat' dir='ltr'>deflectit</span> <span class='ocrx_word' id='word_1_54' title='bbox 509 424 517 446; x_wconf 72' lang='grc' dir='ltr'><strong>ε</strong></span> <span class='ocrx_word' id='word_1_55' title='bbox 536 411 596 446; x_wconf 87' lang='lat' dir='ltr'>hoc</span> <span class='ocrx_word' id='word_1_56' title='bbox 607 410 796 459; x_wconf 71' lang='lat' dir='ltr'>veroiplurn</span> <span class='ocrx_word' id='word_1_57' title='bbox 806 412 854 445; x_wconf 86' lang='lat' dir='ltr'>est</span> <span class='ocrx_word' id='word_1_58' title='bbox 869 412 956 458; x_wconf 85' lang='lat' dir='ltr'>quod</span> <span class='ocrx_word' id='word_1_59' title='bbox 972 409 1127 447; x_wconf 60' lang='lat' dir='ltr'>refractio</span> <span class='ocrx_word' id='word_1_60' title='bbox 1148 413 1338 461; x_wconf 76' lang='lat' dir='ltr'>appellatur.</span> 
     </span>
    </p>

    <p class='ocr_par' dir='ltr' id='par_1_3' title="bbox 78 458 1498 655">
     <span class='ocr_line' id='line_1_7' title="bbox 78 458 1498 509; baseline 0 -12"><span class='ocrx_word' id='word_1_61' title='bbox 78 477 83 481; x_wconf 31' lang='grc' dir='ltr'><strong>Δ</strong></span> <span class='ocrx_word' id='word_1_62' title='bbox 120 474 159 498; x_wconf 65' lang='lat'>20</span> <span class='ocrx_word' id='word_1_63' title='bbox 174 460 314 509; x_wconf 77' lang='lat' dir='ltr'>Angulus</span> <span class='ocrx_word' id='word_1_64' title='bbox 328 458 381 493; x_wconf 86' lang='lat' dir='ltr'>ille</span> <span class='ocrx_word' id='word_1_65' title='bbox 395 469 448 493; x_wconf 82' lang='lat' dir='ltr'>aut</span> <span class='ocrx_word' id='word_1_66' title='bbox 458 463 556 507; x_wconf 81' lang='lat' dir='ltr'>major</span> <span class='ocrx_word' id='word_1_67' title='bbox 572 461 615 495; x_wconf 81' lang='lat' dir='ltr'>est</span> <span class='ocrx_word' id='word_1_68' title='bbox 634 471 689 495; x_wconf 89' lang='lat' dir='ltr'>aut</span> <span class='ocrx_word' id='word_1_69' title='bbox 705 461 811 494; x_wconf 82' lang='lat' dir='ltr'>minor</span> <span class='ocrx_word' id='word_1_70' title='bbox 828 460 990 508; x_wconf 80' lang='lat' dir='ltr'>duplicem</span> <span class='ocrx_word' id='word_1_71' title='bbox 1002 460 1047 494; x_wconf 91' lang='lat' dir='ltr'>ob</span> <span class='ocrx_word' id='word_1_72' title='bbox 1059 460 1193 497; x_wconf 77' lang='lat' dir='ltr'>causam·</span> <span class='ocrx_word' id='word_1_73' title='bbox 1209 463 1285 498; x_wconf 83' lang='lat' dir='ltr'>Una</span> <span class='ocrx_word' id='word_1_74' title='bbox 1297 463 1339 497; x_wconf 90' lang='lat' dir='ltr'>est</span> <span class='ocrx_word' id='word_1_75' title='bbox 1349 463 1475 498; x_wconf 80' lang='lat' dir='ltr'>medio-</span> <span class='ocrx_word' id='word_1_76' title='bbox 1495 483 1498 487; x_wconf 49' lang='grc' dir='ltr'><em>ι</em></span> 
     </span>
     <span class='ocr_line' id='line_1_8' title="bbox 81 506 1475 559; baseline 0.002 -15"><span class='ocrx_word' id='word_1_77' title='bbox 81 519 154 544; x_wconf 81' lang='lat' dir='ltr'>mm</span> <span class='ocrx_word' id='word_1_78' title='bbox 165 507 327 544; x_wconf 73' lang='lat' dir='ltr'>diversitas</span> <span class='ocrx_word' id='word_1_79' title='bbox 342 537 351 551; x_wconf 85' lang='lat'>,</span> <span class='ocrx_word' id='word_1_80' title='bbox 371 507 473 542; x_wconf 84' lang='lat' dir='ltr'>altera</span> <span class='ocrx_word' id='word_1_81' title='bbox 496 508 547 542; x_wconf 78' lang='lat' dir='ltr'>est</span> <span class='ocrx_word' id='word_1_82' title='bbox 560 508 680 543; x_wconf 74' lang='lat' dir='ltr'>diverla</span> <span class='ocrx_word' id='word_1_83' title='bbox 695 509 858 543; x_wconf 83' lang='lat' dir='ltr'>radiorum</span> <span class='ocrx_word' id='word_1_84' title='bbox 871 511 928 556; x_wconf 82' lang='lat' dir='ltr'>qui</span> <span class='ocrx_word' id='word_1_85' title='bbox 939 511 973 544; x_wconf 83' lang='lat' dir='ltr'>in</span> <span class='ocrx_word' id='word_1_86' title='bbox 986 506 1186 558; x_wconf 75' lang='lat' dir='ltr'>superficiem</span> <span class='ocrx_word' id='word_1_87' title='bbox 1205 513 1289 546; x_wconf 86' lang='lat' dir='ltr'>inter</span> <span class='ocrx_word' id='word_1_88' title='bbox 1303 522 1475 559; x_wconf 81' lang='lat' dir='ltr'>utrumque</span> 
     </span>
     <span class='ocr_line' id='line_1_9' title="bbox 85 555 1474 606; baseline 0 -14"><span class='ocrx_word' id='word_1_89' title='bbox 85 559 228 593; x_wconf 84' lang='lat' dir='ltr'>medium</span> <span class='ocrx_word' id='word_1_90' title='bbox 243 555 378 606; x_wconf 74' lang='lat' dir='ltr'>positam</span> <span class='ocrx_word' id='word_1_91' title='bbox 389 557 534 591; x_wconf 87' lang='lat' dir='ltr'>incidunt</span> <span class='ocrx_word' id='word_1_92' title='bbox 545 585 555 600; x_wconf 88' lang='lat'>‚</span> <span class='ocrx_word' id='word_1_93' title='bbox 570 557 739 592; x_wconf 80' lang='lat' dir='ltr'>inclinatio</span> <span class='ocrx_word' id='word_1_94' title='bbox 760 570 768 592; x_wconf 89' lang='lat'>:</span> <span class='ocrx_word' id='word_1_95' title='bbox 784 567 888 604; x_wconf 88' lang='lat' dir='ltr'>eaque</span> <span class='ocrx_word' id='word_1_96' title='bbox 901 558 949 591; x_wconf 87' lang='lat' dir='ltr'>est</span> <span class='ocrx_word' id='word_1_97' title='bbox 968 557 1107 606; x_wconf 83' lang='lat' dir='ltr'>duplex:</span> <span class='ocrx_word' id='word_1_98' title='bbox 1128 572 1203 595; x_wconf 83' lang='lat' dir='ltr'>nam</span> <span class='ocrx_word' id='word_1_99' title='bbox 1217 559 1269 596; x_wconf 87' lang='lat' dir='ltr'>vel</span> <span class='ocrx_word' id='word_1_100' title='bbox 1291 560 1395 594; x_wconf 81' lang='lat' dir='ltr'>radius</span> <span class='ocrx_word' id='word_1_101' title='bbox 1409 561 1474 595; x_wconf 51' lang='lat' dir='ltr'>fra.¹</span> 
     </span>
     <span class='ocr_line' id='line_1_10' title="bbox 79 603 1027 655; baseline 0.003 -15"><span class='ocrx_word' id='word_1_102' title='bbox 79 606 156 642; x_wconf 59' lang='lat' dir='ltr'>&amp;us</span> <span class='ocrx_word' id='word_1_103' title='bbox 172 607 211 641; x_wconf 85' lang='lat' dir='ltr'>ad</span> <span class='ocrx_word' id='word_1_104' title='bbox 227 605 529 655; x_wconf 78' lang='lat' dir='ltr'>perpendicularem</span> <span class='ocrx_word' id='word_1_105' title='bbox 543 606 692 648; x_wconf 74' lang='lat' dir='ltr'>accedit,</span> <span class='ocrx_word' id='word_1_106' title='bbox 706 603 759 639; x_wconf 85' lang='lat' dir='ltr'>vel</span> <span class='ocrx_word' id='word_1_107' title='bbox 775 605 817 639; x_wconf 89' lang='lat' dir='ltr'>ab</span> <span class='ocrx_word' id='word_1_108' title='bbox 831 617 869 640; x_wconf 80' lang='lat' dir='ltr'>ea</span> <span class='ocrx_word' id='word_1_109' title='bbox 885 605 1027 643; x_wconf 84' lang='lat' dir='ltr'>discedit.</span> 
     </span>
    </p>

    <p class='ocr_par' dir='ltr' id='par_1_4' title="bbox 81 651 1477 997">
     <span class='ocr_line' id='line_1_11' title="bbox 132 651 1475 706; baseline 0.001 -18"><span class='ocrx_word' id='word_1_110' title='bbox 132 667 170 698; x_wconf 85' lang='lat'>30</span> <span class='ocrx_word' id='word_1_111' title='bbox 183 656 284 702; x_wconf 80' lang='lat' dir='ltr'>Qod</span> <span class='ocrx_word' id='word_1_112' title='bbox 304 652 326 688; x_wconf 81' lang='lat' dir='ltr'>fi</span> <span class='ocrx_word' id='word_1_113' title='bbox 341 654 419 687; x_wconf 89' lang='lat' dir='ltr'>radii</span> <span class='ocrx_word' id='word_1_114' title='bbox 433 655 514 688; x_wconf 81' lang='lat' dir='ltr'>inter</span> <span class='ocrx_word' id='word_1_115' title='bbox 529 652 560 688; x_wconf 89' lang='lat' dir='ltr'>se</span> <span class='ocrx_word' id='word_1_116' title='bbox 578 651 725 702; x_wconf 78' lang='lat' dir='ltr'>paralleli</span> <span class='ocrx_word' id='word_1_117' title='bbox 748 665 788 688; x_wconf 89' lang='lat' dir='ltr'>ex</span> <span class='ocrx_word' id='word_1_118' title='bbox 803 666 876 689; x_wconf 87' lang='lat' dir='ltr'>aere</span> <span class='ocrx_word' id='word_1_119' title='bbox 899 656 1043 690; x_wconf 76' lang='lat' dir='ltr'>incidant</span> <span class='ocrx_word' id='word_1_120' title='bbox 1061 657 1093 690; x_wconf 89' lang='lat' dir='ltr'>in</span> <span class='ocrx_word' id='word_1_121' title='bbox 1111 658 1251 699; x_wconf 82' lang='lat' dir='ltr'>vitrum,</span> <span class='ocrx_word' id='word_1_122' title='bbox 1265 661 1350 704; x_wconf 81' lang='lat' dir='ltr'>cujus</span> <span class='ocrx_word' id='word_1_123' title='bbox 1370 655 1475 706; x_wconf 85' lang='lat' dir='ltr'>super-</span> 
     </span>
     <span class='ocr_line' id='line_1_12' title="bbox 87 701 1475 753; baseline -0.001 -13"><span class='ocrx_word' id='word_1_124' title='bbox 87 703 176 740; x_wconf 84' lang='lat' dir='ltr'>ficies</span> <span class='ocrx_word' id='word_1_125' title='bbox 192 701 343 751; x_wconf 66' lang='lat' dir='ltr'>opposita:</span> <span class='ocrx_word' id='word_1_126' title='bbox 352 701 532 737; x_wconf 71' lang='lat' dir='ltr'>fintitidem</span> <span class='ocrx_word' id='word_1_127' title='bbox 545 703 723 751; x_wconf 86' lang='lat' dir='ltr'>parallelae‚</span> <span class='ocrx_word' id='word_1_128' title='bbox 742 702 848 751; x_wconf 86' lang='lat' dir='ltr'>palam</span> <span class='ocrx_word' id='word_1_129' title='bbox 859 704 906 738; x_wconf 85' lang='lat' dir='ltr'>est</span> <span class='ocrx_word' id='word_1_130' title='bbox 919 702 957 738; x_wconf 82' lang='lat' dir='ltr'>slc</span> <span class='ocrx_word' id='word_1_131' title='bbox 973 706 1078 739; x_wconf 87' lang='lat' dir='ltr'>radios</span> <span class='ocrx_word' id='word_1_132' title='bbox 1090 704 1214 753; x_wconf 80' lang='lat' dir='ltr'>frangi,</span> <span class='ocrx_word' id='word_1_133' title='bbox 1233 717 1402 741; x_wconf 81' lang='lat' dir='ltr'>utexeant</span> <span class='ocrx_word' id='word_1_134' title='bbox 1417 708 1475 740; x_wconf 87' lang='lat' dir='ltr'>ad-</span> 
     </span>
     <span class='ocr_line' id='line_1_13' title="bbox 81 749 1476 802; baseline 0 -15"><span class='ocrx_word' id='word_1_135' title='bbox 81 753 149 787; x_wconf 65' lang='lat' dir='ltr'>‘huc</span> <span class='ocrx_word' id='word_1_136' title='bbox 165 749 369 787; x_wconf 74' lang='lat' dir='ltr'>tumintense</span> <span class='ocrx_word' id='word_1_137' title='bbox 390 779 401 793; x_wconf 90' lang='lat'>,</span> <span class='ocrx_word' id='word_1_138' title='bbox 428 762 497 785; x_wconf 85' lang='lat' dir='ltr'>turn</span> <span class='ocrx_word' id='word_1_139' title='bbox 519 754 620 787; x_wconf 81' lang='lat' dir='ltr'>etiam</span> <span class='ocrx_word' id='word_1_140' title='bbox 643 764 714 786; x_wconf 85' lang='lat' dir='ltr'>cum</span> <span class='ocrx_word' id='word_1_141' title='bbox 737 751 894 800; x_wconf 80' lang='lat' dir='ltr'>prioribus</span> <span class='ocrx_word' id='word_1_142' title='bbox 909 753 1003 787; x_wconf 79' lang='lat' dir='ltr'>radiis</span> <span class='ocrx_word' id='word_1_143' title='bbox 1018 753 1164 802; x_wconf 59' lang='lat' dir='ltr'>paralleli</span> <span class='ocrx_word' id='word_1_144' title='bbox 1191 767 1198 788; x_wconf 75' lang='grc' dir='ltr'><strong><em>ε</em></strong></span> <span class='ocrx_word' id='word_1_145' title='bbox 1223 752 1263 788; x_wconf 88' lang='lat' dir='ltr'>slc</span> <span class='ocrx_word' id='word_1_146' title='bbox 1285 757 1373 789; x_wconf 85' lang='lat' dir='ltr'>enim</span> <span class='ocrx_word' id='word_1_147' title='bbox 1399 767 1476 791; x_wconf 63' lang='lat' dir='ltr'>ean-</span> 
     </span>
     <span class='ocr_line' id='line_1_14' title="bbox 89 798 1476 851; baseline 0 -14"><span class='ocrx_word' id='word_1_148' title='bbox 89 801 164 837; x_wconf 84' lang='lat' dir='ltr'>dem</span> <span class='ocrx_word' id='word_1_149' title='bbox 185 804 348 850; x_wconf 76' lang='lat' dir='ltr'>patiuntur</span> <span class='ocrx_word' id='word_1_150' title='bbox 377 798 607 836; x_wconf 64' lang='lat' dir='ltr'>refraaionem</span> <span class='ocrx_word' id='word_1_151' title='bbox 633 803 762 837; x_wconf 62' lang='lat' dir='ltr'>exvitro</span> <span class='ocrx_word' id='word_1_152' title='bbox 779 813 931 836; x_wconf 83' lang='lat' dir='ltr'>exeuntes</span> <span class='ocrx_word' id='word_1_153' title='bbox 949 830 959 844; x_wconf 92' lang='lat'>‚</span> <span class='ocrx_word' id='word_1_154' title='bbox 985 812 1084 849; x_wconf 77' lang='lat' dir='ltr'>quam</span> <span class='ocrx_word' id='word_1_155' title='bbox 1098 801 1282 837; x_wconf 79' lang='lat' dir='ltr'>habuerunt</span> <span class='ocrx_word' id='word_1_156' title='bbox 1295 805 1327 838; x_wconf 87' lang='lat' dir='ltr'>in</span> <span class='ocrx_word' id='word_1_157' title='bbox 1347 803 1413 851; x_wconf 82' lang='lat' dir='ltr'>ipso</span> <span class='ocrx_word' id='word_1_158' title='bbox 1427 807 1476 840; x_wconf 84' lang='lat' dir='ltr'>in-</span> 
     </span>
     <span class='ocr_line' id='line_1_15' title="bbox 88 848 1477 898; baseline 0.004 -14"><span class='ocrx_word' id='word_1_159' title='bbox 88 848 208 898; x_wconf 77' lang='lat' dir='ltr'>greisu,</span> <span class='ocrx_word' id='word_1_160' title='bbox 230 850 354 885; x_wconf 79' lang='lat' dir='ltr'>licet-in</span> <span class='ocrx_word' id='word_1_161' title='bbox 368 860 473 897; x_wconf 81' lang='lat' dir='ltr'>partes</span> <span class='ocrx_word' id='word_1_162' title='bbox 485 849 643 898; x_wconf 73' lang='lat' dir='ltr'>oppositas</span> <span class='ocrx_word' id='word_1_163' title='bbox 661 867 670 894; x_wconf 81' lang='lat'>3</span> <span class='ocrx_word' id='word_1_164' title='bbox 687 861 844 898; x_wconf 79' lang='lat' dir='ltr'>quantum</span> <span class='ocrx_word' id='word_1_165' title='bbox 864 853 951 886; x_wconf 78' lang='lat' dir='ltr'>enini</span> <span class='ocrx_word' id='word_1_166' title='bbox 967 852 1088 886; x_wconf 81' lang='lat' dir='ltr'>vitrum</span> <span class='ocrx_word' id='word_1_167' title='bbox 1102 849 1272 885; x_wconf 87' lang='lat' dir='ltr'>subeuntes</span> <span class='ocrx_word' id='word_1_168' title='bbox 1287 850 1477 889; x_wconf 72' lang='lat' dir='ltr'>access&#39;erunt</span> 
     </span>
     <span class='ocr_line' id='line_1_16' title="bbox 87 896 1476 948; baseline 0.005 -16"><span class='ocrx_word' id='word_1_169' title='bbox 87 898 130 932; x_wconf 83' lang='lat' dir='ltr'>ad</span> <span class='ocrx_word' id='word_1_170' title='bbox 154 896 453 947; x_wconf 82' lang='lat' dir='ltr'>perpendicularem</span> <span class='ocrx_word' id='word_1_171' title='bbox 469 927 479 942; x_wconf 90' lang='lat'>‚</span> <span class='ocrx_word' id='word_1_172' title='bbox 496 909 623 934; x_wconf 82' lang='lat' dir='ltr'>tantum</span> <span class='ocrx_word' id='word_1_173' title='bbox 634 898 746 948; x_wconf 81' lang='lat' dir='ltr'>egreffi</span> <span class='ocrx_word' id='word_1_174' title='bbox 757 897 798 933; x_wconf 83' lang='lat' dir='ltr'>ab</span> <span class='ocrx_word' id='word_1_175' title='bbox 809 911 847 934; x_wconf 76' lang='lat' dir='ltr'>ea</span> <span class='ocrx_word' id='word_1_176' title='bbox 858 899 1021 935; x_wconf 83' lang='lat' dir='ltr'>discedunt</span> <span class='ocrx_word' id='word_1_177' title='bbox 1033 916 1042 943; x_wconf 80' lang='lat'><em>3</em></span> <span class='ocrx_word' id='word_1_178' title='bbox 1057 899 1144 948; x_wconf 85' lang='lat' dir='ltr'>quod</span> <span class='ocrx_word' id='word_1_179' title='bbox 1157 901 1190 935; x_wconf 88' lang='lat' dir='ltr'>in</span> <span class='ocrx_word' id='word_1_180' title='bbox 1201 912 1309 936; x_wconf 77' lang='lat' dir='ltr'>aerem</span> <span class='ocrx_word' id='word_1_181' title='bbox 1322 903 1476 939; x_wconf 82' lang='lat' dir='ltr'>rariorem</span> 
     </span>
     <span class='ocr_line' id='line_1_17' title="bbox 90 949 836 997; baseline 0.004 -14"><span class='ocrx_word' id='word_1_182' title='bbox 90 949 243 996; x_wconf 85' lang='lat' dir='ltr'>migrent.</span> <span class='ocrx_word' id='word_1_183' title='bbox 545 994 548 995; x_wconf 19' lang='lat'><em>⁷</em></span> <span class='ocrx_word' id='word_1_184' title='bbox 834 994 836 997; x_wconf 33' lang='grc'><strong>,</strong></span> 
     </span>
    </p>

    <p class='ocr_par' dir='ltr' id='par_1_5' title="bbox 91 995 1479 1240">
     <span class='ocr_line' id='line_1_18' title="bbox 123 995 1478 1045; baseline 0.002 -12"><span class='ocrx_word' id='word_1_185' title='bbox 123 1011 174 1044; x_wconf 53' lang='lat'>4«.</span> <span class='ocrx_word' id='word_1_186' title='bbox 225 996 329 1033; x_wconf 66' lang='lat' dir='ltr'>&#39;uod&#39;fi</span> <span class='ocrx_word' id='word_1_187' title='bbox 341 998 409 1033; x_wconf 86' lang='lat' dir='ltr'>duae</span> <span class='ocrx_word' id='word_1_188' title='bbox 424 995 604 1044; x_wconf 81' lang='lat' dir='ltr'>superficies</span> <span class='ocrx_word' id='word_1_189' title='bbox 623 999 699 1032; x_wconf 84' lang='lat' dir='ltr'>vitri</span> <span class='ocrx_word' id='word_1_190' title='bbox 718 1010 785 1033; x_wconf 87' lang='lat' dir='ltr'>non</span> <span class='ocrx_word' id='word_1_191' title='bbox 805 997 863 1034; x_wconf 81' lang='lat' dir='ltr'>fint</span> <span class='ocrx_word' id='word_1_192' title='bbox 885 999 971 1034; x_wconf 63' lang='lat' dir='ltr'>inter</span> <span class='ocrx_word' id='word_1_193' title='bbox 989 996 1019 1033; x_wconf 87' lang='lat' dir='ltr'>se</span> <span class='ocrx_word' id='word_1_194' title='bbox 1037 996 1219 1045; x_wconf 71' lang='lat' dir='ltr'>parallelae‘,</span> <span class='ocrx_word' id='word_1_195' title='bbox 1257 997 1341 1034; x_wconf 51' lang='lat' dir='ltr'>radii»</span> <span class='ocrx_word' id='word_1_196' title='bbox 1357 1010 1478 1036; x_wconf 70' lang='lat' dir='ltr'>exeunt</span> 
     </span>
     <span class='ocr_line' id='line_1_19' title="bbox 91 1045 1477 1096; baseline 0.003 -16"><span class='ocrx_word' id='word_1_197' title='bbox 91 1046 221 1094; x_wconf 86' lang='lat' dir='ltr'>quidem</span> <span class='ocrx_word' id='word_1_198' title='bbox 239 1048 354 1083; x_wconf 54' lang='lat' dir='ltr'>&amp;vitro</span> <span class='ocrx_word' id='word_1_199' title='bbox 372 1046 429 1082; x_wconf 86' lang='lat' dir='ltr'>fibi</span> <span class='ocrx_word' id='word_1_200' title='bbox 446 1057 557 1081; x_wconf 84' lang='lat' dir='ltr'>mutuo</span> <span class='ocrx_word' id='word_1_201' title='bbox 569 1047 798 1093; x_wconf 79' lang='lat' dir='ltr'>aeqtiidistautes</span> <span class='ocrx_word' id='word_1_202' title='bbox 819 1077 828 1091; x_wconf 86' lang='lat'>,</span> <span class='ocrx_word' id='word_1_203' title='bbox 858 1047 910 1082; x_wconf 85' lang='lat' dir='ltr'>sed</span> <span class='ocrx_word' id='word_1_204' title='bbox 933 1059 1007 1082; x_wconf 84' lang='lat' dir='ltr'>cum</span> <span class='ocrx_word' id='word_1_205' title='bbox 1027 1045 1187 1096; x_wconf 82' lang='lat' dir='ltr'>prioribus</span> <span class='ocrx_word' id='word_1_206' title='bbox 1204 1048 1298 1084; x_wconf 86' lang='lat' dir='ltr'>radiis</span> <span class='ocrx_word' id='word_1_207' title='bbox 1317 1059 1382 1084; x_wconf 86' lang='lat' dir='ltr'>non</span> <span class='ocrx_word' id='word_1_208' title='bbox 1407 1049 1477 1085; x_wconf 84' lang='lat' dir='ltr'>sunt</span> 
     </span>
     <span class='ocr_line' id='line_1_20' title="bbox 92 1095 1478 1145; baseline 0.002 -16"><span class='ocrx_word' id='word_1_209' title='bbox 92 1095 228 1142; x_wconf 80' lang='lat' dir='ltr'>amplius</span> <span class='ocrx_word' id='word_1_210' title='bbox 240 1095 393 1143; x_wconf 80' lang='lat' dir='ltr'>paralleli.</span> <span class='ocrx_word' id='word_1_211' title='bbox 419 1098 516 1131; x_wconf 86' lang='lat' dir='ltr'>Nunc</span> <span class='ocrx_word' id='word_1_212' title='bbox 540 1098 670 1143; x_wconf 84' lang='lat' dir='ltr'>propius</span> <span class='ocrx_word' id='word_1_213' title='bbox 683 1096 722 1129; x_wconf 89' lang='lat' dir='ltr'>ad</span> <span class='ocrx_word' id='word_1_214' title='bbox 737 1097 768 1129; x_wconf 89' lang='lat' dir='ltr'>id</span> <span class='ocrx_word' id='word_1_215' title='bbox 778 1097 864 1143; x_wconf 89' lang='lat' dir='ltr'>quod</span> <span class='ocrx_word' id='word_1_216' title='bbox 877 1095 1072 1145; x_wconf 75' lang='lat' dir='ltr'>propositum</span> <span class='ocrx_word' id='word_1_217' title='bbox 1084 1096 1127 1130; x_wconf 85' lang='lat' dir='ltr'>est</span> <span class='ocrx_word' id='word_1_218' title='bbox 1137 1124 1146 1138; x_wconf 92' lang='lat'>,</span> <span class='ocrx_word' id='word_1_219' title='bbox 1167 1098 1336 1132; x_wconf 82' lang='lat' dir='ltr'>veniamus</span> <span class='ocrx_word' id='word_1_220' title='bbox 1347 1126 1357 1140; x_wconf 84' lang='lat'><strong>‚</strong></span> <span class='ocrx_word' id='word_1_221' title='bbox 1370 1103 1402 1134; x_wconf 89' lang='lat'><strong>&amp;</strong></span> <span class='ocrx_word' id='word_1_222' title='bbox 1415 1111 1478 1145; x_wconf 80' lang='lat' dir='ltr'>qua</span> 
     </span>
     <span class='ocr_line' id='line_1_21' title="bbox 93 1143 1479 1194; baseline 0.001 -17"><span class='ocrx_word' id='word_1_223' title='bbox 93 1146 218 1178; x_wconf 85' lang='lat' dir='ltr'>ratione</span> <span class='ocrx_word' id='word_1_224' title='bbox 243 1144 460 1192; x_wconf 76' lang='lat' dir='ltr'>infringantur</span> <span class='ocrx_word' id='word_1_225' title='bbox 480 1144 560 1178; x_wconf 84' lang='lat' dir='ltr'>radii</span> <span class='ocrx_word' id='word_1_226' title='bbox 580 1146 635 1190; x_wconf 88' lang='lat' dir='ltr'>qui</span> <span class='ocrx_word' id='word_1_227' title='bbox 659 1146 693 1179; x_wconf 83' lang='lat' dir='ltr'>in</span> <span class='ocrx_word' id='word_1_228' title='bbox 712 1145 833 1180; x_wconf 77' lang='lat' dir='ltr'>vitrum</span> <span class='ocrx_word' id='word_1_229' title='bbox 849 1157 1030 1180; x_wconf 80' lang='lat' dir='ltr'>convexum</span> <span class='ocrx_word' id='word_1_230' title='bbox 1045 1143 1209 1188; x_wconf 69' lang='lat' dir='ltr'>inoidunt-²</span> <span class='ocrx_word' id='word_1_231' title='bbox 1231 1145 1329 1192; x_wconf 78' lang='lat' dir='ltr'>paulo</span> <span class='ocrx_word' id='word_1_232' title='bbox 1341 1146 1479 1194; x_wconf 77' lang='lat' dir='ltr'>diligen-</span> 
     </span>
     <span class='ocr_line' id='line_1_22' title="bbox 95 1190 410 1240; baseline 0.01 -15"><span class='ocrx_word' id='word_1_233' title='bbox 95 1190 159 1228; x_wconf 65' lang='lat' dir='ltr'>tius</span> <span class='ocrx_word' id='word_1_234' title='bbox 180 1193 410 1240; x_wconf 73' lang='lat' dir='ltr'>expendamus,</span> 
     </span>
    </p>

    <p class='ocr_par' dir='ltr' id='par_1_6' title="bbox 112 1240 1494 2311">
     <span class='ocr_line' id='line_1_23' title="bbox 592 1240 1477 1291; baseline 0.006 -17"><span class='ocrx_word' id='word_1_235' title='bbox 592 1244 630 1289; x_wconf 83' lang='lat'>5⁰.</span> <span class='ocrx_word' id='word_1_236' title='bbox 647 1244 762 1289; x_wconf 82' lang='lat' dir='ltr'>Itaque</span> <span class='ocrx_word' id='word_1_237' title='bbox 772 1241 807 1276; x_wconf 75' lang='lat' dir='ltr'>fit</span> <span class='ocrx_word' id='word_1_238' title='bbox 819 1243 938 1276; x_wconf 75' lang='lat' dir='ltr'>vitrum</span> <span class='ocrx_word' id='word_1_239' title='bbox 949 1241 982 1275; x_wconf 62' lang='lat' dir='ltr'>A‘</span> <span class='ocrx_word' id='word_1_240' title='bbox 993 1242 1016 1275; x_wconf 87' lang='grc' dir='ltr'>Ε</span> <span class='ocrx_word' id='word_1_241' title='bbox 1026 1242 1050 1275; x_wconf 84' lang='grc' dir='ltr'><strong>Β</strong></span> <span class='ocrx_word' id='word_1_242' title='bbox 1062 1243 1093 1277; x_wconf 91' lang='lat' dir='ltr'>D</span> <span class='ocrx_word' id='word_1_243' title='bbox 1104 1270 1113 1284; x_wconf 93' lang='lat'>,</span> <span class='ocrx_word' id='word_1_244' title='bbox 1126 1245 1210 1290; x_wconf 72' lang='lat' dir='ltr'>cujus</span> <span class='ocrx_word' id='word_1_245' title='bbox 1224 1250 1284 1276; x_wconf 81' lang='lat' dir='ltr'>una</span> <span class='ocrx_word' id='word_1_246' title='bbox 1296 1240 1477 1291; x_wconf 77' lang='lat' dir='ltr'>superficies</span> 
     </span>
     <span class='ocr_line' id='line_1_24' title="bbox 557 1288 1478 1337; baseline 0.002 -13"><span class='ocrx_word' id='word_1_247' title='bbox 557 1288 592 1324; x_wconf 79' lang='lat' dir='ltr'>fit</span> <span class='ocrx_word' id='word_1_248' title='bbox 614 1290 709 1337; x_wconf 86' lang='lat' dir='ltr'>plana</span> <span class='ocrx_word' id='word_1_249' title='bbox 731 1292 763 1325; x_wconf 51' lang='lat' dir='ltr'>A*</span> <span class='ocrx_word' id='word_1_250' title='bbox 783 1293 805 1325; x_wconf 83' lang='lat' dir='ltr'>E</span> <span class='ocrx_word' id='word_1_251' title='bbox 825 1292 867 1332; x_wconf 80' lang='lat' dir='ltr'>B,</span> <span class='ocrx_word' id='word_1_252' title='bbox 896 1289 996 1324; x_wconf 84' lang='lat' dir='ltr'>altera</span> <span class='ocrx_word' id='word_1_253' title='bbox 1019 1299 1165 1324; x_wconf 83' lang='lat' dir='ltr'>convexa</span> <span class='ocrx_word' id='word_1_254' title='bbox 1194 1291 1225 1324; x_wconf 47' lang='lat' dir='ltr'>,A</span> <span class='ocrx_word' id='word_1_255' title='bbox 1246 1293 1279 1325; x_wconf 86' lang='lat' dir='ltr'>D</span> <span class='ocrx_word' id='word_1_256' title='bbox 1307 1293 1331 1325; x_wconf 85' lang='grc' dir='ltr'>Β</span> <span class='ocrx_word' id='word_1_257' title='bbox 1351 1320 1361 1333; x_wconf 79' lang='grc'>,</span> <span class='ocrx_word' id='word_1_258' title='bbox 1398 1293 1478 1326; x_wconf 76' lang='lat' dir='ltr'>radii</span> 
     </span>
     <span class='ocr_line' id='line_1_25' title="bbox 557 1337 1478 1386; baseline 0.004 -14"><span class='ocrx_word' id='word_1_259' title='bbox 557 1338 638 1373; x_wconf 78' lang='lat' dir='ltr'>vero</span> <span class='ocrx_word' id='word_1_260' title='bbox 662 1340 689 1374; x_wconf 95' lang='lat' dir='ltr'>L</span> <span class='ocrx_word' id='word_1_261' title='bbox 707 1341 764 1382; x_wconf 89' lang='lat' dir='ltr'>N,</span> <span class='ocrx_word' id='word_1_262' title='bbox 795 1338 885 1386; x_wconf 69' lang='lat' dir='ltr'>QC</span> <span class='ocrx_word' id='word_1_263' title='bbox 905 1340 930 1373; x_wconf 90' lang='lat' dir='ltr'>E</span> <span class='ocrx_word' id='word_1_264' title='bbox 946 1342 1001 1380; x_wconf 84' lang='lat'>,&amp;</span> <span class='ocrx_word' id='word_1_265' title='bbox 1033 1339 1063 1372; x_wconf 87' lang='lat' dir='ltr'>G</span> <span class='ocrx_word' id='word_1_266' title='bbox 1081 1337 1257 1386; x_wconf 79' lang='lat' dir='ltr'>F&#39;paralleli</span> <span class='ocrx_word' id='word_1_267' title='bbox 1278 1341 1420 1376; x_wconf 78' lang='lat' dir='ltr'>incidant</span> <span class='ocrx_word' id='word_1_268' title='bbox 1443 1343 1478 1376; x_wconf 84' lang='lat' dir='ltr'>in</span> 
     </span>
     <span class='ocr_line' id='line_1_26' title="bbox 558 1387 1478 1436; baseline 0 -15"><span class='ocrx_word' id='word_1_269' title='bbox 558 1387 686 1436; x_wconf 85' lang='lat' dir='ltr'>planam</span> <span class='ocrx_word' id='word_1_270' title='bbox 704 1387 905 1436; x_wconf 76' lang='lat' dir='ltr'>superficiem</span> <span class='ocrx_word' id='word_1_271' title='bbox 917 1388 980 1422; x_wconf 84' lang='grc' dir='ltr'>ΑΕ</span> <span class='ocrx_word' id='word_1_272' title='bbox 998 1388 1022 1421; x_wconf 80' lang='grc' dir='ltr'><strong>Β</strong></span> <span class='ocrx_word' id='word_1_273' title='bbox 1041 1401 1050 1422; x_wconf 77' lang='lat'>2</span> <span class='ocrx_word' id='word_1_274' title='bbox 1073 1398 1142 1422; x_wconf 79' lang='lat' dir='ltr'>tum</span> <span class='ocrx_word' id='word_1_275' title='bbox 1158 1389 1190 1422; x_wconf 84' lang='lat' dir='ltr'>iu</span> <span class='ocrx_word' id='word_1_276' title='bbox 1203 1388 1289 1423; x_wconf 76' lang='lat' dir='ltr'>idem</span> <span class='ocrx_word' id='word_1_277' title='bbox 1312 1389 1381 1424; x_wconf 81' lang='lat' dir='ltr'>fere</span> <span class='ocrx_word' id='word_1_278' title='bbox 1395 1402 1478 1435; x_wconf 80' lang='lat' dir='ltr'>pun-</span> 
     </span>
     <span class='ocr_line' id='line_1_27' title="bbox 558 1437 1490 1484; baseline 0.002 -13"><span class='ocrx_word' id='word_1_279' title='bbox 558 1438 648 1471; x_wconf 63' lang='lat' dir='ltr'>&amp;um</span> <span class='ocrx_word' id='word_1_280' title='bbox 665 1439 700 1478; x_wconf 89' lang='lat'>1,</span> <span class='ocrx_word' id='word_1_281' title='bbox 725 1447 920 1471; x_wconf 88' lang='lat' dir='ltr'>concurrent</span> <span class='ocrx_word' id='word_1_282' title='bbox 945 1448 1018 1470; x_wconf 89' lang='lat' dir='ltr'>curn</span> <span class='ocrx_word' id='word_1_283' title='bbox 1035 1447 1094 1470; x_wconf 82' lang='lat' dir='ltr'>axe</span> <span class='ocrx_word' id='word_1_284' title='bbox 1116 1437 1226 1478; x_wconf 83' lang='lat' dir='ltr'>CEI,</span> <span class='ocrx_word' id='word_1_285' title='bbox 1246 1438 1278 1472; x_wconf 86' lang='lat' dir='ltr'>in</span> <span class='ocrx_word' id='word_1_286' title='bbox 1300 1450 1366 1484; x_wconf 87' lang='lat' dir='ltr'>quo</span> <span class='ocrx_word' id='word_1_287' title='bbox 1381 1440 1411 1473; x_wconf 89' lang='lat' dir='ltr'>C</span> <span class='ocrx_word' id='word_1_288' title='bbox 1430 1438 1490 1472; x_wconf 86' lang='lat' dir='ltr'>est-</span> 
     </span>
     <span class='ocr_line' id='line_1_28' title="bbox 561 1484 1477 1535; baseline 0.003 -17"><span class='ocrx_word' id='word_1_289' title='bbox 561 1496 706 1520; x_wconf 83' lang='lat' dir='ltr'>centrurn</span> <span class='ocrx_word' id='word_1_290' title='bbox 720 1486 934 1520; x_wconf 84' lang='lat' dir='ltr'>convexitatis</span> <span class='ocrx_word' id='word_1_291' title='bbox 952 1484 1080 1522; x_wconf 87' lang='lat' dir='ltr'>circuli,</span> <span class='ocrx_word' id='word_1_292' title='bbox 1093 1489 1179 1533; x_wconf 85' lang='lat' dir='ltr'>cujus</span> <span class='ocrx_word' id='word_1_293' title='bbox 1191 1486 1219 1520; x_wconf 89' lang='lat' dir='ltr'>A</span> <span class='ocrx_word' id='word_1_294' title='bbox 1234 1487 1264 1520; x_wconf 92' lang='lat' dir='ltr'>D</span> <span class='ocrx_word' id='word_1_295' title='bbox 1281 1487 1304 1519; x_wconf 92' lang='lat' dir='ltr'>B</span> <span class='ocrx_word' id='word_1_296' title='bbox 1315 1487 1358 1521; x_wconf 89' lang='lat' dir='ltr'>est</span> <span class='ocrx_word' id='word_1_297' title='bbox 1370 1489 1477 1535; x_wconf 86' lang='lat' dir='ltr'>portio</span> 
     </span>
     <span class='ocr_line' id='line_1_29' title="bbox 560 1531 1478 1582; baseline 0.003 -16"><span class='ocrx_word' id='word_1_298' title='bbox 560 1533 708 1580; x_wconf 66' lang='lat' dir='ltr'>quaedam</span> <span class='ocrx_word' id='word_1_299' title='bbox 725 1547 732 1568; x_wconf 93' lang='lat'>:</span> <span class='ocrx_word' id='word_1_300' title='bbox 756 1535 911 1582; x_wconf 59' lang='lat' dir='ltr'>punctum</span> <span class='ocrx_word' id='word_1_301' title='bbox 934 1531 1013 1568; x_wconf 77' lang='lat' dir='ltr'>vero</span> <span class='ocrx_word' id='word_1_302' title='bbox 1036 1532 1111 1567; x_wconf 87' lang='lat' dir='ltr'>illud</span> <span class='ocrx_word' id='word_1_303' title='bbox 1128 1536 1160 1568; x_wconf 90' lang='lat' dir='ltr'>in</span> <span class='ocrx_word' id='word_1_304' title='bbox 1175 1534 1261 1581; x_wconf 87' lang='lat' dir='ltr'>quod</span> <span class='ocrx_word' id='word_1_305' title='bbox 1275 1536 1355 1570; x_wconf 85' lang='lat' dir='ltr'>radii</span> <span class='ocrx_word' id='word_1_306' title='bbox 1367 1536 1478 1571; x_wconf 77' lang='lat' dir='ltr'>&#39;refra-</span> 
     </span>
     <span class='ocr_line' id='line_1_30' title="bbox 561 1582 1477 1629; baseline 0.002 -13"><span class='ocrx_word' id='word_1_307' title='bbox 561 1583 605 1616; x_wconf 72' lang='lat' dir='ltr'>eti</span> <span class='ocrx_word' id='word_1_308' title='bbox 618 1582 805 1626; x_wconf 73' lang='lat' dir='ltr'>confluunt,</span> <span class='ocrx_word' id='word_1_309' title='bbox 822 1594 942 1629; x_wconf 81' lang='lat' dir='ltr'>nempe</span> <span class='ocrx_word' id='word_1_310' title='bbox 959 1583 1114 1629; x_wconf 59' lang='lat' dir='ltr'>pti-notum</span> <span class='ocrx_word' id='word_1_311' title='bbox 1125 1584 1160 1625; x_wconf 67' lang='grc' dir='ltr'>Γ,</span> <span class='ocrx_word' id='word_1_312' title='bbox 1179 1583 1271 1617; x_wconf 76' lang='lat' dir='ltr'>distat</span> <span class='ocrx_word' id='word_1_313' title='bbox 1281 1583 1301 1618; x_wconf 73' lang='grc' dir='ltr'>ὲ.</span> <span class='ocrx_word' id='word_1_314' title='bbox 1312 1586 1396 1619; x_wconf 80' lang='lat' dir='ltr'>vitro</span> <span class='ocrx_word' id='word_1_315' title='bbox 1407 1585 1477 1618; x_wconf 82' lang='lat' dir='ltr'>dia.-</span> 
     </span>
     <span class='ocr_line' id='line_1_31' title="bbox 561 1630 1494 1680; baseline 0.002 -15"><span class='ocrx_word' id='word_1_316' title='bbox 561 1642 665 1665; x_wconf 84' lang='lat' dir='ltr'>rnerro</span> <span class='ocrx_word' id='word_1_317' title='bbox 681 1633 803 1679; x_wconf 76' lang='lat' dir='ltr'>integra</span> <span class='ocrx_word' id='word_1_318' title='bbox 815 1631 1024 1665; x_wconf 75' lang='lat' dir='ltr'>convexitatis</span> <span class='ocrx_word' id='word_1_319' title='bbox 1037 1646 1045 1673; x_wconf 79' lang='lat'>3</span> <span class='ocrx_word' id='word_1_320' title='bbox 1057 1630 1120 1664; x_wconf 85' lang='lat' dir='ltr'>hoc</span> <span class='ocrx_word' id='word_1_321' title='bbox 1132 1631 1178 1664; x_wconf 89' lang='lat' dir='ltr'>est</span> <span class='ocrx_word' id='word_1_322' title='bbox 1194 1634 1216 1666; x_wconf 88' lang='grc' dir='ltr'>Ε</span> <span class='ocrx_word' id='word_1_323' title='bbox 1234 1632 1266 1666; x_wconf 84' lang='lat' dir='ltr'>D</span> <span class='ocrx_word' id='word_1_324' title='bbox 1276 1634 1302 1674; x_wconf 84' lang='lat'>1,</span> <span class='ocrx_word' id='word_1_325' title='bbox 1315 1632 1412 1680; x_wconf 84' lang='lat' dir='ltr'>dupla</span> <span class='ocrx_word' id='word_1_326' title='bbox 1424 1633 1478 1675; x_wconf 84' lang='lat' dir='ltr'>est,</span> <span class='ocrx_word' id='word_1_327' title='bbox 1491 1658 1494 1660; x_wconf 90' lang='lat'><em>-</em></span> 
     </span>
     <span class='ocr_line' id='line_1_32' title="bbox 563 1676 1478 1725; baseline 0.003 -13"><span class='ocrx_word' id='word_1_328' title='bbox 563 1679 594 1712; x_wconf 87' lang='lat' dir='ltr'>C</span> <span class='ocrx_word' id='word_1_329' title='bbox 603 1681 639 1720; x_wconf 85' lang='lat' dir='ltr'>E,</span> <span class='ocrx_word' id='word_1_330' title='bbox 661 1691 733 1725; x_wconf 81' lang='lat' dir='ltr'>quae</span> <span class='ocrx_word' id='word_1_331' title='bbox 745 1691 781 1713; x_wconf 86' lang='lat' dir='ltr'>ut</span> <span class='ocrx_word' id='word_1_332' title='bbox 799 1679 936 1713; x_wconf 85' lang='lat' dir='ltr'>diximus</span> <span class='ocrx_word' id='word_1_333' title='bbox 950 1678 992 1712; x_wconf 87' lang='lat' dir='ltr'>est</span> <span class='ocrx_word' id='word_1_334' title='bbox 1007 1676 1246 1717; x_wconf 83' lang='lat' dir='ltr'>semidiameter</span> <span class='ocrx_word' id='word_1_335' title='bbox 1256 1683 1478 1724; x_wconf 70' lang='lat' dir='ltr'>convexitatiS,</span> 
     </span>
     <span class='ocr_line' id='line_1_33' title="bbox 562 1726 1478 1777; baseline 0.002 -15"><span class='ocrx_word' id='word_1_336' title='bbox 562 1727 614 1762; x_wconf 89' lang='lat' dir='ltr'>seu</span> <span class='ocrx_word' id='word_1_337' title='bbox 631 1727 739 1761; x_wconf 87' lang='lat' dir='ltr'>circuli</span> <span class='ocrx_word' id='word_1_338' title='bbox 755 1730 784 1763; x_wconf 83' lang='lat' dir='ltr'>A</span> <span class='ocrx_word' id='word_1_339' title='bbox 797 1731 827 1763; x_wconf 95' lang='lat' dir='ltr'>D</span> <span class='ocrx_word' id='word_1_340' title='bbox 841 1728 874 1763; x_wconf 81' lang='grc' dir='ltr'>Β.</span> <span class='ocrx_word' id='word_1_341' title='bbox 894 1730 970 1763; x_wconf 89' lang='lat' dir='ltr'>Nec</span> <span class='ocrx_word' id='word_1_342' title='bbox 984 1726 1084 1761; x_wconf 83' lang='lat' dir='ltr'>refert</span> <span class='ocrx_word' id='word_1_343' title='bbox 1103 1739 1211 1762; x_wconf 83' lang='lat' dir='ltr'>utrum</span> <span class='ocrx_word' id='word_1_344' title='bbox 1238 1729 1319 1762; x_wconf 87' lang='lat' dir='ltr'>radii</span> <span class='ocrx_word' id='word_1_345' title='bbox 1338 1731 1478 1777; x_wconf 85' lang='lat' dir='ltr'>primum</span> 
     </span>
     <span class='ocr_line' id='line_1_34' title="bbox 563 1775 1476 1824; baseline 0.004 -15"><span class='ocrx_word' id='word_1_346' title='bbox 563 1775 708 1811; x_wconf 86' lang='lat' dir='ltr'>incidant</span> <span class='ocrx_word' id='word_1_347' title='bbox 721 1779 755 1810; x_wconf 91' lang='lat' dir='ltr'>in</span> <span class='ocrx_word' id='word_1_348' title='bbox 767 1775 966 1824; x_wconf 82' lang='lat' dir='ltr'>superficiem</span> <span class='ocrx_word' id='word_1_349' title='bbox 978 1775 1107 1824; x_wconf 84' lang='lat' dir='ltr'>planam</span> <span class='ocrx_word' id='word_1_350' title='bbox 1121 1804 1129 1818; x_wconf 93' lang='lat'><em>‚</em></span> <span class='ocrx_word' id='word_1_351' title='bbox 1153 1787 1207 1811; x_wconf 90' lang='lat' dir='ltr'>aut</span> <span class='ocrx_word' id='word_1_352' title='bbox 1224 1779 1257 1811; x_wconf 89' lang='lat' dir='ltr'>in</span> <span class='ocrx_word' id='word_1_353' title='bbox 1275 1789 1452 1812; x_wconf 85' lang='lat' dir='ltr'>convexam</span> <span class='ocrx_word' id='word_1_354' title='bbox 1468 1791 1476 1813; x_wconf 90' lang='lat'><strong>:</strong></span> 
     </span>
     <span class='ocr_line' id='line_1_35' title="bbox 565 1824 1478 1874; baseline 0.003 -16"><span class='ocrx_word' id='word_1_355' title='bbox 565 1825 679 1860; x_wconf 84' lang='lat' dir='ltr'>eadem</span> <span class='ocrx_word' id='word_1_356' title='bbox 692 1827 779 1860; x_wconf 84' lang='lat' dir='ltr'>enim</span> <span class='ocrx_word' id='word_1_357' title='bbox 789 1827 831 1859; x_wconf 89' lang='lat' dir='ltr'>est</span> <span class='ocrx_word' id='word_1_358' title='bbox 839 1824 1014 1871; x_wconf 83' lang='lat' dir='ltr'>utrobique</span> <span class='ocrx_word' id='word_1_359' title='bbox 1026 1824 1179 1860; x_wconf 70' lang='lat' dir='ltr'>refrastio</span> <span class='ocrx_word' id='word_1_360' title='bbox 1190 1837 1287 1872; x_wconf 81' lang='lat' dir='ltr'>quarn</span> <span class='ocrx_word' id='word_1_361' title='bbox 1299 1825 1478 1874; x_wconf 81' lang='lat' dir='ltr'>superficies</span> 
     </span>
     <span class='ocr_line' id='line_1_36' title="bbox 561 1872 1480 1921; baseline 0.002 -14"><span class='ocrx_word' id='word_1_362' title='bbox 561 1872 656 1921; x_wconf 87' lang='lat' dir='ltr'>plana</span> <span class='ocrx_word' id='word_1_363' title='bbox 673 1886 738 1909; x_wconf 80' lang='lat' dir='ltr'>non</span> <span class='ocrx_word' id='word_1_364' title='bbox 756 1873 874 1918; x_wconf 82' lang='lat' dir='ltr'>efficit,</span> <span class='ocrx_word' id='word_1_365' title='bbox 894 1873 946 1908; x_wconf 86' lang='lat' dir='ltr'>sed</span> <span class='ocrx_word' id='word_1_366' title='bbox 972 1885 1117 1908; x_wconf 86' lang='lat' dir='ltr'>convexa</span> <span class='ocrx_word' id='word_1_367' title='bbox 1140 1876 1377 1911; x_wconf 79' lang='lat' dir='ltr'>tantummodo.</span> <span class='ocrx_word' id='word_1_368' title='bbox 1393 1874 1480 1912; x_wconf 86' lang='lat' dir='ltr'>Ubi-</span> 
     </span>
     <span class='ocr_line' id='line_1_37' title="bbox 564 1922 1479 1971; baseline 0.003 -16"><span class='ocrx_word' id='word_1_369' title='bbox 564 1934 629 1969; x_wconf 86' lang='lat' dir='ltr'>que</span> <span class='ocrx_word' id='word_1_370' title='bbox 652 1924 749 1971; x_wconf 83' lang='lat' dir='ltr'>igitur</span> <span class='ocrx_word' id='word_1_371' title='bbox 770 1923 862 1957; x_wconf 89' lang='lat' dir='ltr'>focus</span> <span class='ocrx_word' id='word_1_372' title='bbox 883 1951 892 1965; x_wconf 89' lang='lat'>,</span> <span class='ocrx_word' id='word_1_373' title='bbox 922 1933 956 1956; x_wconf 89' lang='lat' dir='ltr'>ut</span> <span class='ocrx_word' id='word_1_374' title='bbox 970 1924 1085 1965; x_wconf 84' lang='lat' dir='ltr'>aiunt,</span> <span class='ocrx_word' id='word_1_375' title='bbox 1117 1922 1170 1957; x_wconf 87' lang='lat' dir='ltr'>seu</span> <span class='ocrx_word' id='word_1_376' title='bbox 1188 1922 1355 1958; x_wconf 84' lang='lat' dir='ltr'>concursus</span> <span class='ocrx_word' id='word_1_377' title='bbox 1374 1925 1479 1958; x_wconf 87' lang='lat' dir='ltr'>radio-</span> 
     </span>
     <span class='ocr_line' id='line_1_38' title="bbox 564 1970 1482 2019; baseline 0.003 -15"><span class='ocrx_word' id='word_1_378' title='bbox 564 1980 634 2005; x_wconf 82' lang='lat' dir='ltr'>rum</span> <span class='ocrx_word' id='word_1_379' title='bbox 651 1999 660 2014; x_wconf 92' lang='lat'>‚</span> <span class='ocrx_word' id='word_1_380' title='bbox 685 1974 742 2018; x_wconf 91' lang='lat' dir='ltr'>qui</span> <span class='ocrx_word' id='word_1_381' title='bbox 754 1972 830 2007; x_wconf 66' lang='lat' dir='ltr'>ante</span> <span class='ocrx_word' id='word_1_382' title='bbox 843 1982 934 2006; x_wconf 85' lang='lat' dir='ltr'>erant</span> <span class='ocrx_word' id='word_1_383' title='bbox 953 1970 1115 2018; x_wconf 80' lang='lat' dir='ltr'>paralleli,</span> <span class='ocrx_word' id='word_1_384' title='bbox 1129 1973 1162 2006; x_wconf 89' lang='lat' dir='ltr'>in</span> <span class='ocrx_word' id='word_1_385' title='bbox 1181 1973 1302 2019; x_wconf 74' lang='lat' dir='ltr'>punc&#39;to</span> <span class='ocrx_word' id='word_1_386' title='bbox 1321 1975 1482 2007; x_wconf 87' lang='lat' dir='ltr'>lconcur-</span> 
     </span>
     <span class='ocr_line' id='line_1_39' title="bbox 564 2019 1482 2067; baseline 0.001 -15"><span class='ocrx_word' id='word_1_387' title='bbox 564 2029 656 2062; x_wconf 87' lang='lat' dir='ltr'>runt,</span> <span class='ocrx_word' id='word_1_388' title='bbox 666 2022 757 2066; x_wconf 87' lang='lat' dir='ltr'>quod</span> <span class='ocrx_word' id='word_1_389' title='bbox 774 2032 899 2055; x_wconf 81' lang='lat' dir='ltr'>tantum</span> <span class='ocrx_word' id='word_1_390' title='bbox 910 2020 1000 2054; x_wconf 80' lang='lat' dir='ltr'>distat</span> <span class='ocrx_word' id='word_1_391' title='bbox 1012 2019 1032 2055; x_wconf 76' lang='grc' dir='ltr'>ὲ</span> <span class='ocrx_word' id='word_1_392' title='bbox 1042 2022 1139 2063; x_wconf 81' lang='lat' dir='ltr'>vitro,</span> <span class='ocrx_word' id='word_1_393' title='bbox 1151 2032 1270 2067; x_wconf 85' lang='lat' dir='ltr'>quanta</span> <span class='ocrx_word' id='word_1_394' title='bbox 1288 2021 1335 2055; x_wconf 87' lang='lat' dir='ltr'>est</span> <span class='ocrx_word' id='word_1_395' title='bbox 1358 2022 1482 2056; x_wconf 71' lang='lat' dir='ltr'>diame-</span> 
     </span>
     <span class='ocr_line' id='line_1_40' title="bbox 565 2067 1481 2117; baseline 0.002 -18"><span class='ocrx_word' id='word_1_396' title='bbox 565 2077 614 2100; x_wconf 91' lang='lat' dir='ltr'>ter</span> <span class='ocrx_word' id='word_1_397' title='bbox 628 2067 716 2115; x_wconf 83' lang='lat' dir='ltr'>ipfius</span> <span class='ocrx_word' id='word_1_398' title='bbox 735 2069 856 2105; x_wconf 87' lang='lat' dir='ltr'>circuli.</span> <span class='ocrx_word' id='word_1_399' title='bbox 873 2071 948 2104; x_wconf 86' lang='lat' dir='ltr'>Hoc</span> <span class='ocrx_word' id='word_1_400' title='bbox 964 2069 1096 2115; x_wconf 85' lang='lat' dir='ltr'>quidem</span> <span class='ocrx_word' id='word_1_401' title='bbox 1108 2081 1142 2103; x_wconf 86' lang='lat' dir='ltr'>ut</span> <span class='ocrx_word' id='word_1_402' title='bbox 1156 2070 1330 2117; x_wconf 85' lang='lat' dir='ltr'>dioptrices</span> <span class='ocrx_word' id='word_1_403' title='bbox 1341 2099 1351 2113; x_wconf 81' lang='grc'>,</span> <span class='ocrx_word' id='word_1_404' title='bbox 1365 2075 1398 2106; x_wconf 89' lang='lat'>&amp;</span> <span class='ocrx_word' id='word_1_405' title='bbox 1411 2083 1481 2104; x_wconf 86' lang='lat' dir='ltr'>ma-</span> 
     </span>
     <span class='ocr_line' id='line_1_41' title="bbox 563 2116 1482 2166; baseline 0.003 -17"><span class='ocrx_word' id='word_1_406' title='bbox 563 2116 651 2150; x_wconf 80' lang='lat' dir='ltr'>xime</span> <span class='ocrx_word' id='word_1_407' title='bbox 666 2116 750 2151; x_wconf 82' lang='lat' dir='ltr'>illius</span> <span class='ocrx_word' id='word_1_408' title='bbox 766 2121 862 2166; x_wconf 85' lang='lat' dir='ltr'>partis</span> <span class='ocrx_word' id='word_1_409' title='bbox 873 2131 943 2165; x_wconf 81' lang='lat' dir='ltr'>quae</span> <span class='ocrx_word' id='word_1_410' title='bbox 953 2120 1034 2152; x_wconf 80' lang='lat' dir='ltr'>circa</span> <span class='ocrx_word' id='word_1_411' title='bbox 1050 2117 1218 2165; x_wconf 84' lang='lat' dir='ltr'>relescopia</span> <span class='ocrx_word' id='word_1_412' title='bbox 1231 2148 1240 2161; x_wconf 88' lang='lat'>,</span> <span class='ocrx_word' id='word_1_413' title='bbox 1262 2124 1294 2156; x_wconf 72' lang='grc' dir='ltr'>δε</span> <span class='ocrx_word' id='word_1_414' title='bbox 1309 2117 1482 2153; x_wconf 85' lang='lat' dir='ltr'>microsco-</span> 
     </span>
     <span class='ocr_line' id='line_1_42' title="bbox 577 2165 1483 2214; baseline 0.003 -17"><span class='ocrx_word' id='word_1_415' title='bbox 577 2166 630 2212; x_wconf 81' lang='lat' dir='ltr'>pia</span> <span class='ocrx_word' id='word_1_416' title='bbox 645 2165 795 2210; x_wconf 83' lang='lat' dir='ltr'>versatur,</span> <span class='ocrx_word' id='word_1_417' title='bbox 810 2170 1001 2214; x_wconf 69' lang='lat' dir='ltr'>praecipuum</span> <span class='ocrx_word' id='word_1_418' title='bbox 1016 2166 1262 2202; x_wconf 79' lang='lat' dir='ltr'>fundamentum</span> <span class='ocrx_word' id='word_1_419' title='bbox 1284 2167 1483 2202; x_wconf 80' lang='lat' dir='ltr'>demonstra-</span> 
     </span>
     <span class='ocr_line' id='line_1_43' title="bbox 112 2211 1481 2263; baseline 0.002 -16"><span class='ocrx_word' id='word_1_420' title='bbox 112 2215 235 2248; x_wconf 80' lang='lat' dir='ltr'>tionem</span> <span class='ocrx_word' id='word_1_421' title='bbox 252 2213 408 2261; x_wconf 64' lang='lat' dir='ltr'>postulat‘:</span> <span class='ocrx_word' id='word_1_422' title='bbox 431 2214 482 2249; x_wconf 84' lang='lat' dir='ltr'>sed</span> <span class='ocrx_word' id='word_1_423' title='bbox 494 2225 566 2248; x_wconf 86' lang='lat' dir='ltr'>cum</span> <span class='ocrx_word' id='word_1_424' title='bbox 579 2225 616 2247; x_wconf 83' lang='lat' dir='ltr'>ea</span> <span class='ocrx_word' id='word_1_425' title='bbox 633 2211 668 2247; x_wconf 88' lang='lat' dir='ltr'>fit</span> <span class='ocrx_word' id='word_1_426' title='bbox 689 2216 785 2261; x_wconf 78' lang='lat' dir='ltr'>paulo</span> <span class='ocrx_word' id='word_1_427' title='bbox 797 2215 958 2250; x_wconf 87' lang='lat' dir='ltr'>obscurior</span> <span class='ocrx_word' id='word_1_428' title='bbox 969 2245 978 2259; x_wconf 92' lang='lat'>‚</span> <span class='ocrx_word' id='word_1_429' title='bbox 992 2218 1191 2263; x_wconf 68' lang='lat' dir='ltr'>praetermitti</span> <span class='ocrx_word' id='word_1_430' title='bbox 1202 2216 1264 2250; x_wconf 91' lang='lat' dir='ltr'>hoc</span> <span class='ocrx_word' id='word_1_431' title='bbox 1281 2215 1354 2249; x_wconf 90' lang='lat' dir='ltr'>loco</span> <span class='ocrx_word' id='word_1_432' title='bbox 1368 2214 1481 2261; x_wconf 78' lang='lat' dir='ltr'>potest:</span> 
     </span>
     <span class='ocr_line' id='line_1_44' title="bbox 112 2261 1467 2311; baseline -0.001 -13"><span class='ocrx_word' id='word_1_433' title='bbox 112 2265 252 2298; x_wconf 81' lang='lat' dir='ltr'>maxime</span> <span class='ocrx_word' id='word_1_434' title='bbox 273 2276 347 2298; x_wconf 82' lang='lat' dir='ltr'>cum</span> <span class='ocrx_word' id='word_1_435' title='bbox 362 2276 399 2297; x_wconf 84' lang='lat' dir='ltr'>ea</span> <span class='ocrx_word' id='word_1_436' title='bbox 410 2261 517 2310; x_wconf 79' lang='lat' dir='ltr'>paffim</span> <span class='ocrx_word' id='word_1_437' title='bbox 531 2272 673 2296; x_wconf 85' lang='lat' dir='ltr'>occurrat</span> <span class='ocrx_word' id='word_1_438' title='bbox 685 2267 718 2298; x_wconf 69' lang='grc' dir='ltr'>ὅ(</span> <span class='ocrx_word' id='word_1_439' title='bbox 731 2275 769 2297; x_wconf 88' lang='lat' dir='ltr'>ex</span> <span class='ocrx_word' id='word_1_440' title='bbox 785 2263 880 2311; x_wconf 78' lang='lat' dir='ltr'>figura</span> <span class='ocrx_word' id='word_1_441' title='bbox 893 2277 942 2298; x_wconf 87' lang='lat' dir='ltr'>res</span> <span class='ocrx_word' id='word_1_442' title='bbox 957 2263 1020 2311; x_wconf 82' lang='lat' dir='ltr'>ipsa</span> <span class='ocrx_word' id='word_1_443' title='bbox 1031 2263 1352 2309; x_wconf 64' lang='lat' dir='ltr'>utcuniqueintelligi</span> <span class='ocrx_word' id='word_1_444' title='bbox 1362 2261 1467 2309; x_wconf 79' lang='lat' dir='ltr'>poss&#39;it.</span> 
     </span>
    </p>

    <p class='ocr_par' dir='ltr' id='par_1_7' title="bbox 113 2310 1485 2495">
     <span class='ocr_line' id='line_1_45' title="bbox 160 2310 1485 2358; baseline -0.001 -12"><span class='ocrx_word' id='word_1_445' title='bbox 160 2313 246 2346; x_wconf 86' lang='lat' dir='ltr'>Cum</span> <span class='ocrx_word' id='word_1_446' title='bbox 261 2314 378 2346; x_wconf 87' lang='lat' dir='ltr'>vitrum</span> <span class='ocrx_word' id='word_1_447' title='bbox 391 2312 437 2346; x_wconf 84' lang='lat' dir='ltr'>est</span> <span class='ocrx_word' id='word_1_448' title='bbox 449 2323 485 2346; x_wconf 87' lang='lat' dir='ltr'>ex</span> <span class='ocrx_word' id='word_1_449' title='bbox 496 2323 630 2358; x_wconf 85' lang='lat' dir='ltr'>utraque</span> <span class='ocrx_word' id='word_1_450' title='bbox 639 2322 729 2358; x_wconf 82' lang='lat' dir='ltr'>parte</span> <span class='ocrx_word' id='word_1_451' title='bbox 745 2324 922 2348; x_wconf 83' lang='lat' dir='ltr'>convexum</span> <span class='ocrx_word' id='word_1_452' title='bbox 941 2341 950 2356; x_wconf 85' lang='lat'>‚</span> <span class='ocrx_word' id='word_1_453' title='bbox 967 2319 1001 2350; x_wconf 90' lang='lat'>&amp;</span> <span class='ocrx_word' id='word_1_454' title='bbox 1014 2324 1146 2358; x_wconf 84' lang='lat' dir='ltr'>utraque</span> <span class='ocrx_word' id='word_1_455' title='bbox 1159 2310 1335 2358; x_wconf 85' lang='lat' dir='ltr'>superficies</span> <span class='ocrx_word' id='word_1_456' title='bbox 1351 2310 1392 2344; x_wconf 89' lang='lat' dir='ltr'>est</span> <span class='ocrx_word' id='word_1_457' title='bbox 1406 2311 1485 2358; x_wconf 84' lang='lat' dir='ltr'>ejus-</span> 
     </span>
     <span class='ocr_line' id='line_1_46' title="bbox 113 2359 1483 2409; baseline 0 -14"><span class='ocrx_word' id='word_1_458' title='bbox 113 2361 188 2395; x_wconf 82' lang='lat' dir='ltr'>dem</span> <span class='ocrx_word' id='word_1_459' title='bbox 200 2360 324 2408; x_wconf 80' lang='lat' dir='ltr'>sphaerae</span> <span class='ocrx_word' id='word_1_460' title='bbox 339 2363 446 2409; x_wconf 79' lang='lat' dir='ltr'>portio</span> <span class='ocrx_word' id='word_1_461' title='bbox 459 2371 520 2403; x_wconf 81' lang='lat' dir='ltr'>,ut</span> <span class='ocrx_word' id='word_1_462' title='bbox 534 2359 599 2394; x_wconf 85' lang='lat' dir='ltr'>lens</span> <span class='ocrx_word' id='word_1_463' title='bbox 614 2361 763 2406; x_wconf 86' lang='lat' dir='ltr'>utrinque</span> <span class='ocrx_word' id='word_1_464' title='bbox 781 2373 925 2396; x_wconf 83' lang='lat' dir='ltr'>convexa</span> <span class='ocrx_word' id='word_1_465' title='bbox 942 2364 969 2396; x_wconf 84' lang='lat' dir='ltr'>A</span> <span class='ocrx_word' id='word_1_466' title='bbox 988 2365 1020 2397; x_wconf 94' lang='lat' dir='ltr'>D</span> <span class='ocrx_word' id='word_1_467' title='bbox 1032 2363 1100 2396; x_wconf 77' lang='lat' dir='ltr'>HE</span> <span class='ocrx_word' id='word_1_468' title='bbox 1111 2388 1119 2402; x_wconf 91' lang='lat'>,</span> <span class='ocrx_word' id='word_1_469' title='bbox 1133 2371 1200 2394; x_wconf 85' lang='lat' dir='ltr'>tum</span> <span class='ocrx_word' id='word_1_470' title='bbox 1215 2360 1292 2393; x_wconf 79' lang='lat' dir='ltr'>radii</span> <span class='ocrx_word' id='word_1_471' title='bbox 1313 2359 1404 2402; x_wconf 74' lang='lat' dir='ltr'>QD</span> <span class='ocrx_word' id='word_1_472' title='bbox 1417 2388 1427 2402; x_wconf 83' lang='grc'>,</span> <span class='ocrx_word' id='word_1_473' title='bbox 1449 2365 1483 2396; x_wconf 70' lang='grc'>86</span> 
     </span>
     <span class='ocr_line' id='line_1_47' title="bbox 115 2407 1485 2495; baseline 0.001 -51"><span class='ocrx_word' id='word_1_474' title='bbox 115 2412 166 2444; x_wconf 72' lang='grc'>(31</span> <span class='ocrx_word' id='word_1_475' title='bbox 182 2437 196 2455; x_wconf 86' lang='grc'>,</span> <span class='ocrx_word' id='word_1_476' title='bbox 224 2411 397 2457; x_wconf 66' lang='lat' dir='ltr'>inutraque</span> <span class='ocrx_word' id='word_1_477' title='bbox 414 2408 576 2458; x_wconf 79' lang='lat' dir='ltr'>superficie</span> <span class='ocrx_word' id='word_1_478' title='bbox 587 2407 714 2446; x_wconf 64' lang='lat' dir='ltr'>refrazsti</span> <span class='ocrx_word' id='word_1_479' title='bbox 731 2420 831 2458; x_wconf 78' lang='lat' dir='ltr'>prope</span> <span class='ocrx_word' id='word_1_480' title='bbox 851 2412 1046 2459; x_wconf 55' lang='lat' dir='ltr'>punituniss</span> <span class='ocrx_word' id='word_1_481' title='bbox 1066 2436 1078 2457; x_wconf 84' lang='lat'>‚</span> <span class='ocrx_word' id='word_1_482' title='bbox 1099 2410 1215 2447; x_wconf 81' lang='lat' dir='ltr'>co&#39;c&#39;unt</span> <span class='ocrx_word' id='word_1_483' title='bbox 1227 2419 1383 2495; x_wconf 69' lang='lat' dir='ltr'>,Otantum</span> <span class='ocrx_word' id='word_1_484' title='bbox 1402 2408 1485 2444; x_wconf 78' lang='lat' dir='ltr'>ultra</span> 
     </span>
    </p>

    <p class='ocr_par' dir='ltr' id='par_1_8' title="bbox 1229 2470 1338 2504">
     <span class='ocr_line' id='line_1_48' title="bbox 1229 2470 1338 2504; baseline 0 0"><span class='ocrx_word' id='word_1_485' title='bbox 1229 2501 1241 2504; x_wconf 13' lang='grc' dir='ltr'>,γ</span> <span class='ocrx_word' id='word_1_486' title='bbox 1275 2471 1294 2493; x_wconf 87' lang='lat'>0</span> <span class='ocrx_word' id='word_1_487' title='bbox 1318 2470 1338 2504; x_wconf 76' lang='lat'>¹]</span> 
     </span>
    </p>
   </div>
   <div class='ocr_carea' id='block_1_2' title="bbox 125 1405 424 2026">
    <p class='ocr_par' dir='ltr' id='par_1_9' title="bbox 125 1405 424 2026">
     <span class='ocr_line' id='line_1_49' title="bbox 125 1405 424 2026; baseline 0 698"><span class='ocrx_word' id='word_1_488' title='bbox 125 1405 424 2026; x_wconf 95' lang='lat' dir='ltr'> </span> 
     </span>
    </p>
   </div>
  </div>
 </body>
</html>
