1878 2724
540 136 684 180 PARS
719 136 940 180 TERTIA,
1382 151 1424 185 50

57 189 189 233 mistura
200 188 371 226 candidum
382 189 641 240 exsurgit‚quod
662 205 728 228 non
745 193 784 226 ad
795 194 952 240 principia
973 190 1210 240 Chymicorum
1223 221 1233 237 ,
1251 194 1303 229 sed
1321 195 1359 229 ad
1376 160 1444 242 pat?

63 243 142 277 tium
155 240 301 276 ordinem
313 268 324 282 ,
343 237 477 287 figuram
494 245 527 276 δε
552 241 745 289 multiplices
763 239 941 288 superficies
959 240 1165 275 referendum
1188 241 1337 279 arbitror.
1362 245 1442 291 Qo

60 291 153 326 enim
169 288 222 324 lux
237 287 368 323 uberior
380 287 426 322 ob
441 290 541 323 varias
552 289 725 327 &forfitan
743 289 860 338 politas
873 288 1051 337 superficies
1066 289 1251 335 reflectitur,
1265 292 1328 327 hoc
1341 299 1443 341 major

61 342 98 377 δε
112 339 211 373 acrius
232 338 443 384 perstringens
462 338 573 372 oculos
592 339 711 375 candor
727 340 865 387 emergit
881 352 889 374 τ
908 339 992 374 unde
1008 337 1127 373 albedo
1145 339 1223 374 alios
1241 341 1367 375 colores
1387 354 1444 376 ex-

63 388 194 436 tinguit.
218 388 270 424 Sic
285 397 355 435 pars
370 397 432 422 una
445 385 546 423 stanni
559 400 631 423 cum
644 386 768 424 duabus
782 385 927 437 partibus
944 389 1032 436 cupri
1049 387 1115 422 fusa
1129 387 1241 424 album
1258 402 1372 438 corpus
1391 389 1444 425 ef.

59 434 139 473 ficit.

108 483 175 519 sed
195 486 320 532 inquies
331 513 341 529 ,
359 497 475 535 negare
492 484 523 519 id
539 498 603 520 non
618 481 774 533 possumus
788 486 864 531 quin
881 484 932 518 a'e'r
951 483 1014 533 ipse
1025 483 1196 532 plurimum
1215 486 1312 534 possit
1326 489 1358 522 in
1368 499 1445 536 pro..

60 533 207 568 creandis
221 532 396 570 colonbus.
423 536 476 569 Sic
491 536 526 569 in
544 533 654 581 spuma
676 532 786 568 album
803 532 947 567 colorem
962 532 1059 569 efficit
1071 562 1079 575 ,
1094 534 1171 568 dum
1192 537 1296 570 radios
1318 536 1444 571 luminis

60 585 198 631 regerit;
217 582 304 617 idem
317 583 484 618 dicendum
504 583 543 616 de
559 585 636 616 nive
647 595 715 630 quae
732 580 866 618 infinitis
879 582 1003 617 constat
1016 582 1168 630 globulis.
1186 585 1285 620 Unde
1296 597 1393 621 arena
1410 591 1445 621 δε

61 631 172 665 charta
183 629 322 666 ubioleo
333 661 341 675 ,
354 631 407 666 vel
423 643 506 678 aqua
520 631 774 679 perfunduntur,
790 630 938 666 nonnihil
949 630 1110 680 pellucent
1126 633 1233 679 :quod
1253 633 1284 667 hi
1305 633 1445 681 liquores

63 681 164 728 magis
178 679 285 714 radios
298 681 483 723 admittant,
501 692 597 727 quam
615 692 668 714 aer
685 679 748 728 ipse
759 678 942 714 interclusus
957 707 967 722 ,
991 681 1047 726 qui
1061 692 1167 727 partes
1185 681 1253 714 illas
1275 694 1377 716 arenae
1393 682 1447 717 vel

62 728 180 763 chartae
200 727 375 775 peBucidas
392 729 520 764 dividit.
537 731 589 763 Sic
600 729 686 764 forte
699 739 840 763 marmor
855 728 1028 762 candidum
1048 740 1086 762 ex
1106 729 1296 777 corpusculis
1312 731 1446 780 diaplia..

62 778 111 811 nis
123 778 260 820 constatr,
283 789 354 824 quae
372 777 620 813 innumerabiles
638 777 728 813 velut
745 776 880 821 rimulae,
896 788 949 811 aut
965 776 1071 812 fiffuroe
1082 775 1238 825 separant.
1256 781 1344 814 Hinc
1360 792 1445 814 mar·-

63 828 167 861 moris
177 823 345 861 frustulum
357 829 423 875 igni
436 827 646 863 admotum&
660 826 735 860 oleo
755 824 983 860 terebinthinae
1010 826 1214 870 immersum,
1239 827 1448 876 perspicuita-

63 884 130 908 tem
145 875 307 922 quandam
316 873 507 923 adipiscitur,
525 880 558 911 &
573 874 618 908 ab
627 874 704 909 oleo
713 875 805 908 altius
815 884 1009 920 penetratur.
1030 875 1118 908 Hinc
1129 875 1209 922 lapis
1219 876 1274 910 ille
1293 877 1446 911 candidus

61 935 162 970 quem
176 923 304 957 oculum
319 923 430 958 mundi
447 925 594 957 vocitant
606 951 615 965 ,
630 921 922 969 aquaevaliquandiu
938 921 1103 956 immersus
1119 923 1288 970 pellucet,
1304 926 1390 971 quod
1407 937 1447 960 ex

62 970 253 1019 corpusculis
267 971 431 1020 pellucidis
446 972 568 1005 constet
580 999 590 1015 ,
605 975 638 1008 &
649 982 734 1018 aqua
753 968 907 1004 subeunte
917 981 970 1003 aer
986 972 1071 1018 poris
1093 973 1286 1020 interceptus
1300 974 1448 1022 expella-

64 1030 122 1057 tur.
141 1022 213 1055 Imo
225 1019 312 1070 ligna
323 1019 532 1068 putrescentia
546 1024 579 1056 &
591 1018 689 1067 pisces
707 1021 764 1064 qui
781 1020 812 1052 in
823 1017 962 1052 tenebris
977 1019 1105 1053 radiant
1115 1048 1124 1063 ,
1139 1023 1171 1055 in
1183 1022 1331 1056 machina
1345 1035 1449 1070 pneu-

63 1071 181 1104 marica
201 1070 346 1104 extracto
361 1080 434 1103 aere
451 1076 516 1102 non
526 1067 634 1102 lucent
644 1085 652 1110 ς
664 1067 753 1114 quod
764 1067 849 1100 forte
858 1079 912 1100 aer
926 1079 992 1101 non
1004 1065 1105 1101 solum
1118 1071 1150 1103 vi
1167 1068 1218 1102 sua
1231 1070 1360 1104 elastica
1373 1084 1448 1105 mo-

64 1128 136 1152 tum
153 1117 281 1152 luminis
291 1116 429 1152 celerem
443 1145 452 1159 ,
462 1121 496 1153 δε
515 1115 690 1150 vibrationi
704 1115 837 1150 similem
849 1115 1020 1162 plurimum
1037 1116 1172 1164 adjuvet
1184 1131 1192 1152 :
1205 1116 1257 1152 sed
1266 1121 1362 1153 etiam
1371 1132 1447 1154 can-

65 1166 144 1200 dore
164 1165 217 1201 suo
235 1167 316 1201 hanc
331 1165 419 1200 velut
431 1164 628 1200 flammulam
642 1165 799 1200 intendat.
821 1166 874 1198 Sic
884 1164 1063 1198 adamantis
1076 1171 1108 1200 &
1118 1178 1317 1214 gemmarum
1331 1180 1449 1216 vegeta

63 1213 195 1250 reflexio
209 1227 247 1249 ex
259 1216 339 1248 aei-is
358 1213 498 1261 subJecta
512 1212 674 1260 superficie
684 1222 800 1260 magna
813 1224 850 1246 ex
862 1223 952 1259 parte
969 1213 1109 1259 pendet:
1128 1226 1235 1260 neque
1256 1218 1343 1250 enim
1369 1218 1449 1252 radii

65 1263 214 1306 luminis,
238 1265 294 1310 qui
315 1262 336 1298 ὲ
377 1265 454 1297 rima
472 1267 504 1298 ὃ(
529 1263 652 1297 extima
676 1260 838 1309 superficie
855 1259 1012 1303 resiliunt,
1027 1272 1093 1295 tam
1111 1265 1178 1298 vivi
1190 1264 1261 1298 sunt
1278 1270 1311 1301 ὃ(
1324 1265 1424 1301 fortes
1436 1295 1447 1310 ,

65 1309 163 1359 q'uam
178 1314 231 1359 qui
249 1314 333 1347 intus
347 1276 502 1354 subeunt,
521 1316 553 1347 δε
573 1310 768 1345 refractione
783 1309 858 1344 licet
880 1309 1039 1343 debilitati
1053 1339 1062 1353 ,
1079 1311 1204 1347 occursu
1217 1310 1349 1361 subjeffi
1366 1317 1447 1350 aeris

65 1372 264 1408 regeruntur.
286 1360 384 1395 Unde
398 1358 420 1394 fi
438 1371 709 1407 gemmaeaquam
729 1360 916 1407 tetigerint,
931 1358 1164 1406 languidiorem
1179 1360 1284 1397 luccm
1299 1361 1447 1401 vibrant:

66 1409 157 1449 quod
172 1409 275 1457 plures
292 1410 371 1442 radii
382 1408 559 1454 subjectam
574 1420 692 1454 aquam
711 1410 878 1455 trajiciant.
893 1411 1013 1442 Verum
1024 1405 1044 1441 si
1059 1407 1290 1458 hydrargyrum
1311 1424 1450 1459 gemmae

67 1452 254 1507 subJeceris,
270 1469 340 1493 tum
355 1459 456 1493 actius
469 1455 654 1494 scintillabit
664 1458 768 1504 3quod
781 1458 875 1505 opaci
888 1456 969 1491 illius
981 1460 1122 1505 corporis
1138 1459 1266 1495 occursu
1279 1458 1361 1498 radii
1378 1461 1448 1497 for-

68 1508 129 1541 tius
146 1506 296 1543 resiliant.
1207 1544 1210 1547 .

107 1556 195 1606 Resp.
211 1564 252 1593 1⁰.
271 1558 323 1591 Sic
337 1556 446 1592 lumen
459 1556 501 1591 ab
511 1566 584 1589 aere
604 1554 773 1590 transmitti
787 1585 796 1599 ,
812 1567 846 1590 ut
862 1569 976 1604 magna
993 1569 1032 1591 ex
1054 1568 1145 1605 parte
1162 1556 1204 1592 ab
1224 1569 1263 1592 eo
1278 1571 1448 1607 tegeratur.

68 1600 171 1642 Unde
194 1611 228 1642 ὃς
245 1618 299 1640 aer
315 1604 503 1641 albedinem
513 1604 704 1652 plerumque
718 1604 906 1653 corporibus
919 1608 1064 1654 impertit
1076 1635 1086 1648 ,
1103 1607 1179 1640 durn
1202 1619 1314 1642 eorum
1342 1613 1449 1645 contib

68 1656 228 1689 nuiratem
245 1654 449 1703 interpellat:
461 1666 497 1689 ut
511 1666 582 1687 cum
592 1652 744 1687 albumen
760 1656 814 1689 ovi
825 1653 936 1688 crebra
953 1656 1174 1689 commotione
1185 1667 1223 1690 ex
1238 1656 1400 1705 perspicuo
1412 1658 1449 1694 fit

68 1701 180 1737 album
195 1720 204 1747 3
217 1714 271 1738 aut
287 1705 405 1739 vitrum
419 1702 613 1751 pellucidum
626 1703 690 1750 igni
700 1702 867 1737 admotum
881 1732 890 1747 ,
910 1709 944 1740 &
962 1715 1049 1750 aqua
1063 1703 1259 1739 ‘restinctum
1275 1717 1324 1740 tot
1341 1706 1448 1742 fiffuris

69 1749 203 1786 solvitur
216 1780 225 1794 ,
241 1763 278 1786 ut
295 1751 466 1787 candidum
478 1756 639 1799 appareat.
664 1752 733 1784 Imo
746 1763 799 1785 aer
811 1749 876 1798 ipse
898 1753 974 1786 dum
1001 1751 1059 1793 vel,
1075 1750 1178 1787 subito
1202 1757 1450 1791 continuitatem

67 1802 212 1845 amittit,
231 1800 575 1835 interdum'candorem
594 1811 658 1846 prce
676 1798 705 1833 se
724 1798 798 1836 fert.
818 1802 870 1835 Sic
887 1800 1064 1848 aliquando
1085 1802 1196 1835 evenit
1213 1806 1352 1840 utaere&
1380 1818 1450 1839 ma-

68 1848 164 1883 china
199 1851 404 1897 pneumatica.
421 1849 529 1895 aliqua
551 1859 590 1883 ex
619 1860 709 1895 parte
733 1849 887 1884 exhausto
910 1877 919 1891 ‚
941 1849 1030 1895 quod
1053 1848 1211 1896 reliquum
1238 1851 1284 1884 est
1301 1879 1312 1894 ,
1345 1865 1384 1888 ex
1401 1853 1450 1888 su-

68 1894 139 1931 bita
160 1899 299 1946 partium
323 1899 560 1948 interruptione
580 1897 677 1932 instar
694 1897 825 1948 fulgetri
843 1899 983 1935 candore
1005 1895 1236 1933 suo-oculorum
1258 1902 1360 1936 aciem
1377 1914 1452 1950 per-

71 1944 214 1994 stringat.
937 1984 940 1985 γ

105 1996 194 2042 Resp.
215 1998 261 2030 2⁹.
275 1996 394 2030 Aerem
405 1992 611 2029 solidiusculis
633 1993 824 2042 corpusculis
839 1994 1022 2032 confertum
1036 1996 1097 2032 effe
1113 2023 1123 2038 ,
1144 2007 1179 2030 ut
1197 2008 1234 2030 ex
1250 1995 1452 2033 fluitantibus

71 2045 105 2077 in
122 2042 191 2077 luce
206 2045 322 2077 atomis
336 2071 346 2085 ,
368 2048 401 2078 &
415 2054 453 2076 ex
472 2041 653 2077 illuminato
663 2043 703 2076 de
722 2045 820 2078 noste
831 2055 906 2077 aere
926 2045 1122 2093 colligimus.
1160 2047 1251 2091 Saepe
1269 2047 1368 2079 etiam
1380 2059 1452 2082 cum

71 2093 163 2140 ignes
179 2092 210 2131 in
228 2090 308 2125 urbe
330 2091 547 2125 accenduntur
562 2118 572 2133 ,
586 2089 793 2124 circumfusus
818 2102 872 2124 aer
884 2120 893 2134 ,
915 2092 969 2126 vel
980 2105 1070 2129 extra
1093 2091 1180 2127 urbis
1205 2097 1372 2140 pomoeria,
1386 2108 1452 2142 quo

71 2143 155 2188 ign's
168 2139 297 2175 flamma
311 2152 376 2174 non
389 2140 537 2187 pervenit
549 2166 558 2180 ,
572 2137 719 2174 accensus
736 2139 877 2174 videtur·
891 2143 935 2176 Ex
950 2141 1007 2175 hac
1024 2145 1104 2177 aeris
1120 2139 1293 2177 reflexione
1307 2145 1459 2179 oriuntur

72 2188 264 2237 crepuscula.
284 2191 354 2223 lmo
370 2200 411 2223 ne
423 2188 455 2221 id
470 2187 602 2234 quidem
614 2186 743 2222 dubium
757 2188 801 2222 est
811 2190 888 2234 quin
904 2202 957 2225 aer
972 2189 1074 2226 salinis
1090 2189 1234 2225 abundet
1250 2191 1453 2237 corpusculis,

72 2250 142 2285 quae
154 2237 294 2272 multum
306 2266 315 2280 ‚
327 2238 506 2272 indiximus
517 2237 555 2270 ad
566 2235 710 2271 colorum
721 2239 937 2273 mutationem
951 2242 1113 2274 momenti
1125 2238 1273 2275 afferunt.
1289 2240 1325 2272 Id
1346 2241 1454 2275 videre

71 2287 119 2321 est
139 2288 170 2320 in
182 2286 317 2335 plumbo
334 2284 404 2320 fuso
419 2299 428 2321 :
443 2298 518 2320 nam
532 2283 595 2319 siin
612 2284 695 2320 aliud
713 2298 767 2319 vas
779 2286 811 2319 id
827 2287 995 2322 transferas
1009 2316 1018 2330 ,
1040 2293 1073 2324 ὃς
1094 2286 1234 2334 spumam
1251 2290 1454 2324 innatantem

72 2335 178 2370 statim
188 2335 342 2378 extrahas,
357 2347 423 2368 tum
436 2332 633 2382 superficiem
647 2333 774 2381 plumbi
789 2336 883 2369 variis
895 2337 1068 2371 micantem
1079 2334 1239 2370 coloribus
1254 2334 1442 2383 conspicies:

73 2383 252 2420 dummodo
264 2383 508 2432 intenfiotiigne
525 2381 625 2420 fusum
641 2382 759 2421 fuerit:
776 2384 865 2432 quod.
874 2395 928 2422 aer
938 2413 952 2430 ,
963 2394 1000 2421 ut
1012 2386 1095 2435 ignis
1107 2383 1211 2419 salinis
1228 2382 1370 2419 abundet
1385 2397 1455 2421 cot·

1130 2433 1311 2484 egggq
