1878 2724
1712 66 1748 78 ,3⁴

338 121 384 156 60
696 111 1003 152 PHY‘SICAE
1041 110 1394 150 GENERALIS

339 172 418 203 tiam
442 165 650 217 agnoscamus
671 193 681 208 ‚
703 167 754 199 cui
772 174 862 199 tanta
883 164 1066 198 commotio
1088 162 1246 198 referatur
1265 173 1409 210 accepta.
1431 160 1509 196 Haec
1528 158 1643 208 utique
1658 159 1739 197 sub-'5

338 217 452 253 stantia
469 230 541 252 curn
553 215 618 250 sola
634 215 698 256 est,
717 213 873 248 tormenti
894 210 1006 245 bellici
1017 224 1113 259 poros
1134 210 1231 246 facile
1247 223 1400 260 penetrat
1420 240 1430 253 ‚
1447 210 1510 245 huc
1536 220 1636 257 atque
1655 210 1731 255 illuc

335 277 502 301 commeat
513 295 521 309 ,
534 276 641 311 neque
653 262 720 297 ullo
733 260 852 297 effectu
868 258 898 295 se
908 260 1025 308 prodit.
1043 261 1106 294 Sed
1117 258 1172 294 ubi
1183 262 1279 304 nitri,
1296 260 1348 296 seu
1365 260 1531 306 salispetrae
1544 263 1578 296 δ(
1603 259 1731 309 sulphu-

334 317 431 359 ris,ex
448 314 563 362 quibus
579 313 700 347 constat
711 313 822 359 pyrius
841 310 962 359 pulvis,
981 310 1014 342 la
1023 308 1148 359 pondre
1163 306 1184 342 ὰ
1197 321 1308 351 canon,
1324 308 1496 357 particulas
1512 307 1730 344 solidiusculas

331 376 422 399 rotat
443 364 507 398 haec
518 361 641 397 subtilis
659 362 814 404 materia,
831 371 898 395 turn
913 371 952 393 ea
967 357 1160 393 bombardae
1174 369 1273 406 poros
1292 357 1394 395 subire
1410 372 1478 395 non
1507 359 1612 406 potest
1626 373 1634 395 :
1652 359 1731 395 hinc

332 424 442 448 tantus
468 413 576 461 fragor
589 441 599 455 ,
620 417 654 449 ὃς
673 410 851 446 vehemens
864 409 948 443 adeo
960 420 1080 445 motus.

363 463 453 497 Idem
472 465 559 497 enim
573 460 642 496 fere
660 460 714 495 hic
734 460 854 494 accidit
865 486 875 502 ‚
894 469 935 495 ut
949 460 1010 494 viri
1028 456 1197 493 acutiffimi
1215 456 1367 506 exemplo
1384 468 1476 501 utar,
1487 458 1577 504 quod
1588 459 1624 493 in
1645 469 1731 506 aqua

331 510 386 546 sub
401 523 502 559 ponte
515 510 627 558 aliquo
657 508 897 558 praeterfluente
913 509 1089 544 'cernimuffi
1108 509 1218 542 Partes
1234 510 1355 556 quippe
1368 507 1460 541 ¹illius
1482 509 1645 541 tenuiores
1659 507 1730 542 sunt

328 573 431 608 quam
448 573 484 595 ut
495 572 632 609 pontem
649 569 883 594 commoveant
900 570 909 593 ε
926 555 981 591 sed
996 556 1126 592 vubiaut
1145 555 1252 591 trabes
1270 586 1280 600 ,
1301 568 1355 591 aut
1366 557 1482 606 glaciei
1500 555 1604 590 moles
1625 555 1729 592 secum

327 610 457 645 :vehunt
474 639 484 654 ‚
496 621 551 644 aut
568 608 667 644 solida
680 610 799 657 quaevis
823 619 962 656 corpora
978 636 987 651 ‚
1009 618 1077 641 turn
1088 617 1233 655 'pontem
1255 605 1354 654 ipsum
1373 606 1590 640 vehementer
1610 616 1730 640 concu-

330 659 534 707 tiuntzquod
548 659 627 693 dura
646 670 783 702 corpora
808 669 901 693 motu
919 655 976 691 fibi
988 656 1031 690 ab
1042 668 1129 703 aquae
1141 654 1286 703 partibus
1308 656 1630 690 communicatovim
1643 653 1731 690 suam

329 709 447 744 fortius
457 719 602 744 exerant.
622 710 705 745 Non
714 706 856 743 diffimili
876 708 1004 740 ratione
1017 705 1185 741 subtilis&
1197 706 1338 740 aetherea
1353 704 1534 739 substantia
1556 716 1631 738 cum
1662 702 1730 737 sola

329 759 389 802 est,
407 757 498 793 nullo
521 757 591 792 fere
604 757 725 793 effectu
735 755 872 791 sensibili
893 754 921 790 se
934 755 1042 804 prodit
1054 754 1151 798 ‚licet
1168 753 1380 802 perniciffime
1403 751 1659 788 moveatur:sed
1669 751 1730 787 ubi

329 819 456 843 motum
473 805 676 842 solidioribus
692 805 884 854 corpusculis
895 834 905 848 ,
922 803 1100 851 cujusmodi
1114 802 1362 852 suntsalispetrae
1373 802 1553 852 particular,
1569 803 1728 850 impertit,

327 869 399 904 quae
414 867 723 906 corporummeatus
740 854 845 890 subire
858 867 925 890 non
940 852 1066 903 possunt
1076 883 1086 897 ,
1098 864 1168 889 turn
1183 865 1237 887 eas
1248 854 1365 888 straoes
1383 853 1451 887 edit
1472 857 1505 889 ὃς
1516 849 1727 886 admirabiles

327 905 463 942 effeetus
477 918 578 954 ,quos
594 908 628 941 in
654 907 826 940 tormentis
837 904 962 939 bellicis
976 905 1151 939 cernimus,
1168 904 1233 937 His
1246 883 1414 950 explicatis
1429 903 1469 937 de
1483 912 1599 937 natura
1617 906 1652 938 δε
1666 912 1728 949 ge-

326 958 496 992 neratione
514 958 597 1005 ignis
610 984 621 1000 ‚
640 955 736 990 liceat
748 953 844 991 nobis
865 954 948 990 hanc
960 951 1203 988 conclusionem
1220 962 1416 1002 proponere.

864 1030 978 1064 Prima
1000 1027 1185 1073 Conclustoss

385 1107 470 1153 Ignis
489 1108 631 1156 gignitur
654 1108 688 1143 in
706 1108 811 1143 mixto
823 1117 896 1140 cum
905 1102 943 1139 fit
962 1102 1058 1147 actu,
1076 1104 1135 1150 qui
1155 1112 1254 1138 antea
1268 1110 1335 1135 erat
1346 1099 1502 1148 potestate
1519 1109 1576 1135 :ut
1596 1099 1725 1136 videtur

325 1156 563 1203 PeripateticiS.

371 1204 466 1239 Proh.
485 1206 581 1240 concl.
597 1208 684 1254 Ignis
702 1206 739 1240 in
755 1204 845 1253 ligno
868 1218 902 1239 v.
925 1217 956 1251 g.
978 1216 1046 1239 non
1065 1202 1167 1238 habet
1179 1229 1189 1243 ,
1205 1211 1242 1234 ut
1268 1199 1446 1245 loquuntur
1464 1227 1475 1242 ,
1501 1195 1560 1233 else
1577 1196 1725 1234 sensibile

325 1254 406 1301 ignis
419 1282 429 1296 ,
445 1252 496 1287 sed
515 1254 615 1302 ligni:
637 1267 716 1304 ergo
733 1252 781 1288 ibi
805 1266 874 1288 non
895 1253 943 1287 est
960 1255 1057 1295 actu,
1077 1251 1128 1286 sed
1144 1250 1292 1296 potentia
1315 1258 1453 1282 tantum.
1472 1248 1520 1283 Est
1541 1250 1628 1281 enirn
1649 1250 1725 1282 aoht

325 1301 450 1351 lignum
464 1305 631 1351 ‚potentia
643 1302 856 1353 ignis.'1dque
877 1313 917 1336 ex
932 1304 968 1336 iis
984 1314 1057 1348 quae
1072 1298 1139 1335 fuse
1151 1298 1219 1333 sunt
1229 1296 1389 1345 disputata
1411 1297 1452 1329 de
1477 1298 1640 1344 principiis
1662 1299 1724 1332 Pe-

325 1353 502 1399 ripateticis
526 1352 639 1388 clarius
657 1354 700 1388 est
718 1382 728 1396 ,
741 1364 843 1401 quam
861 1363 898 1386 ut
912 1350 1008 1400 longa
1026 1352 1176 1385 oratione
1194 1348 1351 1394 indigeat.
1373 1345 1474 1382 Nulla
1490 1345 1532 1380 est
1543 1349 1632 1379 enim
1650 1357 1724 1393 pars

325 1402 359 1435 in
370 1400 460 1450 ligno
472 1401 526 1437 vel
547 1402 624 1438 oleo
636 1415 725 1451 ,quae
742 1403 824 1450 ignis
844 1401 907 1435 dici
925 1399 1030 1449 pollit,
1041 1410 1180 1448 quaeque
1196 1393 1340 1444 impense
1350 1395 1454 1429 calida
1472 1394 1508 1429 fit
1521 1423 1530 1436 ,
1550 1399 1584 1430 &
1604 1394 1724 1439 lucida,

324 1454 533 1496 quantumvis
552 1451 639 1487 forte
651 1456 684 1487 in
698 1465 739 1486 eo
752 1451 811 1486 sint
822 1452 926 1486 atomi
937 1452 1038 1500 ignis:
1055 1449 1106 1484 sed
1124 1447 1215 1497 quod
1225 1447 1359 1480 minime
1371 1443 1431 1480 fint
1441 1443 1602 1479 sensibiles
1615 1473 1625 1488 ‚
1639 1446 1722 1492 ignis

322 1499 465 1536 formam
486 1504 617 1550 proprie
634 1515 701 1538 non
725 1500 861 1536 habent.
1284 1537 1286 1539 ,

357 1549 446 1598 Opp.
458 1553 584 1600 Siignis
599 1564 667 1588 non
678 1552 724 1586 est
742 1553 817 1586 atstu
832 1552 866 1585 in
881 1548 989 1593 filice,
1010 1555 1043 1586 &
1063 1546 1203 1595 chalybe
1216 1576 1225 1590 ‚
1241 1546 1297 1581 ubi
1312 1545 1477 1592 utriusque
1494 1545 1608 1579 attritu
1626 1555 1724 1579 excu-

323 1600 400 1633 titur
413 1628 423 1642 ‚
435 1599 524 1635 nulla
539 1600 623 1635 illius
635 1600 724 1636 causa
738 1602 878 1635 univoca
891 1598 999 1634 afferri
1017 1597 1132 1647 potest.
1148 1597 1251 1644 Qod
1261 1595 1282 1630 fi
1304 1607 1383 1631 vero
1403 1594 1438 1629 sit
1453 1594 1602 1641 quaedam
1632 1592 1722 1627 causa

299 1689 302 1693 Ι
322 1650 489 1695 aequivoca
504 1679 513 1692 ‚
532 1649 600 1684 haec
613 1653 728 1698 utique
745 1651 822 1699 igne
837 1647 907 1697 ipso
916 1650 978 1683 erit
995 1647 1148 1683 nobilior.
1162 1648 1206 1681 At
1220 1658 1371 1693 quaenam
1385 1657 1423 1679 ea
1443 1643 1551 1678 futura
1576 1642 1624 1677 est
1650 1655 1722 1690 quae

320 1697 461 1733 formam
474 1701 556 1747 ignis
571 1700 687 1734 educat
699 1709 710 1734 ἓ
729 1710 838 1745 neque
850 1699 939 1732 enim
959 1709 1030 1731 tum
1041 1708 1094 1730 aer
1115 1698 1315 1742 interceptus
1326 1693 1544 1727 inflammatur
1557 1720 1566 1734 ,
1578 1703 1614 1725 ut
1625 1703 1720 1739 putat

320 1746 507 1782 Alexander
519 1747 758 1795 Aphrodisaeus,
771 1759 845 1781 cum
858 1745 1052 1781 inflammari
1071 1756 1137 1778 non
1154 1741 1270 1791 possm,
1288 1753 1430 1788 cumque
1452 1753 1491 1774 ex
1509 1742 1620 1774 attritu
1639 1739 1718 1774 cha..

319 1795 405 1843 lybis
434 1801 467 1832 &
492 1795 581 1830 silicis
604 1795 747 1832 scintillae
762 1795 915 1830 decidant
931 1824 940 1838 ‚
959 1808 1029 1842 quae
1045 1793 1155 1828 charta
1174 1803 1320 1840 exceprae
1336 1820 1345 1833 ,
1366 1795 1400 1826 ὃ(
1423 1789 1628 1836 microscopii
1654 1802 1718 1838 ope

320 1843 498 1892 conspe&ae
512 1844 684 1881 nihilaliud
697 1846 849 1881 videntur
867 1843 928 1879 effe
943 1857 1041 1891 quarn
1052 1841 1214 1891 particulae
1228 1838 1373 1888 chalybis
1386 1844 1417 1876 &
1431 1838 1522 1874 filicis
1534 1868 1542 1882 ‚
1552 1841 1583 1873 in
1594 1840 1718 1874 vitrum

319 1906 403 1941 pene
417 1894 593 1938 conversae,
609 1909 647 1930 ac
659 1895 819 1943 pleraeque
829 1895 916 1929 exiis
926 1894 1070 1929 rotundae
1082 1921 1091 1936 ,
1109 1891 1266 1940 &politae
1277 1905 1284 1926 :
1296 1890 1377 1924 adeo
1390 1900 1424 1923 ut
1433 1887 1514 1924 nihil
1535 1890 1640 1923 minus
1657 1900 1716 1924 ve-

320 1941 448 1978 risimile
463 1942 498 1978 sit
508 1957 605 1992 quam
615 1957 723 1980 aerem
739 1944 945 1980 inflammari.

369 1995 459 2041 Resp.
475 1996 526 2028 vix
542 1993 618 2029 illud
634 2006 862 2043 argumentum
876 1988 1054 2040 solviposse
1067 1988 1108 2024 ab
1126 1992 1163 2024 iis
1175 1991 1290 2038 quiin
1311 1990 1524 2039 generatione
1550 1990 1631 2037 ignis
1651 1996 1717 2023 ηο-4

319 2054 395 2076 vam
413 2045 584 2078 entitatem
602 2035 735 2092 produci
750 2043 962 2079 contendunt.
974 2041 1036 2076 Sed
1046 2042 1103 2087 qui
1119 2042 1230 2089 ignem
1252 2051 1320 2074 tum
1342 2038 1410 2074 fieri
1428 2050 1563 2087 putant,
1579 2050 1653 2072 cum
1678 2037 1715 2072 il.

318 2093 380 2127 lius
390 2095 601 2128 atomiantea
613 2092 755 2142 dispersae
770 2093 966 2139 colliguntur
976 2120 985 2134 ‚
996 2102 1031 2124 ur
1041 2090 1166 2124 videtur
1180 2090 1340 2138 Epicureis
1357 2103 1364 2124 :
1379 2088 1464 2123 adeo
1478 2099 1513 2122 ut
1536 2086 1601 2122 sola
1623 2099 1714 2122 crea..

318 2143 410 2177 trione
431 2155 499 2177 non
517 2146 729 2191 generatione
755 2134 978 2192 simplicissima
997 2139 1075 2174 fiant
1095 2151 1252 2187 corpora;
1268 2151 1403 2185 tumque
1423 2141 1532 2187 ignem
1551 2138 1712 2184 procreari

318 2189 530 2235 arbitrantur,
544 2204 615 2227 curn
629 2193 770 2241 dispersae
781 2195 881 2228 atomi
893 2193 943 2227 vel
960 2202 1096 2225 externa
1106 2192 1298 2237 agitatione,
1313 2188 1366 2222 vel
1379 2188 1528 2223 intestino
1539 2196 1645 2228 motu,
1657 2184 1713 2219 vel

317 2239 449 2275 aliarum
468 2239 604 2290 ingreffu
624 2247 770 2277 excitatae
791 2245 822 2277 in
843 2255 942 2277 unum
964 2250 1086 2275 coeunt
1097 2238 1173 2282 ,ubi
1196 2251 1246 2274 res
1259 2240 1385 2287 pinguis
1400 2233 1551 2274 &cleosa
1563 2234 1714 2268 accendi-

322 2300 392 2323 tur:
412 2292 601 2338 Hiinquam
616 2321 626 2336 ,
645 2291 825 2327 facilevim
837 2292 929 2340 hujus
947 2291 1130 2335 argumenti
1146 2288 1415 2337 effligiuntzfcum
1430 2297 1468 2319 ex
1492 2283 1556 2318 sola
1576 2284 1709 2318 anione

320 2349 501 2389 atomorum
519 2343 602 2388 ignis
616 2342 762 2389 prodeat.
778 2342 879 2378 Unde
894 2340 979 2375 nulla
994 2351 1043 2373 res
1065 2339 1155 2372 ardet
1169 2369 1177 2381 ,
1203 2350 1259 2372 aut
1276 2339 1350 2371 aaa
1369 2335 1520 2369 calefacit
1543 2335 1621 2367 citra
1645 2332 1707 2367 suae

321 2385 493 2423 lubstantiae
509 2389 724 2440 dispendium.
746 2393 954 2440 rounque
975 2390 1006 2424 id
1028 2388 1086 2424 fiat
1101 2389 1216 2425 modo:
1240 2385 1303 2424 sive
1313 2389 1408 2435 ignea
1420 2382 1601 2432 corpuscula
1622 2411 1632 2425 ‚
1652 2381 1710 2416 ubi
