1878 2724
429 154 498 190 DE
534 152 710 190 MOTU
748 153 1108 190 SIDERUM.'''
1380 170 1405 192 ιι

32 203 199 249 describit,
211 214 252 238 eo
265 202 358 237 citius
371 214 461 250 ‚quo
478 202 535 238 soli
563 205 607 237 est
636 205 779 250 propior.
801 204 891 237 Hinc
905 202 941 238 fit
952 215 1022 237 raro
1039 199 1093 236 sub
1118 200 1325 250 conspedum
1347 170 1402 239 v3e-

30 256 110 290 niat.
123 254 205 298 Qiae
214 263 324 287 autem
336 252 377 287 de
387 256 517 287 Venere
530 251 644 286 dietari
658 250 760 286 sumus
771 280 781 294 ‚
795 253 834 286 ad
849 253 1001 286 Mercurii
1015 251 1174 285 theoriam
1182 251 1331 300 applicari
1349 252 1399 288 fa-

30 303 93 337 cile
101 311 263 350 poterunt.
277 301 361 335 Cum
379 304 489 349 itaque
510 304 618 336 Venus
629 297 812 348 longiffime
823 300 845 336 ὲ.
857 300 951 336 nobis
968 300 1079 342 distat,
1102 310 1136 333 ut
1158 300 1288 346 quando
1306 301 1348 335 est
1365 304 1398 337 in

31 353 84 394 G,
103 345 226 384 terrain
241 348 456 384 L‘constituta
467 378 477 392 ‚
489 360 558 384 turn
574 349 672 397 pleno
681 348 762 382 orbe
774 348 876 391 lucet,
891 347 936 382 sol
953 350 1070 396 quippe
1088 358 1212 396 partem
1233 349 1318 384 illius
1335 363 1397 385 rio-

27 396 77 432 bis
104 397 273 434 obversam
289 397 453 433 collustrat
468 397 543 441 ·,sed
559 397 637 432 tubo
651 399 762 446 optico
775 397 840 431 visa
854 423 865 436 ,
882 408 951 431 tum
979 396 1067 431 mole
1091 396 1266 432 admodum
1289 400 1399 435 immi-

28 459 104 483 nuta
113 449 260 484 cernitur.
273 446 399 484 Contra
407 475 417 490 ,
428 446 485 482 ubi
499 449 560 481 erit
571 445 673 488 versus
683 447 834 494 punctum
848 448 869 480 S
880 459 887 480 :
900 457 968 480 tum
979 447 1066 480 enim
1080 456 1167 478 terrae
1178 447 1204 479 L
1220 450 1281 480 erit
1293 450 1400 495 proxi-

29 508 98 534 ma,
116 501 149 532 δι
164 495 244 530 tubo
259 498 369 544 optico
387 495 484 544 longe
497 499 597 543 major
608 493 777 543 apparebit
787 523 796 537 ,
816 493 866 529 sed
880 493 998 529 falcata
1016 493 1189 528 admodum
1204 499 1237 530 δε
1267 495 1333 529 fere
1348 499 1397 532 in-

0 569 2 574 .
27 539 191 579 star’novae
208 543 305 579 lunae:
320 544 410 579 nudis
422 555 530 579 tamen
547 542 648 578 oculis
657 541 792 591 ejusdem
806 542 874 576 fere
892 542 986 577 molis
1000 545 1139 577 cernitur
1150 571 1159 585 ,
1171 543 1258 589 quod
1273 556 1396 592 partem

26 592 109 626 illius
126 592 293 627 obscuram
305 592 496 641 distinguere
512 604 578 627 non
593 590 759 640 poffimus.
792 591 888 626 Circa
927 593 1023 626 uncta
1042 606 1059 635 9
1071 620 1079 634 ,
1098 596 1156 635 &3
1178 604 1275 639 quam
1292 595 1398 640 potest

26 639 210 689 lougiffime
221 640 242 679 ὲ
259 641 322 675 sole
341 642 514 689 digreditur
526 669 534 683 ,
552 643 593 687 48
603 640 671 675 fere
681 638 831 688 gradibus
841 604 946 675 versus
957 642 1113 687 puuc‘tum
1132 642 1161 675 K
1178 652 1231 674 aut
1245 643 1279 676 O
1291 644 1397 676 cerni-

27 699 77 723 tur
91 706 99 731 ς
115 701 249 736 tumque
258 691 392 724 dimidio
405 689 474 724 fere
487 688 568 724 orbe
581 717 590 731 ‚
606 694 640 726 δι
657 687 743 736 quasi
763 689 837 723 luna
851 691 884 723 in
905 688 1103 736 quadraturis
1121 701 1161 736 ap
1186 700 1265 725 aret.
1283 692 1398 737 Itaque

25 735 73 771 bis
83 749 156 772 cum
170 735 235 772 sole
248 740 450 786 conjungitur
467 739 499 772 in
513 740 543 771 G
556 743 590 774 &
604 740 625 772 S
639 766 650 781 ‚
666 736 761 772 sedin
771 737 870 772 altera
881 739 1110 785 conjrinffione
1126 750 1169 772 no
1196 739 1221 771 is
1239 738 1285 772 est
1298 736 1397 773 finiti-

25 798 96 829 ma,
115 799 232 835 nempe
247 791 332 835 juxta
347 787 556 834 punstumS‚
575 798 708 833 tumque
724 787 816 820 nudis
840 786 940 822 oculis
961 787 1065 820 videri
1079 799 1144 821 non
1162 786 1288 835 potest,
1306 787 1396 834 quod

22 834 117 869 radiis
137 833 290 869 so!aribus
311 831 376 871 non
391 835 579 871 illustretur:
593 835 644 870 sed
662 833 718 868 ubi
731 834 962 882 aliquantulum
979 833 1020 868 ab
1035 846 1076 869 eo
1092 837 1214 882 punsto
1229 835 1396 870 discefferit

25 892 95 918 tum
105 883 220 918 falcata
236 886 387 927 cernitur,
405 897 442 918 ac
457 883 552 932 longe
561 885 603 919 est
614 883 777 929 amplioris
788 882 891 917 molis.
915 883 1039 918 Contra
1052 910 1063 926 ‚
1075 895 1109 918 ut
1122 884 1260 919 diximus
1277 912 1286 927 ‚
1303 885 1336 918 in
1347 884 1394 919 al-
1427 909 1429 912 -

25 941 91 966 tera
100 934 328 980 conjunffione
336 931 441 967 versus
451 933 582 975 G‚mole
593 932 692 980 quide
704 931 747 965 est
760 934 906 968 minima:
918 930 969 966 sed
981 930 1078 979 pleno
1088 943 1200 967 tamen
1213 931 1293 967 orbe
1301 932 1395 970 lucet.

57 981 157 1028 Qiod
167 979 188 1015 fi
205 985 313 1015 Venus
323 981 442 1028 ubique
454 981 518 1015 sole
537 981 682 1022 inferior,
695 986 727 1016 δι
742 992 834 1015 retrae
847 980 924 1016 esset
941 982 1080 1015 vtcinior
1092 981 1184 1015 instar
1197 980 1280 1016 luuae
1293 1010 1301 1024 ‚
1317 994 1396 1029 pro-

23 1040 65 1076 pe
79 1041 249 1077 utramque
262 1030 344 1064 illius
358 1043 431 1064 cum
446 1028 509 1065 sole
527 1030 790 1076 conJuii&:onem
803 1058 812 1072 ,
825 1042 899 1064 cum
918 1029 1070 1064 videlicet
1082 1031 1238 1064 matutina
1257 1030 1300 1064 est
1311 1058 1320 1072 ,
1340 1042 1396 1065 aut

23 1076 203 1125 vespertina
215 1106 226 1121 ,
238 1077 358 1126 semper
374 1078 491 1113 falcata
506 1078 697 1114 cerneretur.
712 1079 760 1112 Ac
772 1079 903 1112 demum
916 1077 935 1112 si
955 1077 1035 1112 illius
1047 1076 1152 1111 orbita
1165 1078 1184 1112 ξι
1207 1089 1297 1112 terra:
1320 1090 1397 1114 cen-

24 1136 75 1159 tro
97 1124 345 1170 describeretur,
356 1137 391 1161 ut
407 1126 508 1160 visum
525 1129 566 1160 est
580 1127 778 1169 Ptolomaeo,
799 1130 910 1160 Venus
920 1137 1152 1172 nonnunquam
1172 1125 1229 1160 soli
1247 1139 1396 1174 oppone-

22 1184 119 1208 retur.
145 1175 244 1227 Qui
261 1187 335 1210 curn
350 1187 514 1222 nunquam
525 1176 649 1210 accidat
664 1204 673 1218 ‚
692 1174 883 1209 Ptolemaeus
907 1177 1072 1223 ingentem
1095 1173 1275 1222 epicyclum
1287 1179 1394 1223 ,cujus
1408 1202 1411 1206 .

22 1222 180 1256 diameter
197 1228 233 1257 ίιι
247 1222 317 1257 fere
334 1235 465 1258 centum
477 1224 632 1271 graduum
653 1223 700 1257 illi
711 1226 843 1271 aptavit.
857 1224 975 1271 Tycho
990 1234 1068 1257 vero
1084 1225 1247 1256 Venerem
1266 1234 1303 1257 ut
1319 1223 1397 1257 reli-

22 1283 105 1317 quos
125 1271 268 1319 planetas
281 1300 290 1314 ,
306 1271 381 1305 luna
399 1283 531 1318 excepti
543 1301 552 1314 ,
570 1272 589 1306 ὲι
611 1271 675 1305 sole
689 1271 884 1306 circumferri
899 1271 1000 1305 voluit
1014 1283 1021 1303 :
1043 1282 1115 1317 quae
1130 1271 1265 1318 quidem
1280 1273 1395 1319 opinio

21 1319 61 1353 iis
79 1319 122 1354 est
135 1319 340 1354 defendenda
356 1349 366 1363 ,
378 1319 498 1366 quibus
517 1319 650 1368 systema
667 1321 842 1368 Copernici
859 1333 925 1354 non
939 1319 1054 1367 placet.

47 1369 127 1416 jam
145 1368 225 1402 illud
240 1367 407 1403 obscurum
417 1367 478 1403 effe
492 1381 556 1403 non
572 1369 673 1417 potest
687 1381 741 1402 cur
757 1370 935 1403 Mercurius
948 1368 967 1403 ὲι
990 1367 1053 1402 sole
1065 1369 1168 1402 minus
1181 1369 1396 1416 digrediatur:

22 1427 98 1451 cum
114 1418 274 1452 minorem
287 1419 368 1451 circa
381 1416 480 1451 solem
496 1417 653 1451 describat
667 1415 807 1451 orbitam
828 1433 838 1458 3
855 1428 908 1450 aut
928 1428 983 1450 cur
996 1416 1159 1450 interdum
1185 1419 1217 1452 in
1242 1415 1306 1451 sole
1329 1417 1396 1465 ipso

24 1465 187 1511 videatur,
203 1477 239 1499 ut
253 1465 272 1500 ἐι
295 1464 453 1500 Gaffendo
472 1467 607 1513 primum
626 1493 635 1508 ,
655 1477 724 1500 tum
739 1464 781 1499 ab
799 1464 944 1499 Hevelio
967 1464 1030 1500 fuit
1043 1463 1247 1500 observatum
1267 1481 1276 1508 ;
1297 1465 1396 1513 idque

23 1512 76 1547 die
86 1529 116 1557 7.
132 1513 332 1549 Novembris
346 1516 420 1548 anni
435 1521 507 1555 1677
520 1516 658 1562 contigit
674 1525 749 1557 ;cut
763 1515 862 1548 etiarn
880 1514 972 1548 instar
982 1515 1121 1548 Veneris
1141 1513 1276 1548 falcatus
1297 1526 1397 1562 appa-

23 1572 110 1606 reat3
127 1574 181 1596 cur
192 1560 228 1597 fir
239 1562 432 1610 splendidior
447 1566 596 1605 Venere,
611 1562 700 1609 quod
729 1561 785 1596 soli
799 1563 933 1597 vicinior
953 1575 961 1596 z
979 1573 1030 1595 cur
1060 1565 1168 1596 Venus
1186 1563 1301 1597 itidem
1318 1563 1396 1597 reli-

23 1612 94 1656 quis
105 1610 242 1658 planetis
253 1610 358 1645 multo
371 1610 523 1645 illustrior
533 1611 646 1644 existat
658 1624 665 1645 ε
678 1610 759 1644 adeo
772 1622 808 1644 ut
818 1609 986 1644 scintillare
997 1609 1094 1643 instar
1104 1609 1228 1644 stellata
1240 1610 1395 1646 videatur.

59 1660 140 1693 Non
157 1661 218 1693 erit
237 1659 373 1693 alienum
387 1687 397 1701 ,
414 1671 484 1705 quae
501 1661 582 1692 circa
593 1661 789 1693 Mercurium
802 1664 834 1694 ὃ(
848 1661 1010 1692 Venerem
1022 1657 1042 1691 ὸ.
1061 1660 1101 1692 D.
1114 1656 1244 1692 Caffino
1264 1657 1393 1692 fuerunt

24 1704 193 1741 observata
204 1736 213 1750 ‚
229 1706 291 1742 hoc
300 1719 429 1755 quoque
442 1706 515 1742 loco
529 1706 679 1757 subjicere
690 1735 701 1751 ‚
717 1705 755 1741 fic
766 1719 876 1743 tamen
893 1718 925 1742 ut
937 1718 1008 1754 quae
1019 1703 1195 1741 difficiliora
1210 1707 1309 1741 videri
1324 1705 1399 1755 pos-

27 1752 85 1789 fint
98 1782 108 1797 ,
130 1757 328 1791 omittamus.

61 1803 90 1838 ιο
121 1802 400 1840 R'aroMercurius
421 1804 477 1840 sub
495 1805 605 1840 oculos
622 1807 732 1847 venit,
747 1804 833 1851 quod
848 1803 905 1839 soli
922 1806 1059 1839 vicinior
1083 1815 1122 1838 ex
1145 1800 1284 1850 ejusdem
1303 1803 1398 1837 radiis

24 1854 77 1886 vix
88 1864 252 1901 emergat:
265 1865 370 1900 neque
385 1866 421 1888 ut
439 1858 503 1900 jam
520 1855 643 1889 dietum
653 1854 713 1896 est,
729 1852 893 1901 plusquam
911 1867 952 1896 27
970 1864 1024 1887 aut
1043 1855 1076 1888 28
1100 1853 1214 1900 gradus
1228 1850 1248 1885 ὲ.
1272 1849 1336 1885 sole
1350 1864 1398 1886 re-

25 1912 193 1934 moveatur
203 1930 212 1943 ,
224 1913 379 1949 quantum
401 1902 469 1936 fere
489 1902 564 1937 luna
575 1902 679 1937 altero
689 1901 708 1937 ἒι
717 1902 887 1936 novilunio
898 1902 950 1935 die
966 1918 975 1943 3
988 1913 1024 1934 ac
1039 1901 1116 1948 saepe
1126 1901 1166 1934 ad
1176 1899 1274 1934 solem
1291 1911 1402 1934 rever..

27 1950 104 1982 titur
119 1949 288 1995 postquam
308 1954 341 1986 18
349 1950 461 1998 gradus
471 1950 513 1984 ab
531 1963 573 1985 eo
582 1949 754 1988 recesserit:
770 1951 853 1985 adeo
867 1962 902 1986 ut
915 1951 1063 1985 maximae
1075 1949 1095 1985 ἐι
1115 1948 1178 1984 sole
1191 1946 1401 1997 digreffiones

28 2007 148 2031 novem
159 1997 309 2043 gradibus
327 2000 410 2033 inter
431 1998 460 2032 se
473 1998 632 2034 differant.

62 2051 111 2079 2⁰.
135 2043 371 2092 Hinc'sequi'tur
384 2048 537 2081 Mercurii
549 2046 689 2083 orbitarn
700 2050 787 2091 SGS,
798 2046 852 2081 soli
862 2045 924 2081 esse
933 2049 1158 2089 excentricam‚
1169 2056 1222 2080 aut
1230 2056 1317 2081 certe
1327 2058 1399 2081 eam

27 2090 87 2126 effe
102 2091 296 2140 ellipticam³¹
312 2096 356 2127 ita
367 2105 402 2127 ut
413 2094 458 2128 sol
480 2099 633 2142 majorem
650 2097 840 2131 diametrum
854 2109 920 2130 non
947 2095 1098 2131 bifariam
1122 2093 1204 2129 secet
1223 2092 1294 2130 :sed
1312 2097 1344 2129 in
1362 2107 1400 2129 ea

28 2142 152 2175 ratione
168 2152 238 2188 quae
253 2142 296 2176 est
312 2154 329 2175 2
348 2142 386 2175 ad
403 2148 463 2186 3¹&
482 2142 579 2189 paulo
595 2144 727 2191 amplius
744 2158 751 2179 z
772 2158 842 2179 cum
855 2146 991 2179 maxima
1015 2145 1168 2179 Mercurii
1182 2143 1202 2178 ἐι
1221 2142 1285 2177 sole
1302 2143 1400 2177 diva-

28 2190 118 2236 gatio
131 2188 303 2236 aliquando
316 2188 352 2223 fit
366 2204 403 2234 27
413 2203 458 2238 gr.
471 2190 644 2236 aliquando
657 2196 693 2228 18v
707 2205 754 2240 gr.
767 2199 799 2229 &
812 2191 989 2227 dir-ferentia
1001 2192 1158 2239 utriusque
1172 2190 1206 2226 sit
1218 2193 1311 2224 tertia
1326 2202 1398 2237 pars

29 2240 177 2272 maximae
193 2237 398 2286 digressionis.
415 2239 563 2284 Cumque
578 2236 688 2286 resj'ad
708 2240 861 2275 calculum
874 2252 1044 2275 revocatur
1056 2271 1064 2284 ‚
1081 2253 1118 2274 ea
1132 2241 1299 2286 proportio
1316 2241 1399 2271 inter

28 2285 299 2333 semidiametrum
315 2289 488 2322 excentrici
510 2289 682 2325 Mercurii,
703 2293 736 2324 &
753 2288 825 2323 solis
843 2291 902 2323 erit
915 2300 949 2324 ut
962 2304 995 2334 39
1014 2290 1053 2323 ad
1067 2301 1137 2322 100.
1154 2288 1292 2320 maxima
1310 2289 1398 2321 Mer-

29 2336 106 2368 curii
127 2335 147 2370 ἐι
165 2334 231 2370 sole
245 2336 389 2370 distantia
401 2364 411 2379 ‚
432 2348 530 2382 quam
543 2335 712 2383 aphelium
726 2348 863 2378 vocant,
880 2350 963 2371 nunc
981 2338 1027 2371 est
1045 2340 1076 2370 in
1098 2347 1130 2368 12
1145 2334 1243 2381 gradu
1260 2335 1400 2382 Sagitta-

29 2383 65 2415 rii
77 2385 227 2420 :minima
243 2384 388 2420 distantia
398 2413 409 2429 ‚
419 2382 472 2419 seu
484 2383 675 2432 perihelium
685 2384 727 2420 est
736 2386 772 2422 in
785 2397 817 2420 12.
830 2387 1043 2422 Geminorum
1053 2412 1064 2426 ‚
1081 2382 1102 2417 si
1112 2383 1290 2417 Mercurius
1302 2395 1340 2417 ex
1351 2382 1402 2428 so„
