1878 2724
363 147 419 182 594
900 120 1207 162 nursica.

364 194 415 217 tus
436 180 640 228 homogenea
650 205 660 221 ,
671 187 808 224 quorum
817 185 917 210 unum
927 174 963 210 fit
974 174 1143 210 candidum
1153 203 1164 218 ,
1177 174 1313 210 alterum
1325 170 1452 224 nigrum
1466 205 1476 221 ‚
1488 174 1510 213 Γι
1525 186 1617 225 aeque
1626 174 1680 215 diu
1694 182 1748 215 ras*

363 231 420 265 diis
435 228 586 264 solaribus
600 237 814 274 exponantur,
827 237 892 259 non
908 223 1000 259 simili
1009 224 1110 259 modo
1123 222 1327 260 incalescent.
1343 227 1431 261 Nam
1441 237 1544 262 atrum
1552 225 1644 263 citius
1655 227 1748 264 flam-

363 291 450 314 mam
463 277 624 323 concipiet
637 301 647 317 ‚
662 279 696 311 &
705 272 824 309 diutius
834 273 975 308 calorem
985 271 1138 308 retinebit
1148 301 1158 316 ‚
1171 271 1269 319 quam
1283 272 1404 318 album,
1419 275 1508 322 quod
1519 276 1622 311 radios
1633 288 1749 313 omnes

363 327 485 361 emittit
496 353 506 368 ‚
528 322 728 372 pauciffimos
746 323 869 367 servat;
885 324 1012 371 nigrum
1026 320 1104 356 vero
1121 323 1285 370 pauciores
1297 323 1401 357 radios
1416 326 1536 372 regerit
1547 352 1556 367 ,
1575 324 1680 373 plures
1692 338 1751 361 ve-

363 376 411 410 lut
420 373 578 422 disruptos
589 375 673 408 intra
685 372 755 407 suos
772 383 894 407 meatus
910 370 1078 406 abscondit
1089 386 1098 414 3
1111 382 1218 418 neque
1228 373 1333 408 rectos
1347 400 1359 416 ,
1371 383 1407 407 ut
1418 373 1612 418 inciderunt,
1627 373 1679 410 sed
1691 387 1750 411 va·

363 425 419 458 riis
435 421 634 458 anfractibus
648 422 803 457 multatos
821 421 928 455 reddit

405 484 444 507 20
455 471 583 508 Albedo
598 482 636 506 ex
650 469 714 505 sola
727 471 868 519 corporis
881 470 1054 517 asperitate
1066 468 1191 504 ducitur
1211 496 1221 512 ,
1241 480 1314 504 cum
1330 469 1411 504 radii
1432 472 1488 518 qui
1506 470 1594 506 velut
1605 470 1752 520 paralleli

361 521 528 565 incidunt,
545 522 580 556 in
592 532 704 556 omnes
716 531 820 568 partes
834 518 1039 554 reflectuntur
1059 531 1066 552 :
1094 518 1168 557 hinc
1188 519 1352 566 pauciores
1367 520 1501 570 quidem
1522 519 1660 555 subeunt
1672 532 1752 555 ocu..

359 570 425 605 lum
436 599 445 613 ,
463 583 560 618 quam
570 569 622 605 lux
640 572 715 604 viva
731 581 807 604 eum
826 567 1024 617 percelleret.
1045 567 1108 601 Sed
1121 579 1230 602 tame-n
1243 567 1344 614 quarn
1359 567 1531 604 minimum
1540 571 1561 603 ii
1573 568 1751 605 debilitan-

358 624 452 656 tur&
466 619 612 654 colorem
622 616 852 654 exhibentluci
862 616 915 666 ipsi
940 618 1127 664 proximum.
1149 617 1202 651 Sic
1220 615 1424 651 minut-issima
1440 630 1535 653 arena
1550 616 1662 653 album
1693 630 1753 653 co-

359 668 464 703 lorem
476 681 539 716 prae
555 667 584 702 se
595 667 762 714 fert‚quod
775 667 869 701 instar
880 667 1022 714 corporis
1033 664 1132 713 asperi
1143 664 1250 700 lumen
1262 667 1295 701 in
1303 677 1418 700 omnes
1429 678 1533 714 partes
1543 679 1669 716 regerat
1679 681 1688 710 ;
1699 667 1752 703 sed

357 717 440 752 illius
464 729 567 752 arenae
591 717 723 765 granula
742 714 953 764 microscopio
976 713 1146 763 conspe&a
1167 743 1177 758 ,
1196 714 1285 750 velut
1303 715 1443 749 totidem
1469 717 1655 751 adamantes
1668 745 1678 760 ,
1695 727 1755 751 aut

360 765 500 814 crystalli
511 765 684 814 pellucent.
706 767 757 799 Sic
774 776 944 813 argentum
953 762 1064 799 album
1073 766 1213 806 cernitur
1224 775 1298 798 cum
1311 764 1357 797 est
1370 762 1507 812 asperius
1525 779 1534 801 :
1549 777 1620 800 cum
1633 764 1753 801 scilicet

359 814 502 850 aurifices
515 814 670 862 illudigni
685 825 761 848 ante
776 812 957 861 impofitum
967 814 1058 847 omni
1075 810 1164 847 sorde
1176 824 1368 862 purgarunt,
1390 824 1458 848 tum
1480 816 1512 849 in
1525 826 1610 861 aqua
1626 814 1755 849 fervida

354 864 423 901 ‚sale
434 865 621 906 communi,
632 869 666 900 &
676 864 785 897 tartari
799 862 881 897 foeta
895 861 1083 907 aliquandiu
1100 863 1241 896 retinent
1252 891 1262 904 ,
1282 873 1318 896 ut
1333 874 1416 909 aqua
1437 861 1491 897 illa
1505 861 1662 897 corrosiva
1674 875 1753 897 exe-

354 912 428 950 ¹sum
447 911 503 950 fiat
516 911 703 959 asperius&
714 911 876 947 candidius
892 923 900 946 τ
922 921 994 944 cum
1015 907 1095 946 vero
1118 909 1225 957 lapide
1241 909 1419 957 perpolitur
1430 939 1441 955 ,
1465 912 1641 946 candorem
1661 909 1753 948 suum

361 963 461 998 exuit.

391 1019 429 1055 30
445 1009 574 1045 Albedo
585 1009 664 1057 saepe
675 1011 776 1045 oritur
792 1020 830 1043 ex
845 1009 1061 1043 continuitate
1071 1007 1214 1055 corporis
1227 1007 1380 1055 dia‘phani
1396 1009 1582 1056 interrupta.
1602 1010 1655 1044 Sic
1666 1021 1753 1057 aqua

355 1061 397 1093 in
413 1056 557 1106 spumam
573 1060 712 1106 agitatur
722 1086 732 1100 ,
745 1057 975 1106 &plerumque
987 1057 1049 1091 alia
1061 1067 1196 1104 corpora
1212 1057 1389 1090 innumeris
1408 1057 1552 1092 constant
1564 1059 1726 1104 particulis
1742 1087 1754 1103 ‚

359 1120 432 1155 quae
449 1120 520 1142 cum
534 1105 591 1141 sint
604 1106 782 1154 pellucidae‚
793 1104 837 1140 ob
851 1107 1060 1154 exiguitatem
1072 1116 1181 1139 tamen
1192 1132 1203 1146 ,
1215 1116 1270 1138 aut
1285 1103 1420 1153 figuram
1430 1134 1440 1149 ‚
1453 1105 1504 1139 seu
1519 1107 1668 1153 quaedam
1682 1106 1755 1155 spe-

361 1156 431 1191 cula
441 1155 548 1190 lucem
562 1167 716 1204 regerunt
729 1184 738 1198 ‚
764 1167 822 1190 nec
842 1154 1039 1189 refraffione
1055 1183 1065 1198 ‚
1087 1166 1146 1188 nec
1160 1151 1347 1188 umbrarum
1368 1154 1585 1201 vpermistione
1608 1155 1756 1193 dilutam.

363 1207 431 1240 Lux
441 1208 528 1239 enim
538 1203 558 1239 ἐι
568 1217 711 1238 convexa
720 1205 862 1251 corporis
871 1201 1044 1250 ‘superficie
1058 1200 1179 1237 reflexa
1193 1205 1295 1250 magis
1311 1203 1459 1238 dilatatur
1471 1231 1481 1246 ‚
1513 1202 1612 1251 quarn
1625 1217 1699 1240 curn
1718 1207 1756 1241 in.

363 1254 495 1302 planam
512 1251 709 1300 superficiem
725 1253 850 1292 incidit.
861 1252 960 1288 Unde
976 1250 1084 1286 oculus
1099 1253 1130 1286 in
1148 1253 1246 1287 variis
1264 1251 1344 1285 locis
1365 1250 1532 1288 successive
1549 1251 1665 1300 pofitus
1685 1256 1755 1288 exi-

363 1315 460 1351 guam
477 1300 548 1336 solis
561 1303 734 1349 imaginem
749 1304 782 1335 in
795 1302 887 1335 variis
898 1300 990 1348 hujus
1002 1299 1178 1348 superficiei
1190 1299 1266 1334 locis
1277 1302 1419 1335 intuetur
1435 1315 1443 1336 ε
1460 1312 1557 1348 atque
1567 1302 1654 1337 idem
1671 1304 1755 1337 acci-

364 1352 459 1386 dirae
471 1349 491 1385 si
501 1350 642 1386 multa&
655 1350 750 1385 valde
766 1351 881 1398 exigua
892 1349 1015 1396 specula
1032 1361 1177 1384 convexa
1197 1348 1521 1385 lumen.refle6ierent
1534 1364 1541 1385 :
1555 1362 1590 1384 ut
1600 1363 1673 1386 cum
1683 1351 1757 1400 plu-

365 1412 413 1434 tes
428 1399 561 1448 guttulae
575 1399 763 1448 hydrargyri
774 1398 834 1434 sese
847 1409 962 1433 mutuo
975 1399 1451 1447 contingunt.Unumquodque
1464 1401 1549 1434 enim
1560 1398 1647 1434 suum
1657 1403 1758 1436 emit..

367 1452 406 1483 tit
425 1450 597 1483 candorem
608 1477 617 1491 ‚
632 1460 692 1483 nec
707 1447 876 1483 intervalla
885 1445 1017 1482 obscura
1040 1460 1103 1495 prae
1112 1450 1288 1495 exiguitate
1300 1446 1354 1482 sub
1370 1447 1480 1481 oculos
1501 1450 1635 1483 veniunt
1648 1478 1657 1492 ‚
1679 1462 1759 1497 prae·

366 1496 473 1532 sertim
492 1510 566 1533 cum
578 1496 692 1531 luxilla
700 1499 853 1546 -vegetior
866 1495 1016 1531 nervulos
1029 1498 1139 1530 tetinae
1149 1508 1204 1530 aut
1219 1496 1385 1530 choto'idis
1403 1494 1442 1530 sic
1455 1495 1551 1531 feriat
1566 1525 1576 1539 ,
1596 1508 1632 1531 ut
1647 1501 1757 1546 proxi-

365 1546 556 1581 moseodem
569 1548 731 1581 concutiat
744 1558 853 1582 motu:
876 1545 959 1580 unde
971 1550 1004 1581 ὃ(
1016 1543 1142 1594 globuli
1161 1549 1298 1593 majores
1317 1544 1415 1592 quarn
1436 1557 1548 1579 revera
1563 1544 1640 1590 fint,
1652 1559 1756 1595 appa..

365 1607 437 1633 rent
451 1624 460 1637 ‚
472 1600 504 1631 δι
518 1595 637 1631 candor
647 1598 692 1629 rei
703 1607 801 1643 auget
819 1596 1002 1643 imaginem.
1038 1594 1176 1629 Accedit
1191 1595 1279 1629 illlud
1294 1597 1394 1628 etiam
1413 1594 1499 1641 quod
1521 1594 1574 1630 lux
1588 1607 1670 1643 pene
1686 1607 1757 1631 tota

366 1657 437 1690 quae
454 1656 570 1691 corpus
583 1645 616 1679 in
627 1643 735 1680 album
745 1644 869 1686 incidit,
879 1641 1062 1678 ressestatur
1075 1672 1083 1686 ‚
1096 1643 1182 1678 nulla
1197 1645 1282 1678 intus
1296 1642 1418 1678 subeat.
1444 1644 1535 1677 Hinc
1550 1643 1625 1677 alba
1643 1657 1697 1680 cor
1722 1658 1759 1679 o-

367 1705 402 1726 ra
421 1692 585 1728 confusam
608 1692 700 1727 velut
717 1692 793 1727 lucis
816 1694 993 1740 imaginem
1006 1697 1038 1728 8<
1049 1692 1223 1727 candorem
1244 1691 1412 1727 exhibent.
1427 1693 1514 1726 Hinc
1525 1692 1643 1727 candor
1656 1657 1758 1729 viiiim

367 1739 547 1790 disgregare
555 1743 669 1776 dicitur
680 1771 689 1784 ,
703 1742 791 1788 quod
806 1746 872 1790 ejus
887 1743 993 1775 aciem
1011 1741 1173 1776 radiorum
1193 1741 1398 1776 multitudine
1416 1740 1576 1790 defatiget
1589 1770 1599 1785 ‚
1620 1753 1657 1776 ac
1673 1744 1758 1778 nivis

367 1792 541 1825 candorem
558 1793 609 1824 vix
624 1791 708 1825 oculi
725 1790 808 1825 ferre
819 1790 956 1838 possunt.

413 1841 501 1874 Hinc
512 1839 584 1875 lucis
594 1838 684 1886 ipsius
699 1839 788 1873 color
800 1840 927 1873 nativus
949 1839 991 1873 est
1005 1839 1133 1874 candor.
1148 1841 1221 1873 Imo
1237 1835 1257 1871 si
1269 1838 1350 1872 radii
1369 1837 1484 1873 solares
1496 1851 1551 1886 per
1574 1839 1692 1872 vitrum
1711 1836 1760 1872 sa-

368 1889 406 1920 tis
420 1900 601 1921 convexum
611 1893 644 1923 &
668 1887 850 1921 coloratum
860 1888 1058 1932 excipiantur
1069 1915 1077 1928 ‚
1100 1886 1154 1921 lux
1166 1898 1265 1933 prope
1277 1886 1386 1920 focum
1400 1889 1474 1921 vitri
1491 1886 1602 1922 album
1613 1886 1760 1921 colorem

368 1947 430 1982 prce
444 1935 472 1968 sc
489 1934 584 1976 feret,
597 1940 629 1969 &
642 1934 749 1968 charta
759 1936 848 1979 nigra
859 1935 892 1967 in
904 1946 943 1967 eo
956 1934 1029 1968 loco
1045 1932 1157 1981 posita,
1167 1947 1341 1980 antequam
1357 1933 1665 1978 inflammetur‚alba
1679 1948 1759 1970 con-

367 1984 522 2024 spicietur.
550 1984 636 2018 Cum
651 1982 705 2017 lux
717 1981 831 2017 debilis
845 1981 902 2025 est,
912 1987 946 2018 &
958 1985 1232 2029 intert·upta‚utin
1244 1982 1351 2030 spiritu
1365 1985 1450 2027 vini,
1466 1990 1497 2021 ὅ(
1509 1986 1540 2018 in
1553 1982 1684 2018 accenso
1697 1982 1761 2018 sul-

367 2032 440 2068 fure
452 2061 461 2074 ,
477 2044 547 2066 turn
571 2031 760 2080 plerumque
776 2030 913 2065 caerulca
931 2032 1058 2064 videtur
1076 2045 1082 2066 :
1109 2043 1185 2066 tunc
1203 2033 1291 2066 enim
1312 2032 1415 2067 halitu
1445 2033 1562 2077 aquoso
1583 2043 1637 2066 aut
1665 2032 1760 2067 acido

367 2080 501 2115 flamma
513 2082 764 2128 interrumpitur,
773 2091 827 2114 aut
843 2091 930 2115 certe
942 2079 1066 2114 >balitus
1081 2079 1144 2127 ipse
1157 2080 1371 2115 inflammatus
1384 2080 1528 2117 subtilior
1541 2080 1707 2115 caerulenm
1725 2080 1762 2115 il-

368 2129 433 2164 lum
444 2128 567 2178 praebet
578 2129 721 2163 colorem
732 2157 740 2170 ‚
755 2140 791 2162 ut
801 2127 930 2162 crassior
947 2127 1096 2164 rubrum:
1113 2128 1249 2164 densior:
1259 2142 1272 2163 s
1294 2132 1378 2164 enim
1391 2130 1471 2165 fumi
1482 2144 1534 2164 aut
1548 2128 1668 2164 flavum
1680 2158 1689 2173 ,
1706 2140 1761 2164 aut

369 2178 499 2217 rubrum
510 2178 655 2212 colorem
665 2176 831 2216 exhibent.
851 2179 903 2211 Sic
926 2176 1011 2213 forte-
1034 2177 1125 2212 stellae
1146 2191 1282 2225 quarum
1300 2178 1350 2212 lux
1372 2179 1414 2213 est
1440 2179 1596 2218 debilior,
1624 2177 1758 2212 ccci-uico

369 2230 531 2276 tinguntur
548 2226 666 2261 colore.
684 2226 803 2262 Eadem
822 2226 865 2259 cst
878 2228 960 2259 tatio
977 2226 1057 2260 illius
1069 2225 1197 2261 luminis
1214 2228 1300 2273 quod
1328 2230 1358 2261 in
1379 2227 1562 2276 phosphoro
1580 2225 1759 2269 artificiali,

370 2279 403 2312 in
421 2275 565 2310 carnibus
582 2276 798 2322 quorumdam
807 2275 994 2309 animalium
1008 2305 1016 2318 ,
1026 2275 1100 2309 dum
1115 2275 1462 2323 putrescereincipiunt
1476 2306 1484 2317 ,
1502 2279 1534 2310 in
1550 2275 1643 2323 lignis
1657 2277 1760 2320 putri-

370 2325 415 2359 dis
427 2354 436 2367 ,
447 2327 479 2359 in
492 2326 616 2368 agitato
627 2326 705 2358 mari
716 2323 919 2370 conspicitur.
932 2324 967 2358 ld
982 2326 1067 2358 enim
1081 2336 1179 2358 tenue
1198 2337 1270 2359 cum
1283 2323 1318 2358 sit
1333 2330 1364 2361 ἃ
1377 2324 1486 2359 debile
1499 2353 1508 2366 ,
1532 2322 1696 2358 caeruleum
1718 2321 1759 2356 cs-

371 2372 437 2409 ficit
463 2373 615 2411 colorem.
647 2373 774 2410 Contra
791 2372 842 2409 lux
862 2372 933 2408 solis
953 2384 1006 2408 aut
1030 2373 1109 2409 lunae
1130 2373 1245 2421 inipso
1281 2385 1354 2409 ortu
1384 2373 1434 2409 vel
1457 2372 1567 2409 occasu
1587 2384 1660 2405 cum
1678 2372 1759 2406 dcu-

1868 2399 1878 2416 ¹¹1

1871 2417 1878 2493 i

1872 2507 1878 2526 ]

1868 2557 1878 2568 ι,

1868 2600 1870 2609 ι
