1878 2724
581 110 735 148 PARS
771 111 1022 149 TERTIA.
1444 114 1501 149 61

117 161 275 198 contineri
287 188 299 204 ,
312 163 367 196 adt
380 160 490 208 ignem
501 158 654 196 febrilem
668 163 701 196 in
717 160 785 196 solo
794 163 891 196 corde
900 162 1049 197 accendi:
1066 159 1197 208 quando
1212 162 1300 197 enirn
1309 160 1364 196 sub
1374 126 1500 196 initiufn

116 209 302 260 paroxysmi
312 221 388 244 cum
402 211 508 259 rigore
524 221 580 244 aut
591 209 724 245 horrore
736 221 840 245 totum
851 222 963 259 corpus
977 212 1159 245 concutitur
1170 238 1180 252 ,
1191 214 1260 258 jam
1273 209 1374 245 febris
1391 210 1476 244 adest
1486 238 1497 253 ‚

117 270 179 295 nec
192 260 269 294 dum
286 257 372 292 calor
382 256 412 293 se
423 258 531 306 prodit
544 261 640 306 :quin
652 260 750 293 etiam
766 258 847 307 saepe
858 272 897 294 ex
911 259 1108 302 vulnere‚aut
1120 271 1159 293 ex
1174 257 1298 294 visceris
1308 259 1439 307 alicujus
1452 262 1500 293 in⁶

115 306 343 343 flammatione
356 306 456 343 febris
468 310 578 344 oritur.
589 310 719 356 Negant
729 306 917 356 sanguinem
929 309 1027 356 quiin
1036 306 1112 343 vasis
1121 311 1324 343 continenter
1337 320 1498 351 movetur,

116 366 184 392 tam
198 356 293 391 facile
306 355 499 404 putrescere,
512 367 565 391 aut
580 368 648 392 tam
664 358 729 391 cito
741 357 782 390 ad
799 357 916 392 statum
930 356 1108 393 naturalem
1123 359 1268 392 revocari
1281 356 1367 406 posse
1381 385 1391 399 ,
1409 355 1430 391 fi
1439 369 1499 405 pu-

115 405 215 439 tridus
228 404 304 440 elset
316 410 349 442 &
363 417 544 453 corruptus.
555 406 686 441 Addunt
696 403 881 455 sanguinem
890 409 924 441 in
933 407 1044 454 primis
1059 404 1170 440 saltem
1182 405 1292 440 diebus
1311 405 1354 441 ab
1367 408 1501 441 ineunte

114 453 211 489 febre
227 453 307 503 saepe
349 466 441 489 utum
453 460 487 491 δε
499 452 630 489 rubrum
649 467 688 503 ap
712 466 814 491 arere.
831 457 870 491 ln
884 455 1070 504 hydropicis
1088 454 1210 503 sanguis
1230 456 1367 502 pituita,
1385 460 1419 492 &
1439 455 1501 489 hu-

114 515 206 538 more
221 465 346 551 aquosg
372 503 414 537 ad
433 504 636 551 putredinem
653 504 682 537 di
697 502 799 552 pofito
818 503 983 540 abundat:
1005 509 1039 541 δε
1057 515 1167 539 tamen
1182 503 1370 552 plerumque
1398 503 1499 539 febris

113 553 219 586 omnis
228 551 320 586 abest
332 566 341 588 z
352 563 426 586 cum
439 554 574 588 econtra
590 554 623 588 in
640 551 751 588 biliosa
764 557 797 590 δε
816 551 895 588 ficca
913 555 1072 601 temperie
1087 558 1122 590 δέ
1137 552 1158 588 ὲ
1179 553 1351 602 putredine
1375 552 1501 600 longius

113 611 240 635 remota
253 599 354 635 febris
364 599 461 635 facile
470 602 671 638 accendatur.
682 604 813 650 Sanguis
830 601 1084 637 febricitantium
1097 601 1232 650 persaepe
1259 614 1327 637 non
1346 601 1502 649 discrepat

111 647 134 686 ὲ
150 647 297 685 sanorum
313 647 463 697 sanguine
473 678 483 693 ‚
497 655 530 687 &
545 653 684 686 maxime
694 653 726 686 in
735 649 883 685 febribus
893 653 1002 687 acutis.
1013 651 1106 685 Idem
1117 651 1158 685 est
1177 649 1285 698 sapor,
1298 650 1381 685 odor
1391 678 1400 694 ,
1412 649 1500 684 idem

113 699 252 733 omnino
261 696 413 734 albumen
431 714 440 742 ς
458 699 568 734 colore
583 698 660 748 saepe
676 699 826 735 differunt
837 728 846 742 ,
863 700 916 734 sed
927 701 1014 735 idem
1023 711 1156 748 quoque
1173 699 1343 735 discrimen
1361 700 1394 733 in
1409 697 1500 733 sano-

111 758 184 781 rum
194 745 344 795 sanguine
355 759 558 784 contuemur.
574 749 659 784 Cum
670 761 707 783 ex
721 747 858 784 absceffu
871 760 926 783 aut
939 760 1065 784 tumore
1077 750 1110 784 in
1120 759 1267 783 extremo
1277 749 1381 796 digito
1398 745 1500 782 febris

111 796 355 837 acceditut‚non
365 808 476 844 peccat
487 796 620 846 sanguis,
633 798 762 834 Deinde
773 796 793 831 fi
806 800 830 832 is
840 797 1038 846 putrescit,&
1050 799 1222 833 acrimonia
1232 795 1282 832 sua
1295 809 1349 832 cor
1360 796 1502 840 vellicat,

111 855 176 891 qua
193 843 326 880 tandem
340 846 466 880 ratione
476 845 591 881 definit
603 847 753 895 periodus
771 846 915 882 febrilis?
929 848 980 882 An
1000 846 1197 881 fermentum
1215 845 1378 893 quoddam
1395 847 1427 880 in
1440 844 1500 879 ab·

112 893 184 927 dito
200 892 428 941 corporisloco
439 894 610 930 delitescit.
631 895 695 928 Sed
709 893 863 941 nusquam
877 894 946 929 fere
966 897 988 928 ii
1004 893 1136 929 receffus
1156 893 1198 929 sui
1220 895 1347 941 copiam
1368 892 1499 930 faciunt.

109 941 186 977 Nec
199 953 270 976 raro
283 953 322 975 ex
336 940 403 976 sola
417 943 611 990 intemperie
624 970 635 985 ‚
645 953 680 977 ut
699 954 738 977 ex
760 944 864 978 nimio
878 943 978 978 studio
988 972 997 987 ,
1011 944 1166 978 exercitio
1177 971 1187 986 ‚
1198 942 1308 991 vigilia
1321 940 1421 976 febris
1435 944 1502 977 ori-

111 1000 180 1034 tur,
194 1002 256 1026 nec
272 989 342 1025 fere
352 990 435 1025 ullus
452 989 609 1026 abscess'us
628 990 747 1026 febrim
759 1003 928 1039 procreat·,
942 1004 979 1026 ac
1001 991 1162 1027 fermenta
1178 993 1366 1026 continuato
1386 1002 1501 1036 motu,

111 1050 180 1074 non
197 1041 375 1086 interrupto
389 1050 499 1086 agunt.
525 1038 751 1086 Qamobrefii
767 1042 908 1088 juniores
930 1042 986 1087 qui
1012 1040 1053 1074 ad
1070 1040 1355 1075 fermentationem
1368 1052 1433 1074 uno
1450 1039 1501 1074 fe-

111 1098 146 1121 te
163 1086 315 1123 consensu
332 1086 362 1122 se
377 1089 555 1135 recipiunt,
588 1100 623 1123 ut
635 1087 737 1122 febris
751 1099 898 1124 naturam
914 1088 1077 1136 explicent
1089 1118 1098 1132 ,
1122 1101 1192 1123 rem
1211 1087 1310 1136 ipsam
1331 1090 1429 1136 magis
1450 1090 1500 1124 in-

112 1134 271 1179 volvunt,
287 1134 386 1183 quam
403 1136 584 1184 expediant.
603 1137 704 1184 Qod
727 1139 814 1172 enim
826 1137 934 1185 placet
954 1136 1102 1172 Vvillifio
1119 1139 1153 1172 in
1165 1136 1312 1172 febribus
1322 1136 1432 1172 oleum
1445 1149 1501 1173 aut

110 1183 209 1218 salem
222 1196 276 1220 aut
291 1184 417 1233 spiritus
427 1185 559 1220 exaltari
571 1214 580 1229 ‚
599 1191 632 1222 &
646 1185 831 1234 sanguinem
843 1198 906 1234 prae
916 1185 1168 1221 fermentatione
1179 1185 1308 1220 fervere
1322 1199 1330 1221 :
1345 1196 1382 1220 ut
1395 1198 1444 1220 res
1454 1187 1501 1221 ita

110 1231 142 1267 se
159 1231 280 1268 habeat
292 1260 300 1273 ,
313 1232 391 1281 saepe
403 1231 526 1282 sanguis
546 1246 608 1283 prae
619 1235 681 1277 ira,
693 1245 747 1269 aut
760 1234 869 1269 aestivo
887 1234 994 1269 calore
1017 1247 1082 1270 non
1099 1236 1203 1270 minus
1221 1234 1329 1270 fervet
1347 1236 1424 1268 citra
1449 1234 1500 1269 fe.

110 1279 217 1324 brim,
235 1294 296 1317 nec
310 1280 418 1317 crasim
442 1281 528 1317 suam
550 1294 604 1318 aut
618 1285 810 1331 temperiem
827 1285 957 1319 amittit.
976 1285 1049 1320 Nec
1063 1284 1149 1318 adest
1170 1286 1264 1332 copia
1286 1282 1352 1318 olei
1370 1295 1426 1318 aut
1438 1282 1500 1318 sul-

111 1328 188 1364 furis
209 1332 243 1366 in
255 1328 419 1380 sanguine.
450 1334 521 1366 imo
535 1344 601 1367 non
617 1344 688 1366 raro
697 1331 797 1367 febris
818 1344 857 1366 ex
873 1332 992 1381 frigore
1007 1334 1108 1367 oritur
1120 1360 1130 1375 ,
1141 1344 1177 1366 ut
1193 1334 1227 1367 in
1239 1333 1404 1379 quartanis
1422 1344 1501 1367 eve-

110 1379 168 1413 nit·
183 1381 318 1428 Sanguis
333 1378 591 1415 febricitantium
610 1382 697 1416 mitis
708 1381 769 1424 est,
792 1394 858 1416 non
871 1393 944 1416 acer
954 1410 966 1423 ‚
986 1381 1094 1429 estque
1108 1380 1218 1429 sapore
1233 1380 1338 1423 dulci,
1355 1392 1392 1415 ac
1409 1379 1433 1415 fi
1444 1384 1500 1428 qui

110 1426 237 1510 spiritus
247 1440 333 1463 acres
346 1429 363 1464 ὲ
379 1427 527 1477 sanguine
540 1428 728 1465 extillantur
738 1458 747 1473 ,
758 1430 921 1477 iiquidem
934 1443 1001 1467 non
1015 1441 1107 1465 erant
1117 1429 1272 1477 ejusmodi
1286 1432 1319 1466 in
1337 1428 1500 1478 sanguine,

124 1476 164 1510 ed
180 1489 218 1512 ex
232 1478 307 1525 igne
318 1489 389 1512 eam
401 1488 631 1513 contraxerunt
646 1480 866 1514 acrimoniam.

154 1526 257 1572 Qod
266 1537 375 1560 autem
388 1537 516 1574 turgere
530 1525 581 1561 san
606 1526 782 1562 uinem‘ob
797 1528 998 1562 additionem
1009 1526 1175 1570 fermenti,
1191 1526 1267 1562 hinc
1280 1525 1410 1574 probari
1422 1538 1501 1563 cona

113 1574 271 1618 tendunt,
291 1574 381 1621 quod
398 1576 494 1609 urinae
507 1577 538 1610 in
553 1540 698 1610 feluribus
716 1575 852 1611 turbidae
866 1587 1041 1624 appareant
1052 1604 1061 1619 ,
1084 1577 1115 1610 id
1133 1574 1206 1610 sane
1223 1588 1289 1611 non
1304 1575 1501 1612 demonstrat

110 1636 174 1672 prae
189 1625 282 1671 copia
292 1634 346 1657 aut
357 1623 551 1659 admistione
562 1624 713 1660 fermenti
728 1627 832 1659 urinas
854 1625 1043 1674 perturbari.
1061 1627 1136 1660 Hoc
1153 1627 1266 1672 utique
1283 1635 1321 1657 ex
1336 1623 1405 1658 aliis
1425 1624 1500 1660 fieri

111 1671 220 1720 potest
237 1670 333 1706 causis
349 1671 421 1707 :vel
433 1674 520 1707 enim
538 1673 570 1708 in
584 1672 651 1722 ipso
665 1674 849 1717 stomacho,
874 1685 930 1708 aut
944 1676 977 1708 in
1001 1673 1157 1722 glandulis
1174 1672 1358 1708 mesenterii
1379 1673 1411 1707 id
1426 1676 1498 1708 vitii

112 1721 193 1755 inest
211 1719 284 1763 3vel
295 1722 328 1754 in
338 1720 471 1768 lympha
484 1750 494 1765 ‚
507 1734 567 1756 nec
578 1720 699 1757 necesse
713 1722 760 1756 est
774 1722 959 1770 sanguinem
975 1724 1007 1757 in
1021 1722 1113 1770 culpa
1123 1718 1201 1764 else.
1233 1720 1405 1757 Praesertim
1424 1735 1498 1758 cum

110 1771 271 1804 urinarum
291 1771 456 1817 corruptio
481 1769 664 1817 perseveret
686 1772 783 1812 etiam
807 1783 881 1804 cum
902 1769 1084 1818 paroxysmi
1112 1769 1282 1805 desierunt.

133 1817 266 1853 Deinde
279 1830 352 1852 cum
368 1816 580 1854 fermentatio
592 1820 696 1853 omnis
708 1818 746 1852 ad
759 1820 943 1854 coffionem
955 1819 1067 1854 tendat
1080 1847 1090 1862 ,
1108 1831 1174 1854 non
1193 1818 1232 1852 ad
1247 1821 1497 1868 corruptionem3

110 1865 153 1902 ab
168 1878 204 1901 ea
218 1865 271 1900 lon
298 1864 397 1902 iffime
407 1866 524 1901 distare
537 1866 638 1902 febris
647 1867 859 1914 viderur‚quae
869 1868 986 1915 ignitio
999 1869 1106 1915 potius
1120 1867 1253 1902 dicenda
1266 1865 1416 1911 effet,aut
1431 1868 1500 1903 san..

110 1916 215 1962 guinis
228 1879 438 1950 ini-{minatio
451 1927 548 1962 quam
562 1928 637 1951 vera
656 1915 879 1952 fermentatio,
895 1918 934 1952 Et
947 1916 1082 1964 quidem
1097 1928 1169 1951 curn
1181 1918 1294 1951 vinum
1307 1916 1502 1952 fermentes.

112 1965 169 2005 cit,
182 1961 203 1997 fi
217 1965 346 1997 tertiam
360 1968 424 2008 ejus
436 1975 558 2010 partem
574 1964 734 2008 detrahas,
749 1965 855 2000 statim
872 1964 1012 2012 quiescet
1031 1993 1040 2008 ,
1054 1977 1122 2001 non
1139 1966 1185 2000 ita
1204 1963 1351 2001 usuvenit
1376 1978 1448 2001 cum
1466 1967 1500 2002 in

113 2011 249 2045 ardente
260 2009 351 2045 febre
360 2022 559 2045 evacuantur
570 2024 671 2054 venae,
687 2012 808 2047 etiamfi
821 2013 988 2048 dimidiam
1002 2012 1157 2061 sanguinis
1170 2024 1297 2059 partem
1314 2014 1501 2058 detraxeris,

114 2072 181 2094 non
200 2059 305 2093 statim
325 2061 526 2108 extinguetur
538 2060 729 2095 incendium.
742 2061 838 2096 Lenis
850 2060 895 2095 est
907 2065 940 2096 &
952 2060 1078 2109 placida
1087 2063 1193 2096 omnis
1205 2060 1432 2098 fermentatio;
1449 2076 1502 2097 ca-
1521 2057 1524 2061 ’

114 2107 165 2143 lor
182 2119 377 2155 temperatus
394 2106 536 2155 spumam
557 2111 714 2142 acriorem
728 2107 842 2143 sursum
860 2108 948 2144 tollit
960 2138 970 2153 ,
983 2120 1088 2158 partes
1102 2120 1254 2144 tartareas
1273 2111 1306 2144 in
1323 2110 1431 2153 feces,
1449 2111 1501 2146 seu

114 2159 147 2192 in
161 2157 321 2192 mucidum
331 2156 442 2191 limum
458 2157 656 2205 praecipitat:
671 2155 771 2192 febris
789 2160 853 2193 acri
864 2157 1000 2206 fuligine
1013 2169 1048 2193 os
1058 2157 1248 2205 &linguam
1264 2157 1381 2201 inficit,
1397 2163 1430 2196 &
1446 2172 1500 2194 ca-

118 2205 223 2241 lorem
235 2205 424 2240 adurentem
434 2207 725 2255 procreatNegant
737 2207 847 2253 itaque
858 2220 924 2243 non
935 2205 1053 2243 infima:
1069 2207 1281 2242 notaeMedici
1297 2210 1498 2245 communi&

115 2253 251 2289 confuso
266 2253 525 2289 fermentationis
538 2255 671 2290 nomine
683 2253 909 2290 alterationem
925 2267 1125 2299 omnem,aut
1137 2256 1396 2298 mixtionem,aut
1408 2255 1500 2291 ebul·

116 2301 264 2338 litionem
276 2302 399 2337 involvi
415 2301 829 2351 oportere:praesettim⁴cum
847 2304 1057 2347 fermentatio
1072 2302 1113 2338 fic
1125 2305 1238 2338 vinum
1252 2309 1286 2340 δε
1298 2303 1377 2338 alios
1388 2304 1496 2352 liquo·

112 2363 165 2393 res
175 2350 257 2387 affici
259 2362 338 2435 Pur
350 2363 389 2386 ex
399 2353 435 2386 iis
452 2351 574 2402 spiritus
586 2351 680 2396 ardes
688 2352 842 2389 exstillati
855 2351 1052 2402 poffit,iique
1062 2353 1096 2390 in
1109 2362 1236 2388 acetum
1247 2350 1341 2388 facile
1356 2353 1498 2402 degene-

133 2407 137 2409 ’
292 2413 349 2435 om.
365 2401 412 2437 ΙΙ.
1154 2402 1196 2438 M
1205 2414 1239 2438 m
1252 2415 1283 2439 ni
1294 2415 1327 2439 m
