1878 2724
353 126 390 160 82
733 116 995 157 PHYSICAE
1034 117 1387 155 GENERALIS

356 184 469 220 parum
479 172 555 220 igne
572 169 699 218 spiritus
711 169 820 203 acidus
832 196 843 210 ‚
865 173 898 204 &
911 177 1084 216 penetrans
1099 167 1285 204 exstillatur.
1294 170 1374 219 Jam
1387 164 1647 201 vehementioris
1669 167 1752 216 ignis

356 224 390 255 vi
400 220 510 256 oleum
519 249 528 263 ,
545 218 597 253 seu
607 218 713 265 liquor
724 220 896 251 acerrimus
908 245 917 259 ,
932 218 1054 263 quique
1062 217 1197 251 metalla
1210 219 1321 253 exedit
1334 223 1369 254 &
1387 214 1530 251 dissolvit
1541 244 1552 259 ,
1566 216 1750 252 extrahitur.

357 271 457 305 Faeces
468 268 631 303 calcinatae
642 278 699 315 per
716 278 807 314 aquae
816 294 826 310 ‚
849 277 886 301 ut
900 266 1024 301 dietum
1036 265 1079 300 est
1088 264 1130 299 de
1148 268 1227 301 vino
1239 295 1249 310 ‚
1261 265 1450 302 affufionern
1463 294 1473 309 ‚
1483 265 1580 300 salem
1592 265 1752 314 praebenr,

356 324 495 367 &caput
505 328 672 352 mortuum
697 329 705 351 :
731 315 845 350 eadem
864 327 950 364 pene
967 315 1011 349 est
1021 316 1170 349 omnium
1190 317 1286 350 ratio.
1299 319 1382 364 Ergo
1392 315 1473 350 nihil
1490 315 1537 349 est
1561 327 1616 349 cur
1637 328 1752 351 contra

355 367 559 403 manifestam
572 365 805 414 experientiam
823 394 833 408 ‚
847 377 903 400 aut
916 365 1152 412 principiorum
1168 363 1393 412 chymicoruzn
1408 377 1582 400 numerum
1599 393 1608 407 ‚
1626 376 1681 399 aut
1694 377 1753 399 na-

355 429 458 451 turam
471 414 706 450 convellamus.
729 413 906 449 Praesertim
930 416 1051 449 cumin
1071 415 1109 447 iis
1129 416 1229 448 etiam
1242 413 1394 462 separatis
1414 415 1579 462 praecipuae
1593 415 1695 456 vires,
1717 426 1753 450 ut

352 464 447 513 sapor
460 494 470 509 ‚
490 465 573 499 odor
590 493 599 509 ‚
622 469 657 501 &
671 463 742 498 aliae
760 463 936 510 qualitates
953 475 1024 510 quae
1036 464 1070 497 in
1088 464 1192 497 mixto
1205 475 1297 498 erant
1314 461 1503 497 remiffiores
1518 491 1528 505 ‚
1553 463 1643 498 velut
1666 466 1752 498 inte..

352 527 416 564 grae
431 514 597 549 serventur
611 528 619 550 ε
640 525 760 562 magno
776 511 849 548 sane
860 522 1053 562 argumento
1064 511 1143 546 hinc
1155 514 1291 547 mixtum
1308 541 1317 555 ,
1330 523 1366 546 ut
1381 512 1553 546 materiam
1564 539 1574 554 ‚
1593 514 1638 546 ita
1654 518 1687 550 &
1700 515 1753 547 vi-

351 575 404 598 res
425 563 492 598 suas
511 562 686 599 desumere.
717 563 772 597 Sic
784 563 820 597 in
839 561 901 598 sale
920 563 1014 597 mixti
1035 559 1127 610 sapor
1145 588 1155 603 ,
1180 564 1214 596 iu
1233 561 1383 610 sulphure
1401 560 1482 596 odor
1506 565 1540 597 &
1554 559 1643 595 color
1668 561 1752 597 deli-

353 611 488 649 tescunt.

392 662 481 711 Resp.
503 661 567 696 haec
584 666 619 699 ὃς
634 661 698 697 alia
714 661 853 710 plurima
875 673 948 708 quae
967 659 988 695 ὲ
1009 658 1178 706 Chymicis
1195 661 1355 708 principia
1378 660 1587 693 nominantur
1600 687 1610 702 ‚
1633 672 1753 708 magna.

351 710 467 746 saltem
482 723 520 745 ex
536 723 629 757 parte
652 714 687 747 in
708 713 820 746 mixtis
835 722 904 745 non
927 707 1010 751 este,
1035 706 1090 742 nisi
1114 710 1234 742 virtute
1258 721 1313 743 aut
1334 709 1482 757 potentia
1502 720 1517 742 .:
1544 719 1579 742 ut
1591 712 1657 756 jam
1669 709 1755 745 dixi-

352 773 424 796 mus
445 761 484 795 de
502 758 564 795 sale
579 789 590 806 ,
614 773 652 796 ac
672 761 714 796 de
739 760 854 810 spiritu
873 756 1002 794 acetoso
1016 759 1166 806 proxima
1182 759 1355 805 quaestione
1372 755 1509 805 idipsum
1521 755 1635 792 clarius
1652 758 1753 796 osten.

353 810 476 846 demus,

382 874 411 896 ².
427 862 469 894 Ea
480 859 641 907 principia
652 860 684 893 in
696 859 805 893 mixtis
817 855 972 893 omnibus
985 868 1053 891 non
1065 857 1271 904 reperiuntur
1286 866 1417 903 :neque
1433 857 1522 890 enim
1538 867 1577 890 ex
1590 867 1680 899 auro,
1693 855 1756 890 tal-

350 921 391 944 co
405 937 415 952 ‚
435 908 487 944 seu
501 907 610 956 lapide
626 906 784 956 speculari
800 909 860 956 qui
872 909 906 942 in
918 904 1022 955 gypso
1042 906 1219 954 repetitur,
1238 915 1295 939 aut
1314 916 1354 939 ex
1377 904 1530 954 crystallo
1554 916 1593 939 ea
1609 917 1755 953 unquam

351 957 536 993 extrahent.

387 1021 414 1052 ξ.
434 1009 516 1043 Non
531 1005 603 1041 sunt
625 1008 660 1041 in
680 1007 789 1041 mixtis
816 1004 956 1048 eadem,
973 1002 1031 1038 ‘sed
1050 1003 1146 1052 plane
1164 1002 1306 1046 diversa,
1323 1003 1527 1040 &interdum
1546 1000 1753 1052 homonyma

351 1056 446 1103 Qid
464 1057 552 1091 enirn
566 1068 619 1091 ex.
635 1068 683 1105 gr.
696 1055 806 1090 oleum
816 1052 942 1088 vitrioli
965 1065 1138 1090 commune
1155 1051 1257 1088 habet
1279 1064 1355 1088 cum
1373 1051 1451 1087 oleo
1472 1052 1672 1086 cinnamomi
1686 1081 1698 1097 ,
1718 1066 1751 1090 v.

349 1105 492 1144 canelle,
514 1116 570 1139 aut
584 1117 659 1139 cum
672 1105 750 1140 oleo
771 1101 1007 1151 vegetabilium
1026 1112 1036 1138 ε

354 1161 356 1163 ’
390 1167 429 1199 4.
445 1156 489 1189 Ea
498 1155 657 1202 principia
674 1166 742 1189 non
762 1151 834 1188 sunt
843 1153 951 1200 prima
965 1179 975 1193 ,
989 1149 1044 1185 sed
1057 1151 1089 1186 in
1106 1148 1300 1199 fimpliciora
1313 1147 1534 1185 resolvuntur:
1556 1161 1593 1186 ut
1605 1151 1646 1185 de
1660 1149 1752 1199 spiri-

346 1213 385 1237 tu
398 1204 469 1237 vini
486 1201 580 1237 nobis
596 1213 722 1237 certum
735 1201 848 1248 est‚qui
861 1212 980 1248 magna
993 1212 1032 1234 ex
1041 1211 1135 1248 parte
1149 1202 1183 1235 in
1195 1211 1315 1246 aquam
1327 1196 1500 1232 abit-Idem
1515 1199 1663 1235 decraffo
1672 1200 1750 1236 oleo

349 1250 441 1297 supra
451 1251 600 1285 diximus.
618 1252 751 1298 Qique
762 1249 911 1284 dicuntur
920 1248 999 1284 sales
1015 1247 1166 1283 volatiles
1182 1277 1193 1291 ‚
1213 1249 1248 1282 in
1261 1247 1437 1295 phlegma,
1458 1247 1569 1282 oleum
1580 1255 1615 1285 &
1630 1260 1750 1285 terram

349 1298 488 1335 abeunt.
503 1301 645 1334 Fixiores
655 1312 699 1336 ex
713 1310 798 1334 terra
811 1327 821 1342 ‚
836 1303 870 1335 &
885 1310 967 1345 aqua
987 1295 1094 1332 forsan
1112 1296 1283 1339 coaluere3
1306 1295 1431 1344 spiritus
1446 1296 1530 1330 acidi
1545 1299 1577 1331 in
1594 1296 1750 1346 phlegma

349 1347 522 1396 insipidum
543 1354 577 1385 δι
592 1348 689 1384 salem
702 1365 712 1393 ·,
727 1359 815 1382 acres
833 1349 866 1382 in
882 1346 1058 1395 phlegma,
1079 1357 1199 1381 terram
1221 1344 1373 1383 &salem
1390 1342 1592 1381 resolvuntur
1607 1361 1615 1383 ε
1636 1359 1720 1394 aqua
1732 1375 1749 1392 ‚

351 1409 458 1441 terra,
478 1402 513 1434 ὃς
527 1396 590 1440 sal,
612 1410 683 1446 quae
708 1395 826 1432 ultimo
846 1396 997 1432 videntur
1016 1407 1185 1430 remanere
1198 1424 1216 1439 7
1248 1395 1290 1429 ad
1314 1395 1490 1442 puritatem
1507 1394 1750 1433 elementorum

349 1459 517 1494 nunquam
535 1448 764 1495 perducuntur.
784 1447 866 1480 Haec
878 1446 1038 1494 principia
1054 1443 1096 1479 ab
1107 1446 1199 1494 ignei
1215 1449 1250 1481 ὃς
1271 1443 1379 1480 nitrofi
1399 1442 1522 1491 spiritus
1540 1444 1750 1494 impreffione

348 1498 510 1545 procreari
521 1496 670 1532 nonnulli
684 1509 723 1531 ex
742 1493 976 1531 recentioribus
992 1494 1184 1530 existimant.
1201 1492 1255 1529 Sal
1275 1491 1318 1528 ab
1337 1505 1378 1528 eo
1395 1492 1505 1542 spiritu
1519 1506 1662 1542 primum
1671 1496 1750 1543 pro-

349 1546 477 1580 ducitur
490 1573 500 1588 ,
520 1551 555 1582 δι
568 1545 687 1580 ultimo
700 1543 878 1579 dissolvitur
891 1558 902 1580 τ
921 1542 979 1579 [εά
998 1543 1038 1577 de
1053 1542 1103 1577 his
1115 1544 1234 1590 postea.

378 1596 511 1629 Interim
523 1593 602 1628 illud
624 1595 836 1629 admonemus
851 1591 938 1628 male
955 1591 976 1627 ὲ
988 1591 1159 1640 Chymicis
1185 1603 1221 1627 ut
1244 1589 1425 1627 contessum
1444 1593 1477 1627 id
1501 1592 1600 1636 sumi,
1624 1605 1662 1628 ex
1681 1592 1748 1629 sola

346 1655 522 1691 corporum
538 1641 735 1678 resolutione
747 1671 758 1686 ‚
774 1654 846 1690 quae
863 1640 922 1677 fint
939 1651 1052 1676 eorum
1067 1642 1226 1689 principia
1243 1639 1356 1689 colligi
1369 1640 1477 1689 posse:
1494 1654 1568 1677 cum
1582 1643 1747 1678 interdum

347 1703 386 1727 ex
399 1691 465 1740 ipsa
480 1691 715 1740 compositione
724 1692 890 1739 >principia
901 1718 911 1733 ‚
935 1700 992 1724 aut
1007 1688 1176 1723 miscibilia
1192 1689 1306 1723 melius
1320 1689 1564 1737 cognoscantur.
1585 1692 1746 1740 Exemplo

347 1739 385 1776 fit
397 1740 587 1783 vitriolum,
605 1740 695 1787 quod
706 1752 746 1774 ex
755 1738 903 1787 partibus
915 1736 1086 1772 metallicis
1098 1765 1108 1780 ‚
1128 1742 1161 1773 δε
1177 1736 1286 1785 spiritu
1303 1739 1398 1771 acido
1416 1737 1552 1772 conflari
1563 1767 1574 1782 ,
1593 1752 1659 1774 non
1677 1751 1747 1776 tam

348 1801 388 1823 ex
404 1794 471 1836 ejus
482 1788 679 1824 resolutione
695 1818 705 1832 ,
720 1787 826 1836 quam
842 1785 986 1833 exipsius
1004 1787 1235 1834 procreatione
1263 1797 1470 1834 compertum
1484 1787 1537 1821 est.
1557 1790 1646 1823 Nam
1661 1787 1684 1823 fi
1706 1789 1748 1824 li-

349 1850 484 1873 maturae
497 1837 646 1886 chalybis
657 1866 667 1881 ,
691 1849 746 1873 aut
762 1839 853 1886 cupri
869 1835 1018 1884 spiritum
1029 1836 1158 1869 acidum
1172 1863 1182 1878 ‚
1199 1846 1254 1869 aut
1271 1834 1341 1869 salis
1352 1864 1361 1878 ‚
1379 1847 1435 1870 aut
1457 1835 1613 1885 sulphuris
1638 1837 1746 1874 affun-

348 1887 403 1920 das
414 1916 423 1931 ‚
443 1887 553 1921 addita
567 1899 649 1934 aqua
669 1888 836 1922 communi
850 1915 861 1930 ,
887 1896 922 1920 ut
937 1884 1006 1920 haec
1023 1883 1138 1918 solutio
1161 1883 1318 1932 percolari
1332 1913 1342 1929 ‚
1355 1896 1455 1931 atque
1467 1915 1476 1929 ‚
1494 1897 1530 1921 ut
1541 1886 1717 1932 loquuntur
1733 1916 1746 1931 ‚

348 1934 461 1970 filtrari
480 1963 488 1977 ‚
510 1935 605 1983 poffit
621 1949 628 1970 :
648 1948 731 1983 aqua
749 1935 815 1970 leni
836 1934 943 1969 calore
958 1933 1107 1969 exhalata
1128 1932 1293 1967 vitriolum
1313 1933 1493 1969 concrescet
1511 1936 1543 1969 in
1560 1934 1743 1982 crystallos.

349 1986 384 2018 Si
396 1985 532 2032 quidem
544 1984 701 2033 &sapore
720 1985 961 2033 adstringente,
977 1989 1011 2020 &
1033 1982 1143 2017 colore
1159 2012 1168 2026 ‚
1203 1988 1237 2019 &
1267 1983 1357 2018 facili
1369 1981 1490 2018 fusione
1506 2012 1515 2026 ,
1550 1988 1584 2020 &
1607 1984 1642 2016 vi
1655 1997 1747 2019 eme-

349 2035 412 2068 tica
428 2033 482 2069 seu
496 2037 654 2069 vomitiva
672 2032 856 2070 donabitur.
882 2032 1047 2068 Gallarum
1063 2030 1257 2068 infufionem
1284 2035 1317 2068 in
1332 2043 1436 2067 atrum
1450 2032 1616 2076 colorem,
1633 2030 1688 2068 seu
1706 2036 1744 2071 in

347 2093 567 2119 atramentum
581 2095 763 2120 convertet.
774 2083 886 2119 Multa
903 2084 937 2118 in
949 2081 1032 2118 hanc
1049 2093 1119 2116 rem
1143 2082 1205 2117 dici
1221 2080 1366 2131 poffunt,
1379 2094 1450 2130 quae
1467 2083 1500 2117 in
1517 2081 1615 2117 alium
1631 2082 1742 2120 locum

348 2130 555 2168 reservamuS.

396 2182 517 2230 opp-2·
531 2180 607 2216 sales
626 2193 695 2216 tam
712 2183 786 2218 a&u
800 2179 860 2216 esse
874 2183 909 2217 in
927 2182 1037 2216 mixtis
1057 2179 1249 2229 corporibus
1265 2210 1274 2224 ‚
1299 2180 1399 2229 quam
1411 2178 1542 2227 vulgata
1564 2178 1739 2217 elementa.

346 2231 435 2265 Nam
450 2229 506 2265 ubi
518 2232 654 2266 extracti
665 2230 737 2266 sunt
749 2229 954 2273 ecineribus‚
979 2232 1191 2278 quantumvis
1213 2232 1335 2266 cineres
1349 2230 1432 2276 aqua
1446 2227 1546 2261 diluas
1559 2256 1569 2271 ‚
1591 2240 1647 2263 aut
1663 2231 1739 2278 igne

349 2289 486 2323 torreas,
502 2279 583 2315 nihil
594 2278 665 2314 salis
683 2279 842 2316 extrahes.
864 2283 984 2327 Neque
1010 2281 1109 2314 etiam
1126 2278 1192 2315 sola
1215 2282 1296 2328 ignis
1315 2280 1350 2313 vi
1367 2277 1410 2312 sal
1425 2274 1583 2311 efficitur:
1608 2280 1739 2313 cumni-

350 2338 433 2362 trum
459 2357 468 2370 ‚
501 2328 550 2363 seu
583 2328 726 2376 salpetrae
758 2341 796 2365 ex
820 2328 899 2365 fimo
932 2327 1121 2364 columbino
1143 2358 1152 2372 ‚
1172 2342 1211 2363 ex
1234 2326 1394 2376 lapidibus
1425 2323 1494 2373 ipfis
1515 2354 1525 2367 ,
1555 2337 1592 2360 ex
1628 2325 1740 2361 stabu-

348 2374 385 2408 lis
407 2382 441 2413 δι
474 2380 564 2411 terris
603 2377 729 2414 nitrosis
751 2409 761 2425 ‚
795 2391 851 2429 per
881 2378 979 2414 solam
1012 2390 1102 2426 aquae
1136 2377 1247 2413 calidae
1276 2374 1466 2413 affiisionem
1490 2374 1647 2412 eliciatur.
1684 2378 1739 2411 Sic
