1878 2724
130 197 167 233 fit
184 197 218 233 in
235 194 408 245 sanguine,
423 202 479 230 aut
490 192 599 244 portio
614 192 703 242 chyli
716 221 726 235 ‚
747 204 803 228 aut
818 193 839 228 fi
856 194 940 232 forti·
959 192 1019 229 fint
1032 192 1086 228 alii
1103 192 1255 230 humores
1273 158 1534 245 excrememigif

128 245 183 283 vel
197 243 343 282 nondum
369 243 492 280 suba&
503 271 513 287 ‚
531 244 554 277 ii
567 243 700 290 quidem
709 241 778 277 sunt
789 241 930 293 sanguini
946 242 1114 287 vehiculo,
1127 255 1183 278 aut
1196 257 1285 280 certe
1301 247 1379 282 succi
1395 253 1527 287 nutritii.

126 297 176 332 Ac
191 294 211 330 fi
229 295 298 344 post
316 294 425 329 cibum
437 323 447 338 ,
461 303 517 328 aut
527 290 583 327 sub
595 293 716 340 primos
728 291 867 327 febrium
887 294 1176 328 intermittentium
1194 294 1324 330 insultus
1339 300 1447 333 mittas
1460 299 1529 336 san-

127 347 260 395 guinem
277 373 287 388 ,
309 346 333 378 is
345 343 450 379 multo
471 341 538 377 sero
550 339 731 375 abundabit
743 369 752 384 ‚
772 354 839 376 non
861 344 941 376 item
959 342 1029 390 post
1050 341 1183 391 longam
1200 344 1342 380 inediam
1360 375 1370 389 ,
1387 359 1443 382 aut
1457 362 1530 384 ma-

127 407 230 444 gnum
247 396 340 429 urinae
348 391 542 441 profluvium
552 419 561 434 ,
574 401 629 425 aut
640 389 803 438 copiosum
815 390 973 426 sudorem.
983 393 1072 426 Hinc
1087 403 1137 426 tot
1147 390 1304 428 morbosae
1316 393 1528 433 effervescen-

130 445 198 480 tiae:
213 442 317 478 nullus
327 444 415 477 enim
429 441 474 476 est
492 440 599 489 liquor
612 443 668 488 qui
684 438 779 475 citius
790 439 1018 476 fermentescat
1027 441 1127 489 quam
1143 440 1314 489 sanguis,ac
1325 456 1405 479 men
1411 444 1445 481 to
1455 459 1528 483 cum

128 494 209 529 vino
228 491 295 541 ipso
325 490 467 528 conferri
486 488 579 527 solet.

124 568 127 572 .
157 542 262 590 Qod
272 552 381 576 autem
393 541 532 589 opponit
545 541 700 575 Harvaeus
712 537 1015 588 primo‚stinguinem
1026 539 1086 575 effe
1101 539 1268 575 humidum
1283 544 1526 592 primigenium3

127 603 166 630 ac
176 591 294 626 deinde
305 602 344 625 ex
358 601 449 639 parte
462 591 517 624 ovi
530 589 713 638 crystallina
725 618 734 632 ,
760 594 794 626 &
813 588 937 637 ubique
965 588 1010 624 sui
1037 588 1126 625 fimili
1138 589 1261 638 pullum
1281 590 1349 627 fieri
1362 608 1372 635 ς
1388 605 1529 642 eumque

129 640 214 675 adeo
224 637 284 675 else
293 640 372 686 quid
386 636 522 674 fimilare
539 668 548 682 ‚
566 644 598 675 δ(
613 637 800 673 uniusmodi.

164 689 249 738 Resp.
266 691 301 723 ln
312 687 461 737 sanguine
480 686 541 723 eise
552 700 679 736 partem
695 686 838 735 aliquam
854 685 1013 722 albumini
1024 690 1081 723 ovi
1092 701 1158 724 non
1170 687 1354 725 diffimilem
1371 718 1380 733 ‚
1406 703 1444 726 ex
1462 697 1531 739 qua

125 739 311 787 gignitur&
322 740 461 774 nutritur
477 737 597 772 animal
614 750 623 773 z
642 736 694 772 sed
704 736 781 771 alias
792 747 943 785 ptaetetea
957 738 989 771 in
999 747 1039 772 eo
1055 735 1116 772 esse
1131 749 1237 785 partes
1254 738 1375 775 merito
1389 752 1528 776 conten-

127 787 253 825 derim:
272 799 308 822 ac
319 787 394 822 licet
403 789 541 836 primum
551 786 915 833 ovicolliquamentum
939 785 984 820 sui
1001 785 1100 821 simile
1115 788 1263 823 videatur
1278 817 1288 831 ,
1306 802 1372 824 non
1392 789 1525 824 dubium

131 846 241 871 tamen
261 836 304 871 est
314 838 391 884 quin
413 847 531 885 magna
555 835 591 871 fit
610 838 641 871 in
666 848 707 870 eo
724 837 865 882 partium
881 833 1108 870 insensibilium
1125 838 1288 881 varietas,
1311 843 1345 875 &
1361 837 1527 886 spirituosa

127 886 286 933 imprimis
320 884 493 920 substantia
514 885 649 920 multum
685 883 834 926 aituosa,
864 896 916 918 cui
942 894 1096 930 tanquam
1119 885 1328 921 instrumento
1348 886 1459 922 inlidet
1480 889 1529 922 vis

129 933 266 982 plastica.

161 983 287 1018 Contra
301 1011 312 1027 ,
328 984 435 1030 inquit
446 1012 456 1026 ,
467 981 571 1018 nullus
585 982 631 1017 est
651 984 683 1017 in
696 981 846 1030 sanguine
865 979 990 1029 spiritus
1002 1009 1010 1023 ‚
1028 981 1070 1016 ab
1083 980 1152 1030 ipso
1170 981 1323 1031 sanguine
1340 983 1504 1019 distinctus
1519 1002 1529 1028 i

126 1042 165 1065 ac
183 1030 307 1084 sanguis
325 1032 414 1079 pelvi
429 1041 582 1079 exceptus
597 1030 617 1065 si
632 1033 665 1065 in
683 1033 785 1064 varias
804 1026 911 1077 'partes
930 1025 1028 1063 abeat
1040 1059 1050 1074 ,
1068 1042 1113 1064 eae
1130 1031 1266 1078 quidem
1285 1044 1351 1066 non
1371 1034 1458 1080 prius
1479 1035 1529 1068 in-

128 1082 370 1128 eranttanguini
381 1108 391 1124 ,
407 1080 457 1114 sed
472 1091 528 1128 per
544 1079 784 1115 dissolutionem
802 1090 1005 1127 generantur.

164 1128 332 1178 Resp.1Else
343 1129 496 1178 quiddam
509 1131 541 1164 in
557 1127 709 1178 sanguine
719 1129 807 1176 quod
822 1131 980 1175 impetum
991 1127 1079 1172 facit,
1101 1139 1137 1163 ut
1150 1130 1196 1164 air
1205 1131 1422 1178 Hippocrates
1436 1135 1469 1169 δε
1479 1131 1528 1166 est

127 1177 213 1229 quasi
230 1178 361 1214 flamma
371 1178 529 1227 sanguinis
543 1192 551 1214 ε
563 1189 709 1226 atqueut
719 1188 830 1214 vinum
845 1176 900 1212 suo
917 1176 1026 1226 spiritu
1041 1170 1229 1213 destitutssm
1244 1184 1310 1228 jam
1330 1191 1438 1228 vappa
1461 1180 1507 1214 est

109 1237 116 1243 ·
127 1239 195 1262 non
207 1230 327 1271 vinum,
343 1230 388 1263 ita
403 1228 528 1276 sanguis
540 1225 650 1276 spiritu
664 1227 817 1263 exhalato
829 1239 920 1261 cruor
930 1227 1038 1274 potius
1052 1226 1150 1275 quium
1165 1227 1288 1277 sanguis
1307 1228 1460 1264 dicendus
1471 1231 1529 1274 est,

127 1286 264 1324 tumque
275 1276 379 1312 soluto
389 1275 448 1318 [με
459 1279 625 1312 mixtionis
636 1276 767 1312 vinculo
787 1278 819 1311 in
833 1277 934 1310 varias
945 1287 1050 1324 partes
1060 1276 1131 1311 abit
1141 1306 1149 1320 ‚
1165 1289 1237 1325 quae
1253 1280 1338 1326 prius
1349 1289 1460 1322 erant3
1473 1277 1527 1314 sed

132 1336 281 1361 accurate
293 1326 461 1375 permistae.
480 1326 592 1376 Qre
603 1325 723 1375 spiritus
738 1326 854 1361 illeaut
866 1324 1004 1360 calidum
1023 1327 1170 1360 innatum
1185 1355 1195 1370 ‚
1209 1338 1263 1360 aut
1276 1327 1445 1362 humidum
1460 1331 1525 1376 pri-

131 1376 309 1424 migenium
321 1375 520 1424 appellatur,
533 1376 620 1412 &est
629 1378 767 1410 omnino
778 1374 932 1417 coelest¹S‚
950 1386 1107 1421 quatenus
1124 1377 1240 1410 animae
1260 1380 1296 1413 6(
1315 1375 1543 1425 supreminu-.

130 1426 226 1459 minis
239 1425 281 1460 est
294 1425 563 1468 instrumentum,
583 1425 671 1478 isque
685 1425 731 1459 est
751 1424 871 1459 adtuin
890 1422 1049 1471 sanguine.
1300 1438 1317 1452 ο

161 1475 283 1522 Neque
296 1475 328 1509 id
344 1475 576 1511 excutiendum
588 1473 681 1509 nobis
692 1474 787 1512 estan
801 1472 923 1522 spiritus
938 1472 993 1507 ille
1010 1475 1168 1522 impetum
1181 1473 1302 1509 faciens
1313 1473 1349 1509 fit
1363 1475 1454 1509 instat
1465 1473 1527 1510 fla-

127 1533 178 1557 tus
188 1522 349 1572 cujusdam
363 1526 558 1568 ,autventi3
573 1536 612 1558 an
626 1526 734 1572 potius
754 1525 858 1558 tenuis
880 1520 916 1556 fit
937 1522 1042 1569 liquor
1059 1524 1154 1558 instar
1174 1522 1296 1570 spiritus
1316 1526 1382 1558 vini
1403 1539 1412 1567 3
1437 1523 1527 1572 isque

129 1570 329 1621 spongiosttm
342 1585 514 1608 nervorum
527 1571 735 1607 substantiam
750 1571 893 1620 impleat.
911 1572 943 1606 ld
957 1584 1055 1607 unum
1068 1571 1195 1607 constat
1207 1574 1281 1607 vitae
1294 1574 1440 1608 aCkiones
1459 1587 1526 1608 non

128 1619 171 1655 ab
184 1622 375 1670 incorporea
391 1620 543 1657 facultate
556 1621 714 1670 proficisci
727 1651 735 1665 ‚
748 1633 828 1669 ,quae
847 1634 912 1655 non
934 1621 1094 1669 indigeret
1115 1620 1234 1656 tubulis
1254 1634 1311 1670 per
1325 1635 1406 1670 quos
1427 1621 1526 1658 trans-

128 1671 312 1706 mitteretur
325 1700 334 1714 ,
347 1683 407 1705 nec
422 1670 650 1706 vehementius
664 1671 763 1718 ligatis
779 1672 885 1705 nervis
904 1672 951 1704 vis
964 1672 1082 1705 morrix
1103 1681 1159 1704 aut
1178 1665 1316 1706 sentiens
1331 1673 1432 1706 arceri
1453 1671 1526 1718 pos-

129 1718 194 1755 set:
207 1732 266 1754 nec
278 1722 326 1754 vis
341 1731 475 1768 utraque
487 1732 543 1769 pei·
555 1719 650 1755 fibras
663 1732 835 1755 nervorum
846 1719 948 1754 tensas
960 1749 970 1763 ,
997 1729 1032 1753 ut
1053 1721 1084 1754 in
1104 1718 1220 1755 fidibus
1245 1721 1375 1755 cithara:
1402 1720 1525 1756 diffun-

128 1767 233 1817 dit'ur3
252 1771 343 1804 nervi
364 1773 471 1812 enim,
489 1781 525 1804 ut
540 1769 619 1806 alias
641 1771 778 1804 diximus
793 1798 802 1812 ‚
822 1780 928 1816 neque
957 1770 1177 1804 iri-directmn
1205 1764 1397 1812 tendun‘tur,
1418 1782 1524 1817 neque

132 1818 153 1850 ii
184 1816 255 1853 sunt
283 1819 366 1853 adeo
395 1820 489 1862 rigidi
518 1825 550 1855 &
573 1820 642 1854 duri
658 1846 668 1861 ‚
698 1818 748 1853 se'd
766 1818 881 1853 molles
898 1847 907 1861 ‚
933 1817 1021 1861 laxi,
1047 1815 1158 1852 inflexi
1183 1820 1266 1852 circa
1291 1817 1363 1853 vasa
1374 1847 1382 1859 ,
1403 1830 1528 1862 carnes,

127 1866 247 1910 viscera
260 1896 269 1911 ,
303 1860 473 1902 cerebrum
498 1868 621 1917 illigati.
663 1867 745 1903 Illud
769 1869 882 1916 magis,
900 1868 940 1902 ad
971 1867 1152 1902 institutum
1177 1869 1319 1914 pertinet
1348 1866 1535 1916 observare,

126 1927 202 1951 cum
220 1915 370 1953 Vvillifio
386 1945 396 1960 ,
431 1917 581 1961 Borello,
620 1923 654 1955 ε(
676 1917 765 1960 aliis,
791 1927 909 1951 nervos
933 1918 1017 1951 circa
1036 1915 1223 1950 abdominis
1248 1914 1367 1951 viscera
1384 1916 1527 1966 &glan-

128 1964 219 1999 dulas
240 1966 387 2013 ccspiosos
409 1965 538 2014 fipargb,
568 1966 624 2001 ubi
651 1979 711 2002 nec
728 1965 813 2000 sensu
831 1964 990 2012 exquisito
1008 1995 1018 2009 ,
1046 1977 1105 2000 nec
1127 1976 1219 2001 motu
1238 1977 1318 2014 opus
1347 1966 1416 2001 est:
1441 1967 1526 2001 adeo

127 2024 164 2048 ut
191 2017 259 2048 veri
278 2014 477 2062 'Proximum
510 2015 656 2050 videatur
690 2015 818 2049 succum
851 2024 1008 2048 nerveum
1038 2017 1071 2049 in
1107 2025 1160 2049 eas
1192 2026 1297 2060 partes
1327 2013 1427 2061 chylo
1456 2014 1525 2049 ela-

128 2061 278 2097 boi-ando
289 2069 322 2100 δε
335 2063 718 2111 nutritioniperficiendae
729 2065 933 2097 continenter
943 2064 1042 2096 mitti.
1057 2062 1144 2096 Cum
1157 2065 1257 2097 etiam
1267 2064 1353 2096 inter
1361 2063 1528 2098 dormien-

128 2111 206 2146 dum
218 2110 430 2147 succusiblein
442 2109 596 2147 musculos
608 2111 774 2147 instilletur
786 2138 795 2153 ,
814 2122 882 2146 turn
893 2110 965 2145 (alne
977 2113 1001 2145 is
1011 2113 1182 2146 nutritiam¹
1198 2141 1206 2155 ‚
1227 2122 1292 2146 non
1305 2113 1409 2146 motui
1420 2111 1526 2149 servit.

129 2162 574 2208 Materiaigiturnutritionis
590 2160 633 2196 est
649 2160 770 2210 sanguis
782 2188 791 2204 ‚
802 2172 839 2194 ut
854 2170 929 2194 mox
944 2160 1066 2199 dicetur
1077 2159 1146 2202 ‚sed
1158 2159 1263 2195 forma
1274 2159 1358 2195 illius
1377 2160 1526 2204 vivifica,

129 2215 164 2246 δι
176 2208 262 2257 quasi
272 2210 405 2258 plastica
416 2212 549 2247 videtui·
561 2210 580 2246 ἐι
591 2211 682 2246 succo
695 2207 817 2245 iierveo
827 2209 1032 2258 suppeditari.
1043 2212 1164 2256 Neque
1173 2210 1260 2245 idem
1270 2209 1355 2245 forte
1366 2209 1407 2243 est
1419 2209 1526 2245 succus

130 2259 185 2294 ille
200 2259 397 2307 spiriruosus,
414 2263 469 2308 qui
486 2259 605 2295 sensum
621 2266 654 2298 ὃς
672 2269 797 2295 motum
817 2259 1031 2295 voluntarium
1051 2257 1149 2294 efficit
1171 2271 1245 2294 cum
1278 2260 1426 2294 nutritio.
1459 2260 1526 2293 Hic

130 2311 218 2343 enim
231 2311 297 2343 vim
309 2308 393 2344 suam
406 2307 605 2357 potiffimum
617 2311 720 2346 exerit
733 2338 742 2352 ,
751 2321 825 2344 cum
835 2306 1015 2343 dormimus
1027 2325 1036 2352 3
1047 2308 1131 2343 unde
1141 2313 1174 2344 δε
1188 2308 1284 2343 foerus
1294 2309 1327 2341 in
1338 2318 1430 2342 utero
1443 2307 1526 2341 sem-

129 2369 188 2405 per
200 2356 344 2402 'dormit3
360 2358 481 2407 spiritus
492 2357 570 2394 vero
582 2357 737 2394 animales
753 2359 965 2393 nutritionem
976 2359 1118 2393 maxime
1132 2356 1312 2405 impediunt
1324 2385 1333 2397 ,
1348 2368 1460 2403 corpus
1475 2358 1526 2404 ip-

129 2406 195 2440 sum
207 2406 397 2443 consumunt
407 2438 416 2453 ,
431 2421 519 2446 acres
530 2407 611 2455 sunt,
622 2407 843 2453 astuofi,salini
856 2436 866 2452 ,
881 2404 1007 2443 sulfurei
1018 2424 1028 2451 3
1041 2407 1164 2443 nutritii
1173 2418 1286 2444 contra
1295 2403 1525 2455 placidi,sopo-

127 2455 241 2500 tiferi,
265 2456 386 2495 dulces,
