1878 2724
374 117 424 150 θη
922 108 947 144 P
964 105 999 144 H
1017 104 1049 144 Y
1066 109 1088 143 S
1110 105 1125 142 Ῑ
1152 103 1183 143 C
1203 105 1240 144 ΛΕ

367 165 458 199 Nam
477 159 564 196 fibris
575 160 695 195 carneis
708 156 868 193 insttu&ae
877 154 966 201 sunt,
984 155 1081 205 quaea
1091 156 1187 191 costis
1201 159 1234 192 in
1249 167 1322 191 eam
1333 153 1556 193 membranam
1572 157 1757 207 productim

372 222 440 253 tur,
458 208 586 245 musculi
595 219 728 254 quoque
746 208 865 241 ventris
878 206 931 241 has
949 205 1155 241 membranas
1170 216 1316 241 movent.
1546 220 1554 228 ·

397 259 476 294 Illud
491 269 568 292 vero
580 258 763 305 proximum
773 255 914 298 videtur,
928 258 1017 302 quod
1032 257 1051 290 a
1062 258 1103 292 D.
1116 255 1268 290 Perrault
1281 254 1344 290 fuit
1352 254 1571 299 observatum,
1586 256 1756 311 diaphrag-

368 309 461 343 rnaris
481 318 605 340 motum
619 304 798 340 naturalem
815 303 901 348 effe,
914 317 987 339 cum
1003 304 1193 352 deprimitur
1211 309 1246 340 &
1264 306 1464 342 extenditur:
1479 306 1567 354 quod
1585 317 1696 352 utique
1715 310 1754 341 ht

369 355 524 391 fibrarum
544 355 770 390 contractione
795 366 804 389 ε
827 352 943 388 sursum
969 352 1055 388 forte
1081 352 1205 388 tollitur
1231 354 1263 388 vi
1289 354 1466 391 mediastini
1484 383 1494 399 ,
1520 356 1570 388 cui
1594 354 1757 403 illigatur,

369 404 524 451 quodque
542 403 711 452 pulmones
726 405 758 438 in
768 403 846 438 duas
863 415 969 451 partes
986 403 1122 438 dirimit.
1141 402 1241 438 Unde
1266 404 1299 436 in
1315 403 1448 438 homine
1463 404 1558 451 longe
1570 402 1693 438 crassius
1710 404 1756 439 est

368 465 467 500 quam
486 451 749 488 inanimantibus
765 481 774 495 ,
789 453 879 499 quod
893 454 1009 499 majori
1028 453 1061 486 vi
1078 464 1157 499 opus
1168 450 1188 485 (i
1200 462 1235 485 ut
1247 453 1277 485 in
1296 454 1407 487 cresto
1426 453 1561 488 homine
1582 452 1758 501 diaphrag-

368 514 421 536 ma
438 500 554 536 sursum
571 501 703 536 tollatur
715 514 832 548 ,quani
850 502 884 535 iu
898 504 1006 549 pronis
1017 499 1246 536 animantibus.
1273 501 1306 535 Id
1321 513 1399 535 vero
1417 501 1488 536 satis
1507 502 1552 536 est
1572 500 1756 549 probabile,

366 551 590 586 mediastinum
607 551 694 599 quod
707 549 728 585 a
741 550 982 598 diaphragmate
996 548 1141 584 deorsum
1157 549 1292 584 trahitur
1303 579 1313 594 ,
1327 550 1423 586 visua
1441 551 1565 586 elastica
1582 549 1644 585 sese
1663 549 1757 584 resti-

364 610 476 634 tuere:
488 599 541 635 sed
555 600 596 634 de
605 600 806 648 expiratione
819 599 942 648 postea.

402 649 488 697 Opp.
504 648 887 697 Nonnullidiaphragma
897 647 978 683 nihil
997 648 1037 683 ad
1050 646 1293 696 respirationem
1312 647 1462 684 conferre
1475 676 1485 691 ‚
1505 646 1557 682 sed
1578 660 1647 683 non
1659 646 1758 683 alium

366 695 427 732 effe
440 698 530 745 hujus
540 698 619 745 septi
630 696 793 733 transversi
807 697 897 732 usum
909 709 1024 744 ‚quam
1040 709 1075 731 ut
1093 709 1148 731 cor
1165 702 1200 733 &
1217 696 1386 745 pulmones
1404 697 1446 732 ab
1466 696 1558 744 ipsius
1574 696 1760 740 abdominis

366 746 538 781 visceribus
558 745 680 795 separet
696 760 704 782 z
719 746 807 794 quod
824 745 939 781 avibus
955 746 987 780 id
1009 744 1086 781 defit
1100 763 1110 791 ·‚
1127 746 1215 793 quod
1235 746 1406 781 vulnerato
1428 746 1670 794 diaphragmate
1687 759 1756 782 non

365 795 483 831 idcirco
497 794 592 830 ceffet
611 795 779 844 respiratio
791 795 897 842 3quod
913 796 1087 844 appensum
1110 794 1346 844 diaphragmati
1363 799 1450 843 jecur
1467 807 1597 829 motum
1613 799 1676 844 ejus
1694 794 1758 829 sur..

365 844 431 879 sum
450 843 615 879 inhibeat:
635 856 670 879 ut
686 845 904 879 mediastinum
916 872 926 886 ,
940 843 994 878 seu
1006 843 1198 878 membrana
1217 856 1289 891 quae
1309 845 1477 879 thoracem
1499 846 1533 880 in
1554 844 1629 879 duas
1650 855 1758 893 partes

366 893 441 927 hinc
456 892 531 928 inde
550 893 748 928 disterminat
759 920 768 935 ,
779 903 904 927 motum
915 897 982 940 ejus
993 892 1140 926 deorsum
1154 893 1302 939 impedit.

401 942 490 990 Resp.
502 939 695 977 doffiffimus
704 941 863 976 Thruston
875 969 886 984 ,
904 939 1007 975 deeffe
1019 942 1052 975 in
1065 939 1177 974 avibus
1187 951 1313 987 partem
1323 939 1574 988 diaphragmatis
1592 952 1755 984 carneam,

365 1003 432 1027 non
445 991 632 1025 tendineam
642 1001 697 1024 aut
714 988 863 1024 fibrosam
875 1001 946 1036 quae
955 991 1124 1023 interiores
1134 989 1232 1024 costas
1242 1017 1251 1031 ,
1265 988 1435 1025 &viscera
1449 980 1611 1037 succingit,
1627 995 1661 1026 ὃ(
1672 989 1757 1026 mus-

363 1039 445 1074 culis
461 1038 644 1072 abdominis
665 1037 895 1089 adjuvantibus
905 1037 1158 1085 diaphragmatis
1172 1048 1287 1072 munus
1307 1036 1401 1080 obit3
1425 1049 1498 1072 eam
1513 1037 1573 1072 esse
1594 1040 1627 1072 in
1642 1037 1757 1073 avibus

365 1099 525 1123 texturam
538 1087 692 1121 costarum
703 1115 712 1130 ‚
727 1099 789 1134 qua
809 1085 905 1122 facile
916 1085 1023 1121 attolli
1036 1083 1152 1134 poffint
1163 1113 1172 1128 ,
1189 1097 1244 1120 aut
1258 1086 1397 1134 deprimi
1413 1102 1422 1129 ;
1436 1085 1604 1133 pulmones
1623 1098 1754 1134 quoque

364 1139 412 1172 ita
422 1134 482 1171 esse
501 1135 702 1184 perforatos,
714 1147 750 1170 ut
768 1138 877 1170 aerem
898 1137 934 1170 in
953 1133 1139 1169 abdominis
1154 1136 1328 1169 cavitatem
1361 1134 1577 1170 transmittant
1592 1152 1602 1178 ·‚
1620 1136 1759 1170 thoracis

365 1187 507 1232 denique
519 1183 671 1219 musculos
684 1187 718 1218 in
730 1186 766 1218 iis
776 1183 837 1220 esse
852 1183 949 1232 longe
962 1183 1252 1230 validiores,quam
1272 1186 1303 1218 in
1317 1183 1449 1231 reliquis
1470 1183 1700 1220 animantibus,
1722 1187 1760 1220 ln

366 1233 504 1282 piscibus
519 1246 597 1269 vero
608 1233 778 1268 branchias
790 1233 982 1282 pulmonum
993 1232 1066 1266 loco
1081 1230 1141 1266 esse
1150 1260 1160 1275 ,
1172 1244 1249 1278 quas
1259 1244 1342 1280 aqua
1352 1235 1424 1268 vice
1432 1235 1513 1267 aeris
1525 1230 1617 1270 subit.
1631 1232 1759 1269 Vulne-

368 1294 442 1318 rato
453 1294 562 1318 autem
578 1282 820 1331 diaphragmate
839 1280 1084 1330 respirationem
1093 1293 1158 1316 non
1171 1280 1241 1316 rolli
1256 1295 1263 1317 ε
1277 1281 1366 1328 quod
1379 1280 1519 1330 subjecta
1535 1280 1653 1316 viscera
1664 1293 1759 1331 aper.

369 1343 442 1367 tum
457 1332 571 1367 vulnus
583 1330 750 1380 impleant.
764 1331 864 1369 Unde
880 1331 977 1365 restat
985 1330 1103 1377 aliqua,
1119 1329 1197 1364 licet
1209 1330 1347 1365 molesta
1359 1331 1537 1380 respiratio.
1560 1333 1648 1366 Hinc
1659 1333 1759 1365 etiarn

368 1379 498 1416 resciffis
516 1382 549 1415 in
567 1392 647 1415 cane
665 1382 771 1415 nervis
788 1379 1038 1429 diaphragmatis
1052 1408 1061 1423 ,
1081 1381 1107 1413 is
1132 1379 1237 1414 statim
1256 1377 1293 1414 fit
1310 1379 1489 1415 anhelosus.
1521 1382 1601 1428 Qo
1625 1381 1760 1428 quidem

371 1428 488 1465 morbo
506 1428 656 1464 laborant
666 1431 751 1477 equi,
769 1442 842 1464 cum
858 1428 1036 1463 abdomine
1052 1428 1073 1464 ὲ,
1090 1439 1168 1476 potu
1184 1428 1321 1462 distento
1335 1429 1375 1462 ad
1396 1427 1519 1464 cursum
1538 1429 1760 1464 vehementius

365 1480 551 1518 incitantur.
572 1480 658 1513 Tum
677 1479 764 1513 enim
779 1478 800 1514 ἐι
810 1477 1051 1527 diaphragmate
1064 1479 1164 1524 magis
1190 1474 1290 1524 pressa
1308 1475 1425 1512 viscera
1457 1477 1535 1512 illud
1549 1476 1680 1512 vicissim
1691 1477 1760 1513 for-

367 1530 435 1563 *tius
456 1526 617 1576 repellunt
629 1540 636 1562 :
649 1540 723 1563 nam
736 1540 797 1575 prae
812 1527 968 1563 validiore
989 1538 1082 1562 motu
1093 1525 1176 1560 illius
1194 1524 1283 1561 fibrae
1305 1524 1506 1569 relaxantur,
1525 1538 1561 1560 ac
1578 1529 1694 1561 vitiato
1707 1539 1760 1562 to-

372 1590 417 1613 no
437 1589 553 1613 munus
570 1574 656 1610 suum
677 1578 737 1610 rite
750 1590 816 1612 non
834 1574 918 1611 obit.
954 1577 1084 1612 Nervus
1100 1574 1154 1609 ille
1172 1573 1422 1623 diaphragmatis
1436 1578 1470 1612 in
1493 1574 1652 1623 superiore
1676 1574 1759 1625 figu-

373 1638 408 1660 ra
428 1625 514 1661 estT
528 1653 539 1668 ,
558 1626 583 1658 is
600 1626 702 1660 oritur
714 1637 752 1661 ex
763 1627 867 1662 nervis
878 1624 1084 1661 brachiorum
1098 1635 1199 1673 prope
1213 1625 1247 1659 H
1259 1652 1269 1667 ,
1283 1623 1386 1659 multo
1406 1624 1497 1660 altius
1518 1637 1616 1672 quam
1631 1626 1665 1660 in
1680 1623 1759 1660 bru-

376 1686 425 1709 tis.

408 1723 457 1758 Est
471 1734 549 1758 vero
561 1722 768 1773 diaphragma
783 1723 982 1771 rumJecori,
1003 1733 1072 1758 tum
1093 1721 1285 1759 mediastino
1307 1721 1467 1771 illigatum
1481 1751 1491 1766 ,
1515 1734 1555 1758 ne
1575 1722 1643 1770 plus
1663 1735 1757 1771 aequo

373 1772 591 1820 deprimatur,
608 1784 664 1807 aut
676 1784 775 1820 ocyus
790 1784 888 1819 quam
907 1784 964 1820 par
979 1770 1035 1816 fit,
1058 1771 1190 1815 resiliat,
1209 1785 1246 1807 ac
1263 1771 1431 1821 pulmones
1453 1777 1487 1808 δι
1506 1785 1562 1806 cor
1577 1771 1676 1820 ipsum
1701 1773 1759 1807 lae-

374 1822 439 1856 dat.
464 1822 564 1857 Unde
579 1824 612 1854 in
632 1821 759 1869 suspiriis
781 1833 897 1867 magna
908 1821 951 1854 est
971 1821 1223 1868 diaphragmatis
1243 1822 1443 1861 contractio,
1466 1832 1569 1865 eaque
1580 1824 1648 1854 vim
1661 1832 1762 1867 quan.

373 1870 447 1903 dam
457 1869 556 1903 infert
565 1867 714 1916 subjectis
727 1869 910 1903 visceribus.
934 1871 975 1903 Et
990 1869 1121 1915 quidem
1140 1871 1172 1903 in
1185 1871 1251 1902 vivi
1264 1867 1410 1902 animalis
1429 1867 1615 1903 dissectione
1626 1897 1635 1911 ,
1647 1881 1762 1915 aperto

373 1917 569 1954 abdomine,
591 1918 624 1950 id
638 1916 804 1951 manifeste
818 1918 979 1959 cernitur,
993 1917 1080 1962 quod
1106 1918 1138 1950 in
1155 1916 1304 1963 qualibet
1325 1914 1531 1963 inspiratione
1553 1917 1761 1965 diaphragma

375 1966 526 2000 tendatur
545 1993 554 2007 ‚
584 1969 618 2001 &
635 1965 858 2014 complanetur
887 1968 955 2011 ejus
983 1962 1162 2012 superficies
1185 1992 1196 2007 ,
1235 1978 1303 2012 quae
1327 1976 1403 1999 ante
1426 1975 1493 1998 erat
1512 1963 1632 2001 sinuosa
1656 1966 1762 2002 versus

375 2013 511 2049 thoracis
529 2024 693 2051 centrum:
709 2013 892 2062 explanatur
904 2025 982 2049 vero
1000 2025 1073 2049 cum
1098 2014 1301 2062 deprimitur,
1317 2015 1349 2049 in
1362 2011 1427 2062 ipsa
1445 2014 1599 2050 videlicet
1619 2017 1698 2050 aeris
1711 2017 1763 2050 in-

376 2062 556 2111 splratione.

411 2111 471 2145 Ista
482 2111 616 2158 quidem
629 2112 669 2146 de
680 2109 1044 2159 ristidiaphragmatis,ac
1057 2111 1097 2145 de
1115 2108 1330 2159 respirationis
1343 2112 1469 2159 organis
1487 2111 1518 2147 in
1534 2113 1631 2160 priori
1647 2112 1762 2148 editio-

376 2173 418 2195 ne
437 2161 523 2195 hu'us
536 2161 641 2207 operis
653 2173 769 2208 magna
781 2173 821 2196 ex
832 2173 921 2208 parte
935 2159 1263 2208 collegimusNerum
1276 2173 1339 2207 quq
1350 2157 1407 2193 sint
1421 2158 1632 2206 respirationis
1644 2174 1764 2209 organa

377 2212 409 2249 in
423 2174 556 2252 avibus,
571 2210 638 2243 imo
653 2211 686 2244 in
700 2208 836 2257 piscibus
848 2238 856 2252 ,
869 2211 901 2243 in
912 2209 1083 2257 amphibiis
1099 2215 1135 2247 &
1152 2208 1277 2245 inseffis
1299 2209 1394 2256 longe
1413 2209 1589 2245 accuratius
1614 2209 1762 2258 exposuit

378 2260 417 2294 D„
441 2258 594 2292 Perrault
607 2287 616 2302 ‚
638 2270 709 2305 quae
728 2258 748 2293 a
771 2257 867 2293 nobis
890 2260 1088 2305 praetermitti
1109 2271 1176 2293 non
1195 2257 1331 2306 poisunt.

411 2305 555 2342 Primum
566 2308 674 2352 itaque
684 2308 715 2342 id
727 2305 876 2341 observat
888 2335 898 2348 ‚
912 2307 1100 2353 pulmonem
1110 2310 1141 2342 in
1155 2307 1269 2342 avibus
1280 2336 1289 2351 ‚
1307 2319 1343 2342 ut
1354 2309 1384 2342 in
1401 2309 1532 2343 terrenis
1546 2305 1763 2342 animantibus

376 2357 421 2391 ita
431 2353 490 2390 else
501 2355 779 2404 compositum,ut
797 2357 964 2393 circuitum
976 2355 1130 2406 languinis
1142 2367 1355 2406 promoveat:
1378 2357 1465 2406 quod
1485 2359 1594 2404 utique
1613 2357 1764 2404 proximo
