1878 2724
527 141 596 179 DE
637 140 989 182 FOSSIL'IBUS.
1392 159 1459 193 441

75 198 173 244 pta&
188 190 357 228 observata
378 192 412 228 in
433 202 556 229 certum
565 191 716 228 ordinem
726 193 863 242 dirigere
888 193 1092 232 conabimur.
1104 193 1170 232 Sed
1195 192 1236 229 de
1260 201 1371 230 natura
1390 195 1458 235 stite

13 250 35 278 ι*
72 246 162 293 pium
174 242 346 280 dicendum
355 241 398 278 est
417 243 491 280 ante
502 240 654 278 breviter.

12 395 29 423 i}

10 426 29 449 tl

27 451 30 498 i

23 593 29 679 l

505 338 537 374 C
560 339 589 376 A
611 340 690 378 PU
713 341 745 376 T
785 339 1044 380 PRIMUM.

590 439 649 472 De
671 448 793 473 namra
803 437 967 487 stirpium.

75 535 196 619 DE
206 534 348 582 stirpium
357 543 469 568 natura
483 533 619 579 dicturi,
639 535 805 571 celebrem
818 534 907 569 illam
921 535 1131 580 quaestionem
1143 537 1296 571 omittere
1308 547 1374 571 non
1387 534 1459 584 pos-

174 583 276 619 sumus
291 611 301 626 ,
319 594 360 617 an
378 582 486 631 stirpes
506 586 620 619 vivant
635 613 644 628 ,
659 590 694 622 δε
707 596 816 620 utrum
831 586 864 618 in
874 586 910 618 iis
923 582 960 618 fit
978 584 1082 619 forma
1096 583 1305 619 substantialis
1320 613 1330 628 ‚
1351 589 1383 620 &
1397 583 1462 618 ab..

75 632 176 669 soluta
187 661 197 676 ,
211 644 279 680 quae
289 634 394 680 partes
415 630 567 679 cujusque
584 634 701 681 plantae
715 645 801 669 certa
817 632 888 680 lege
905 632 1052 680 disponat
1067 661 1077 675 ‚
1093 639 1124 670 &
1139 633 1223 668 illius
1243 636 1316 668 vitae
1327 661 1337 676 ‚
1362 645 1461 679 quam

76 684 108 718 in
122 681 239 730 plantis
259 682 416 715 cernimus
432 708 442 724 ‚
459 680 644 717 funeriones
655 693 771 719 exerat.
784 683 866 728 Qae
879 683 994 728 utique
1004 681 1185 730 disputatio,
1198 692 1233 716 ut
1243 682 1321 718 alliis
1333 684 1462 716 monui-

77 737 148 767 mus
160 758 169 772 ,
180 740 222 764 ex*
240 728 333 777 ipfius
346 730 419 764 vitae
441 729 566 764 diversa
584 733 774 779 acceptione
788 736 821 768 δι
840 730 1056 778 homonymia
1075 743 1145 766 orta
1159 732 1215 766 est.
1241 733 1361 779 Neque
1374 732 1461 765 enim

76 779 107 814 id
120 777 256 814 inficiari
275 775 434 827 possumus
445 780 534 821 ‚vim
546 780 711 826 quandam
730 778 790 814 esse
806 781 838 814 in
857 778 975 814 semine
992 778 1131 823 arboris,
1146 793 1215 828 quae
1227 791 1332 828 partes
1349 790 1463 813 omnes

78 839 148 864 tum
166 825 314 862 fimilares
324 855 334 871 ‚
346 839 414 862 tum
426 826 622 863 diffiniilares
634 827 758 877 effingit
771 857 783 872 ‚
800 833 832 865 ὅ(
842 828 954 863 formae
963 827 1052 863 velut
1061 829 1244 878 archetypae
1258 827 1345 876 quali
1356 828 1466 863 chara-

78 874 322 924 Ctereinfignita
338 887 404 910 tam
414 887 489 924 apte
502 877 637 924 quaeque
646 878 782 913 molitur
797 891 806 911 ‚·
820 889 893 924 quae
907 878 939 911 in
955 879 1101 924 germine
1118 878 1188 925 ipso
1204 889 1310 925 partes
1332 887 1464 919 omnes,

78 925 219 960 radicem
234 953 244 967 ‚
257 936 403 959 truncum
413 953 422 968 ‚
437 924 591 968 surculoS,
602 930 636 962 δι
647 925 728 961 folia
746 924 909 969 delineav,
924 930 958 962 &
970 937 1026 972 per
1064 927 1158 961 radus
1170 938 1283 962 omnes
1292 924 1465 974 progreffii,

79 974 165 1022 quod
175 985 255 1022 opus
270 985 312 1008 ex
321 973 469 1009 tenuibus
484 975 582 1009 initiis
592 975 667 1012 anre
675 974 979 1024 pertexuitssandem
993 973 1035 1009 ab
1050 974 1141 1010 olvat
1152 1003 1162 1018 ,
1175 987 1212 1010 ac
1221 987 1356 1023 germen
1365 972 1466 1021 ipsum

80 1025 112 1058 in
131 1021 246 1071 glande
278 1021 481 1070 conspicuum
516 1024 549 1058 in
576 1035 729 1072 magnam
750 1023 900 1058 arborem
924 1022 1077 1070 explicet.
1098 1024 1200 1068 Quod
1223 1035 1310 1058 cette
1328 1035 1389 1058 nec
1399 1021 1467 1057 sola

80 1071 318 1106 elementorum
330 1071 492 1119 permistio
509 1099 520 1115 ,
539 1083 599 1108 nec
616 1083 801 1109 atomorum
812 1100 823 1116 ‚
846 1077 881 1108 &
895 1068 1155 1119 corpusculorum'
1167 1070 1467 1121 congreffuspotest

81 1119 218 1156 efficere.

128 1170 208 1203 Haec
219 1181 290 1203 cum
303 1179 378 1204 vera
386 1165 446 1203 fint
456 1197 466 1211 ,
477 1169 509 1203 id
523 1167 736 1205 tamen-valde
745 1166 878 1204 dubium
891 1169 950 1212 est,
973 1168 1205 1213 &obscurumg
1221 1169 1376 1217 quidnam
1388 1168 1468 1203 illud

83 1217 119 1253 si:
134 1218 222 1264 quod
240 1219 400 1259 animam,
425 1229 481 1251 aut
494 1217 634 1252 formam
648 1216 766 1265 planta:
786 1218 919 1252 dicimus
936 1227 948 1252 Ξ
970 1220 1021 1252 Au
1040 1230 1077 1253 ea
1097 1217 1132 1253 stt
1150 1230 1208 1265 per
1220 1229 1334 1264 corpus
1349 1217 1467 1265 plantae

83 1265 194 1302 diffiisa
211 1274 221 1301 Ξ
242 1277 346 1300 utrum
364 1275 403 1298 ex
410 1264 534 1300 alterius
545 1266 662 1314 plantae
672 1265 778 1300 forma
793 1265 830 1300 lit
842 1266 1014 1314 decerpta?
1035 1267 1203 1314 quomodo
1215 1268 1232 1302 ὲ
1243 1268 1377 1300 materia
1390 1267 1470 1300 edu-

85 1327 182 1359 catur,
197 1316 229 1350 in
244 1326 312 1361 ‘qua
331 1326 398 1348 non
410 1324 477 1348 erat
496 1316 591 1351 aCtu?
607 1326 674 1363 qua
693 1314 965 1350 demumratione
983 1313 1106 1350 succum
1124 1314 1358 1350 alimentitiurn
1375 1315 1415 1349 ad
1438 1314 1469 1350 se

85 1364 189 1400 trahat
199 1392 208 1406 ‚
226 1362 300 1398 cum
310 1375 349 1397 ea
362 1360 398 1396 fir
413 1364 547 1398 immota
560 1373 570 1398 3

122 1413 183 1448 lsta
192 1411 264 1447 sane
279 1409 356 1459 quae'
367 1412 399 1446 in
417 1421 588 1459 utramque
598 1423 722 1459 partem
735 1411 888 1460 disputari
907 1411 1010 1447 solent
1020 1441 1029 1456 ,
1050 1425 1091 1448 ex
1105 1415 1142 1447 iis
1156 1423 1225 1460 quae
1239 1411 1316 1446 alibi
1335 1412 1469 1448 diximus

87 1461 126 1496 de
141 1460 316 1497 formarum
330 1458 546 1507 origine‚solvi
555 1459 687 1510 possimt.
699 1463 818 1507 Neque
833 1460 953 1495 necesse
967 1463 1009 1496 est
1019 1473 1055 1495 ea
1065 1472 1227 1509 repetere,
1236 1460 1354 1508 quibus
1370 1463 1472 1496 osten-

86 1508 152 1546 sum
164 1510 209 1545 est
228 1517 352 1558 partem
365 1508 482 1556 plantae
492 1508 690 1545 subtiliorem
706 1538 715 1553 ,
732 1515 767 1546 δ(
780 1508 940 1543 εόὶυσΐαπι
961 1510 1240 1553 formaenomine‚
1261 1515 1293 1545 δε
1307 1509 1472 1545 characte-

87 1557 292 1608 reinsigniri3
317 1569 388 1592 eam
399 1557 506 1592 exalia
517 1558 623 1593 forma
634 1559 764 1606 decerpi
787 1574 798 1601 ς
822 1559 973 1592 intimum
984 1558 1048 1593 else
1063 1559 1172 1593 motus
1197 1559 1413 1606 principium,
1435 1563 1470 1595 &

88 1610 167 1644 ideae
176 1609 291 1643 divinae
304 1608 496 1654 praecipuum
514 1606 771 1642 instrumentum.
790 1608 880 1642 Nam
894 1618 930 1640 ut
942 1607 1021 1642 ahias
1042 1607 1198 1650 diximus,
1227 1608 1332 1640 omnis
1351 1606 1479 1642 artifex

88 1655 144 1691 suo
155 1658 246 1705 operi
258 1655 397 1690 formam
412 1654 510 1701 quim]
531 1655 637 1703 potest
650 1658 790 1690 maxime
803 1653 984 1690 absolutam
994 1657 1150 1704 imprimit
1161 1671 1172 1699 ·„
1187 1667 1224 1689 ac
1238 1654 1258 1689 fi
1278 1654 1347 1690 fieri
1358 1655 1471 1703 poffet,

90 1704 230 1740 formam
246 1702 423 1747 tribueret,
442 1716 511 1750 quae
533 1715 612 1751 opus
625 1703 727 1752 ipsum
744 1714 871 1751 regeret
896 1708 931 1740 &
947 1705 1140 1740 contineret.
1164 1705 1246 1739 Cum
1268 1705 1365 1752 igitur
1381 1708 1470 1740 Deus

90 1753 184 1788 rebus
201 1750 348 1788 omnibus
359 1779 369 1794 ,
388 1764 423 1786 ac
434 1751 634 1799 potiffimilm
643 1754 718 1787 vitae
734 1765 798 1787 non
813 1752 1136 1800 *expertibusvformas
1155 1754 1317 1801 aptaverit
1329 1781 1339 1795 ,
1356 1752 1471 1800 easque

90 1804 124 1837 in
144 1801 199 1836 suo
216 1811 333 1850 genere
346 1800 523 1848 perfe&as‚
547 1801 578 1835 id
594 1800 719 1836 videtur
741 1801 813 1836 satis
835 1799 1003 1837 verisimile
1021 1801 1161 1836 formam
1184 1800 1331 1849 cujusque
1352 1803 1398 1835 rei
1420 1802 1473 1836 vel

93 1853 183 1886 tenui
197 1853 263 1886 vita
280 1850 496 1897 praeditaenon
507 1848 642 1885 otiosam
654 1849 714 1885 else
725 1879 735 1894 ‚
756 1849 809 1885 sed
824 1861 950 1885 motum
965 1863 1097 1887 omnem
1116 1852 1150 1885 in
1167 1862 1209 1884 eo
1225 1861 1359 1898 corpore
1372 1848 1473 1884 effice-

94 1898 196 1942 re,vel
213 1900 356 1947 dirigere.
805 1942 819 1946 ,μ
1344 1942 1347 1944 Α

126 1947 250 1984 Verum
265 1949 343 1982 inre
355 1957 421 1981 tam
435 1947 567 1982 obscura
580 1948 676 1982 tutius
689 1946 816 1981 fortaffe
839 1947 936 1982 fuerit
955 1945 1106 1983 alsensum
1121 1947 1275 1983 cohibere
1289 1961 1296 1982 :
1314 1945 1334 1981 fi
1346 1949 1414 1994 quis
1429 1958 1473 1983 ta.

96 2009 172 2034 men
181 1995 217 2030 sit
226 1997 414 2042 conjesturae
429 1996 515 2030 locus
527 2009 613 2039 ‚non
628 2007 710 2043 aegre
725 1994 870 2031 assentiar
883 1995 1006 2044 Angliae
1018 1996 1233 2036 Cancellario,
1244 1998 1298 2042 qui
1310 1997 1343 2030 in
1359 1998 1475 2031 viven-

98 2045 182 2081 tibus
205 2042 402 2093 potiffimum
420 2044 482 2078 duo
496 2055 587 2089 putat
607 2043 740 2091 spe&ari
756 2057 926 2091 oportere,
946 2057 1060 2093 corpus
1079 2045 1234 2079 videlicet
1254 2042 1417 2088 sensibile,
1441 2050 1476 2081 δε

97 2095 239 2144 spiritum
251 2122 260 2135 ‚
274 2093 325 2127 seu
338 2104 451 2139 corpus
461 2092 577 2127 subtile
591 2119 602 2135 ,
620 2097 653 2128 &
671 2103 824 2140 vegetum
837 2121 845 2137 ,
863 2095 968 2129 omnis
986 2096 1139 2129 motionis
1155 2093 1265 2141 opifex
1282 2121 1291 2135 ‚
1318 2093 1475 2140 quodque

99 2141 319 2178 ex‘effeekibus
338 2140 366 2175 se
379 2140 499 2188 prodit.
514 2142 624 2174 Partes
642 2140 701 2175 illae
717 2168 728 2182 ,
750 2152 786 2175 nt
799 2144 842 2176 ita
863 2143 966 2177 dicam
978 2170 986 2184 ,
1005 2145 1232 2189 pmumaricae,
1254 2153 1392 2188 quaeque
1408 2141 1475 2175 for-

100 2203 159 2227 mae
171 2191 277 2225 locum
288 2189 439 2224 obtinent
449 2218 456 2231 ‚
475 2192 506 2224 in
517 2188 672 2224 foffilibus
683 2218 693 2232 ‚
711 2194 745 2226 &
760 2189 852 2225 rebus
863 2193 934 2228 vit&
946 2191 1105 2226 destitutis
1123 2190 1227 2239 sparsae
1236 2219 1245 2233 ,
1257 2203 1322 2224 non
1339 2188 1395 2223 fibi
1408 2201 1475 2223 niu-

103 2250 159 2276 tuo
183 2240 362 2281 coliaerem3
377 2250 436 2273 nec
448 2239 533 2272 inter
546 2237 575 2272 se
585 2250 642 2285 per
656 2236 784 2272 tubulos
801 2268 811 2282 ‚
835 2252 889 2275 aut
902 2251 1025 2274 meatus
1040 2242 1290 2275 communicant.
1325 2239 1415 2271 Hinc
1437 2249 1476 2271 ea

102 2300 236 2337 corpora
249 2287 318 2323 sunt
332 2288 487 2335 longioris
507 2288 565 2321 aevi
586 2300 592 2320 :
609 2299 683 2321 nam
700 2299 814 2334 corpus
837 2290 1076 2336 pneumaticum
1104 2288 1285 2322 solidiorem
1307 2288 1477 2321 materiem

101 2349 165 2372 non
181 2338 365 2383 depascitur.
382 2339 417 2370 ln
431 2335 540 2384 planta
555 2334 632 2369 vero
643 2334 764 2382 spiritus
780 2339 896 2383 quietis
913 2339 1082 2384 impatiens
1099 2348 1156 2384 per
1166 2333 1352 2369 universum
1363 2346 1476 2381 corpus

90 2384 253 2427 discurrit;
274 2397 375 2433 utque
393 2386 417 2418 is
438 2384 580 2421 ferocior
602 2383 649 2421 est
662 2411 674 2429 ,
692 2395 746 2419 aut
762 2387 892 2431 mitior,
910 2390 1066 2433 majorem
1076 2395 1210 2434 quoque
1236 2394 1292 2416 aut
1314 2385 1478 2420 minorem

226 2435 316 2470 Tom.
350 2435 404 2470 II.
1209 2433 1239 2469 1<
1256 2444 1278 2467 x
1290 2443 1313 2466 1<
