1878 2724
249 68 262 77 α

545 110 571 149 P
584 109 614 147 Α
631 110 665 147 R
679 107 702 147 S
753 106 784 148 T
799 111 825 149 E
839 110 872 146 R
888 112 919 147 T
933 112 947 145 1
963 110 1002 148 A.
1442 129 1463 158 7

107 171 111 174 ·
134 169 175 210 '5.
209 160 324 200 Metui
349 159 498 197 deorsum
518 171 575 196 aut
603 159 722 197 sursum
741 160 827 198 forte
848 160 1023 196 inserviunt
1052 161 1158 209 pinnae
1182 187 1194 203 ‚
1216 161 1298 197 'dum
1326 127 1458 211 obliiffzz.

78 210 196 249 sursum
225 222 282 246 aut
302 209 450 246 deorsum
481 208 690 247 inclinantur.
731 211 821 247 Nam
842 211 877 245 in
906 221 1076 245 momento
1101 208 1215 245 sursum
1236 222 1290 246 aut
1310 210 1457 248 deorsum

77 259 185 296 &statu
209 261 327 308 quictis
354 258 511 296 feruntur.
546 260 667 306 Neque
687 258 720 293 id
739 256 887 293 efficiunt
915 260 949 291 vi
980 260 1117 293 temonis
1139 270 1196 294 aut
1221 258 1432 307 gubernaculi
1446 275 1456 298 ι

77 310 190 346 navim
214 309 302 344 enim
326 320 421 344 antea
448 309 619 342 immotam
643 305 893 355 gubernaculum
925 319 991 341 non
1020 306 1167 344 inflectit.
1203 310 1276 344 Nec
1308 307 1458 346 laborant

102 355 177 392 isces
185 368 220 392 ut
236 359 270 392 in
283 368 365 404 aqua
375 355 550 392 tardiffimo
567 355 709 391 ferantur
722 367 835 392 motu:
857 366 892 390 ut
905 355 1054 390 navicula
1072 359 1107 391 in
1124 357 1290 406 stagnante
1307 370 1390 405 aqua
1406 359 1459 394 vel

76 369 200 441 subtilis
213 405 259 442 fili
273 404 433 442 beneficio
443 404 526 439 trahi
534 402 639 452 potest
653 417 662 439 ε
674 416 808 451 corpora
817 406 935 452 quippe
952 406 986 438 in
998 416 1081 452 aqua
1095 404 1211 440 librata
1223 405 1311 440 nullo
1323 409 1458 456 negotio

75 466 250 490 moventur
260 482 269 497 ,
289 453 340 489 sed
354 452 492 489 tardius:
504 455 592 489 Nam
602 464 639 487 ut
652 452 752 489 velox
763 452 915 488 firmorus
930 455 1019 487 navis
1035 455 1067 488 in
1080 454 1244 502 stagnante
1257 467 1338 502 aqua
1347 485 1358 500 ‚
1373 456 1459 492 mul-

77 505 121 538 tis
135 516 215 552 opus
229 503 274 538 est
285 501 475 551 remigibus,
486 503 609 550 Magna
620 503 707 536 enim
718 513 811 548 aquae
821 503 869 537 vis
886 500 940 535 suo
952 501 1025 536 loco
1035 503 1078 537 est
1087 502 1280 551 expellenda
1289 533 1299 548 ,
1311 509 1345 541 δε
1357 506 1458 541 attol-

75 551 174 587 lenda
184 580 194 595 ,
206 563 274 587 tum
289 563 323 586 ut
341 551 449 586 locum
463 549 601 599 praebeat
617 553 693 585 navi
702 548 867 593 subeunti,
879 561 947 584 tum
959 562 993 584 ut
1006 563 1088 598 aqua
1098 551 1297 600 vertiginoso
1307 581 1318 597 ‚
1332 566 1389 589 aut
1398 557 1458 588 cir-

77 599 277 636 cularimotu
287 599 393 635 locum
402 598 422 636 Ξι
431 601 506 634 navi
520 598 671 634 relictum·
678 599 802 646 repleat
816 613 824 635 t
846 599 919 633 hinc
930 601 977 633 vis
987 601 1202 647 imprimenda
1214 602 1306 636 vasto
1322 602 1368 637 illi
1386 615 1458 638 cor-

32 684 37 688 ,
77 651 150 698 pori
179 648 220 685 εὸ
230 649 278 683 est
292 652 396 684 ma‘or
406 676 417 692 ‚
433 646 499 695 qub
509 659 614 683 motus
625 647 778 684 velocior.
799 650 890 693 Quin
902 653 935 683 δε
949 652 1086 694 majores
1097 648 1195 684 effent
1209 649 1400 686 adhibendae
1414 655 1457 687 vi-

77 709 144 742 xe5‚
158 696 180 733 fi
195 699 285 733 navis
299 663 364 745 ipsi
376 696 452 733 effer
474 699 556 732 intra
574 708 690 744 aquam
706 696 859 733 demersa.
880 697 1015 731 Accedit
1026 698 1057 731 id
1071 710 1204 744 quoque
1218 711 1328 735 aetem
1342 713 1458 749 perpa..

75 758 149 782 xum
158 745 293 782 tefistere
303 747 379 781 dum
389 748 471 781 remi
481 746 672 781 reducuntur
684 774 695 788 ,
709 758 825 793 aquam
834 744 913 781 vero
924 744 1060 780 multum
1072 745 1232 783 obfistere.
1244 749 1345 785 Unde
1357 752 1459 785 remi-

75 807 132 843 ges
142 797 224 829 intra
235 806 352 842 aquam
365 793 468 830 caefim
484 795 636 829 reducunt
646 806 751 829 remos
766 808 775 831 z
793 806 829 829 ut
843 807 990 830 ranarum
999 794 1182 831 &anserum
1193 798 1294 844 pedes
1308 799 1458 834 constric-

78 845 117 878 tis
131 840 242 891 digitis
253 842 427 878 antrorsum
438 843 630 877 reducuntur
640 870 651 887 ‚
665 841 716 877 sed
731 842 860 891 expansi
876 841 1047 877 retrorsum
1060 855 1177 890 aquam
1197 858 1317 894 magno
1334 849 1457 895 impetu

75 892 254 939 impellunt.
269 892 434 943 roirca
446 904 513 926 non
522 889 671 926 laborant
684 889 781 938 pisces
802 903 837 927 ut
847 894 932 926 intra
943 904 1062 938 aquam
1079 891 1138 927 fint
1156 893 1302 941 pensiles,
1318 907 1375 931 aut
1393 907 1458 931 tar-

77 940 122 974 do
133 940 284 983 incedant
292 951 384 975 motu
398 968 408 983 ,
423 939 475 975 sed
488 939 642 975 immensa
657 942 691 974 vi
703 941 742 974 iis
755 953 833 989 opus
850 941 894 975 est
908 953 944 976 ut
952 938 1096 975 citiffitne
1113 940 1268 979 ferantur.
1287 945 1377 981 Hinc
1387 957 1457 982 tan-

78 997 111 1023 ta
121 990 158 1024 iis
167 988 254 1024 adest
263 988 477 1025 musculorum
488 991 581 1036 copia
590 987 707 1037 quibus
727 988 851 1038 spinam
865 994 898 1026 ὃς
908 989 1043 1024 caudam
1063 1001 1313 1039 contorqueant.

486 1084 698 1123 CAPUT
731 1085 889 1122 ULTr
911 1087 1093 1124 MUM..-

513 1152 570 1186 De
593 1162 680 1187 motu
695 1153 880 1189 animalium
893 1153 1046 1188 naturali:

185 1235 271 1269 otus
278 1233 437 1269 naturales
451 1233 484 1268 in
501 1234 510 1267 i
535 1231 570 1268 sis
584 1235 712 1282 organis
720 1236 944 1279 terminantur,
955 1236 1072 1283 eosque
1083 1233 1224 1271 efficiunt
1236 1249 1341 1285 partes
1353 1254 1456 1277 mem·-

186 1281 344 1319 branosae:
361 1282 472 1317 hatum
487 1281 509 1318 fi
537 1293 578 1316 rae
596 1284 747 1317 mottices
762 1283 1073 1331 {texturam‘habent
1103 1284 1337 1334 multiplicem,
1361 1293 1456 1326 utdi-

76 1331 169 1366 verns
191 1329 331 1366 serviunt
352 1330 506 1368 motibus.
530 1333 653 1377 Neque
673 1330 798 1379 spiritus
812 1335 844 1368 in
860 1335 896 1368 iis
918 1345 1007 1368 tanta
1023 1335 1058 1368 vi
1078 1332 1258 1378 eliduntur,
1280 1349 1402 1384 quanta
1423 1344 1456 1376 in

76 1378 292 1415 musculorum
303 1379 392 1416 fibris
403 1379 472 1416 :sed
482 1379 638 1429 placidius
650 1378 738 1416 effufi
751 1393 857 1416 motus
877 1381 1023 1417 efficiunt
1033 1382 1260 1419 vermiculares
1270 1413 1281 1429 ‚
1296 1387 1406 1433 quales
1422 1392 1455 1424 in

76 1427 146 1476 ipsis
157 1428 309 1464 intestinis
317 1457 327 1472 ,
339 1433 373 1466 &
383 1427 460 1464 vasis
471 1428 643 1477 majoribus
656 1432 824 1467 cemimus.
835 1432 926 1466 Hinc
940 1429 1026 1465 fibrae
1033 1431 1256 1468 intestinorum
1265 1461 1276 1477 ,
1288 1439 1322 1471 &
1333 1441 1455 1472 ventri-

76 1477 141 1512 culi
157 1479 192 1513 in
206 1476 290 1524 spira:
308 1478 442 1513 modum
458 1477 526 1513 sunt
538 1489 692 1514 contorta:
703 1507 713 1521 ,
727 1490 764 1514 ut
772 1491 879 1514 motus
893 1477 1060 1515 succeffive
1071 1479 1146 1523 fiat,
1161 1486 1194 1517 δε
1204 1483 1371 1529 paulatim,
1385 1500 1453 1522 non

77 1523 347 1569 fimul&subito,
365 1537 401 1561 ut
419 1528 453 1561 in
465 1524 623 1562 musculis.
640 1525 748 1561 Fibrae.
759 1531 879 1576 quippe
897 1526 1007 1563 sensim
1020 1530 1190 1564 contraCtae
1209 1531 1356 1568 intestina
1373 1546 1454 1570 cava

76 1575 170 1610 velut
186 1575 344 1609 manicam
365 1573 554 1610 colatoriam
572 1587 669 1622 quarn
681 1577 888 1625 Hippocratis
907 1587 1026 1611 vocant
1039 1605 1049 1620 ,
1063 1578 1281 1625 intorquendo
1298 1582 1455 1620 constrin-

76 1635 157 1670 gunt
171 1640 179 1667 ;
197 1622 299 1669 sicque
317 1635 428 1657 eorum
445 1635 596 1659 contenta
605 1623 648 1658 ab
665 1636 727 1659 una
738 1636 829 1673 parte
841 1627 875 1660 in
891 1624 986 1659 aliam
1008 1624 1092 1661 lente
1107 1633 1315 1673 promovent.
1338 1632 1452 1669 Motus

77 1670 133 1706 ille
145 1671 298 1707 naturalis
313 1673 347 1706 in
367 1671 561 1720 oesophago,
578 1674 757 1708 ventriculo
770 1702 779 1717 ‚
805 1679 839 1711 &
860 1674 1018 1709 intestinis
1038 1674 1242 1723 peristalticus
1266 1678 1328 1713 dici
1353 1679 1453 1726 solet,

77 1721 165 1766 quod
182 1720 272 1756 instar
281 1731 388 1755 motus
397 1719 622 1756 lumbricorum
632 1724 770 1770 partium
779 1724 999 1759 contractione
1010 1721 1067 1758 fiat
1078 1724 1178 1760 :adeo
1187 1727 1263 1760 utin
1274 1725 1385 1774 seipsas
1397 1731 1455 1763 ad-

77 1769 198 1812 duwe,
217 1781 292 1803 mox
305 1768 488 1805 dilatentur.
507 1772 561 1805 De
582 1770 644 1805 hoc
661 1783 750 1806 motu
768 1770 952 1819 elegantem
979 1772 1152 1808 metatum
1170 1786 1269 1822 nuper
1293 1777 1393 1812 edidit
1408 1782 1450 1815 D.

75 1818 231 1852 Perrault
240 1819 272 1852 in
282 1819 386 1865 primo
393 1817 560 1854 volumine
577 1817 778 1868 physicorum
794 1821 1022 1857 tentaminum.

117 1867 168 1900 Ac
176 1863 315 1914 primum
331 1867 461 1914 quidem
470 1867 502 1901 id
512 1870 656 1916 principii
667 1867 739 1903 loco
751 1869 932 1913 constituit,
952 1871 1133 1905 coctionem
1148 1874 1183 1908 &
1192 1869 1452 1911 distributionem

77 1913 247 1949 humorum
265 1919 297 1950 &
314 1913 476 1961 spirituum
485 1917 516 1950 in
530 1915 746 1952 animantibus
754 1930 845 1953 motu
859 1917 954 1954 locali
969 1918 1096 1965 perfici,
1111 1918 1175 1955 sive
1190 1921 1370 1966 manifesto,
1380 1935 1453 1960 cum

78 1961 225 1997 humores
237 1967 270 1998 &
281 1961 400 2009 spiritus
417 1964 435 1999 ὲ
446 1963 520 1998 lo'co
533 1964 686 2000 inlocum
697 1967 950 2011 transferuntur-3
967 1966 1031 2003 five
1045 1967 1196 2012 obscuro,
1214 1974 1248 2006 &
1268 1971 1371 2005 minus
1383 1971 1452 2007 sen-

77 2008 180 2054 sibili,
203 2010 303 2057 qualis
314 2011 358 2044 est
370 2022 474 2045 motus
485 2010 679 2048 alterationis
689 2041 700 2056 ,
717 2026 783 2060 quo
803 2014 919 2050 scilicet
935 2028 1040 2062 partes
1061 2015 1254 2052 insensibiles
1268 2031 1451 2056 moventur.

78 2060 132 2094 sic
141 2070 225 2105 aqua
237 2070 311 2092 cum
326 2058 513 2093 incalescere
526 2061 638 2108 incipit
648 2088 658 2103 ,
679 2073 784 2109 partes
797 2063 879 2099 illius
894 2062 1028 2099 obscuro
1040 2066 1183 2112 quodam
1196 2077 1289 2102 motu
1304 2071 1428 2104 cientur
1438 2098 1449 2111 ,

77 2120 146 2142 non
158 2106 340 2150 manifesto,
352 2107 453 2154 quiin
462 2106 653 2143 ebullitione
667 2113 808 2146 cernitur
821 2125 834 2147 :·
849 2124 955 2149 motus
971 2113 1023 2148 ille
1039 2113 1202 2150 obscurior
1213 2114 1296 2151 fitin
1308 2115 1451 2152 humori-

79 2154 139 2190 bus
150 2184 160 2199 ,
175 2168 248 2192 curn
259 2166 364 2203 partes
375 2153 471 2190 incidi
483 2184 494 2200 ,
508 2156 681 2194 &inutiles
691 2157 824 2206 separati
833 2163 1010 2210 incipiunt:
1027 2166 1190 2198 tamenim
1204 2165 1249 2199 ita
1263 2164 1451 2211 permiscen-

80 2215 131 2238 tur
141 2216 196 2247 ‚nt
205 2206 237 2239 in
249 2216 372 2239 novum
389 2206 523 2239 mixtum
533 2233 543 2248 ,
559 2205 611 2240 feu
622 2204 660 2242 fit
669 2207 781 2257 chylus
790 2237 801 2254 ,
810 2209 863 2245 seu
874 2209 1018 2260 sanguis,
1031 2210 1085 2247 seu
1092 2223 1162 2260 pars
1172 2211 1235 2260 ipsa
1250 2212 1426 2259 quaealitur
1437 2244 1448 2259 ,

76 2251 131 2288 seu
141 2253 280 2300 denique
291 2252 413 2300 spiritus
426 2281 436 2296 ,
455 2252 668 2290 elaborentur.

112 2303 226 2336 Motus
238 2301 292 2336 ille
307 2312 377 2335 tum
387 2299 475 2336 abiis
485 2304 611 2350 organis
628 2331 639 2346 ,
651 2316 719 2352 quae
728 2307 868 2343 codtioni
882 2306 1023 2344 serviunt
1033 2337 1043 2352 ,
1063 2307 1162 2345 tuma
1175 2307 1449 2357 compreffione&

76 2350 253 2398 agitatione
264 2351 442 2388 vicinarum
455 2353 595 2398 partium
616 2351 833 2401 proficiscitur.
851 2358 985 2406 Organa
997 2355 1246 2408 ipsa-particulas
1261 2357 1400 2395 secantes
1414 2365 1449 2398 &

1154 2409 1183 2445 Z
1193 2419 1211 2444 z
1224 2420 1242 2443 z
1266 2409 1291 2454 ι)
