1878 2724
427 154 498 198 '480
731 141 1029 185 PHYSlC‘AE
1063 143 1206 180 PARS
1240 144 1534 181 SECUNDA.

423 198 578 236 liceantur
592 210 600 234 ε
617 201 652 235 &
663 207 774 231 tamen
794 208 858 231 non
871 207 908 229 ex
926 194 995 228 aliis
1007 193 1152 228 constant
1166 194 1331 241 principiis
1345 221 1356 237 ,
1371 193 1425 228 sed
1438 193 1519 228 alius
1531 192 1576 228 est
1593 192 1830 240 particularum

424 259 597 283 contextus
615 264 625 291 3
643 258 702 281 nec
713 244 830 280 eodem
842 244 940 277 modo
960 245 991 276 vi
1009 242 1122 277 cal-sris
1137 244 1300 290 agitantur
1317 255 1328 278 z
1362 255 1440 278 narn
1463 254 1513 277 ars
1527 241 1687 292 Chymica
1706 255 1826 293 partes-

422 309 596 342 corporum
610 296 695 329 varie
708 295 876 342 conjungit
891 321 900 335 ,
917 298 949 329 &
970 291 1103 337 separat.
1812 301 1814 303 '

463 344 546 379 illud
559 357 625 379 non
639 341 806 377 abnuerim
817 355 854 377 ex
867 344 903 376 iis
915 354 984 389 quae
998 339 1154 388 superiore
1167 342 1273 388 capite
1288 338 1453 376 attulimus
1466 369 1475 383 ‚
1484 351 1538 375 aut
1547 351 1586 375 ex
1596 339 1664 374 aliis
1675 351 1746 388 quae
1757 352 1814 375 ex-

423 394 560 441 cogitari
570 391 696 440 possunt
706 393 838 426 criteriis
850 420 859 434 ‚
876 392 915 426 de
927 389 1107 439 plantarum
1118 390 1347 424 constitutione
1369 394 1403 426 δε
1421 389 1544 425 viribus
1556 387 1676 436 aliquid
1697 387 1825 437 conjici?

425 439 524 490 polse.
535 443 587 477 Sic
597 453 666 488 quse
678 444 722 476 D.
731 440 759 472 G
762 452 845 474 revv
863 443 897 475 in
910 441 1004 475 novis
1013 440 1241 486 experimentis
1251 440 1334 472 circa
1343 437 1506 485 liquorum
1516 438 1700 474 mistionem
1709 437 1826 483 affert,-

424 491 508 525 adeo
519 503 585 525 non
600 489 840 525 contemnenda
851 501 987 538 putem,
1006 498 1042 522 ut
1055 489 1222 536 permagni
1235 485 1305 522 usus
1325 488 1359 523 in
1376 488 1540 523 medicina
1560 484 1621 522 effe
1639 486 1727 536 poffe
1746 500 1826 524 non-
1852 505 1854 512 >

425 539 592 575 dubitem.

463 586 613 624 Primum
631 588 764 636 quidem
780 585 904 635 spiritus
918 588 1000 622 acidi
1017 616 1026 631 ,
1051 597 1086 622 nt
1099 586 1196 628 nitri,
1211 583 1356 628 vitrioli,
1367 581 1437 620 salis
1449 585 1628 620 communis
1642 582 1828 628 radicibus‚.

425 636 532 687 ligno,
565 639 676 672 cortici
691 637 871 685 plantarum
893 635 980 672 affusi
998 649 1065 672 non
1078 635 1160 669 adeo
1183 634 1436 677 tumultuantur,
1463 646 1501 668 ac
1518 632 1538 668 fi
1561 631 1716 669 fossilibus
1729 661 1741 677 ,
1759 643 1830 669 aut?

426 685 614 721 animalium
651 685 772 721 artibus
789 684 993 721 affimdantur
1013 699 1022 721 :
1038 683 1129 732 quod
1141 683 1269 718 acidum
1287 685 1320 719 in
1341 683 1460 730 plantis
1476 682 1651 731 plerisque,
1671 694 1706 717 ut
1722 681 1818 717 alcali

427 736 462 771 in
475 699 685 770 mineraligus
699 740 732 772 &
742 733 958 769 animantibus
968 733 1049 783 saepe
1059 733 1262 768 dominetur:
1274 734 1307 768 in
1319 730 1528 767 mineralibus
1546 730 1645 766 fixum
1655 760 1667 775 ,
1691 733 1726 767 in
1747 733 1819 767 ani.

428 783 595 819 mantibus
609 784 653 819 est
662 783 801 819 volatile
811 797 820 820 ε
831 788 984 820 &tamen
999 780 1200 830 vegetabilia
1217 780 1286 816 fere
1296 783 1406 816 omnia
1420 779 1587 830 paululum
1603 791 1820 816 commoveri.

427 839 570 873 tui-,cum
578 832 686 881 spiritu
696 835 842 875 nitri,aut
852 845 933 879 aqua
943 831 1022 866 forti
1032 830 1321 880 perfundunturAEx
1331 842 1400 878 quo
1407 832 1519 877 utique
1528 828 1829 865 concluditAuthor*

426 886 492 929 jam
508 881 655 916 laudatus
666 881 761 916 salem
775 880 868 915 alcali
884 884 918 915 in
929 880 1087 928 plerisque
1095 878 1212 926 plantis
1223 878 1319 914 inesse
1329 907 1340 921 ‚
1362 880 1545 913 etiamtum
1558 879 1679 913 instatu
1689 889 1829 913 natura-⁷

428 930 453 965 li
466 928 648 978 spectantur
661 958 671 973 ‚
691 942 752 965 nec
762 931 794 965 vi
807 931 891 978 ignis
911 928 1008 963 salem
1021 927 1114 963 alcali
1126 929 1294 975 generari,
1317 927 1370 961 sed
1384 926 1563 962 lixivialem
1584 925 1664 962 fieri.
1683 928 1747 962 Aut
1762 926 1819 962 sal·

430 990 497 1014 tem
508 991 705 1026 quocunque
716 981 850 1013 nomine
868 976 906 1013 sal
917 977 973 1012 ille
987 978 1122 1012 donetur
1136 1004 1145 1019 ‚
1158 974 1200 1009 ab
1211 976 1341 1010 acidois
1350 974 1474 1012 diffidet
1483 1003 1494 1020 ,
1504 986 1604 1023 atque
1619 987 1659 1011 ex
1667 976 1824 1011 acidiae!-

429 1028 576 1064 misti-one
602 1026 640 1062 fit
653 1039 762 1076 pugna
780 1026 932 1073 quaedam
945 1055 955 1070 ,
974 1031 1008 1064 δε
1025 1024 1186 1060 ebullitio.

467 1078 557 1111 Inter
572 1088 609 1110 ea
623 1087 697 1123 quae
710 1087 816 1110 acrem
829 1080 863 1111 δε
881 1085 1085 1123 perurentem
1099 1084 1163 1121 prae
1177 1071 1207 1107 se
1227 1071 1337 1107 fer‘unt
1357 1071 1502 1122 saporem
1511 1101 1523 1118 ,
1544 1071 1693 1110 zinziber
1707 1074 1761 1109 vix
1775 1072 1829 1108 ab‘

429 1136 514 1172 aqua
523 1124 603 1160 forti
618 1136 845 1159 commovetur
858 1151 867 1168 ,
892 1125 938 1158 uti
957 1136 1016 1159 nec
1035 1134 1133 1171 grana
1149 1121 1335 1156 cochleariae
1354 1136 1363 1159 :
1391 1122 1481 1157 radix
1500 1120 1590 1157 veri>>
1601 1124 1727 1171 pyretri
1739 1135 1814 1159 cum

428 1185 514 1221 aqua
528 1173 606 1208 forti
622 1174 726 1208 statim
738 1172 852 1207 ebullit
866 1201 875 1215 ‚
888 1177 923 1208 &
934 1171 1114 1213 attollitu13
1134 1182 1207 1206 cum
1217 1181 1303 1217 aqua
1315 1169 1394 1206 forti
1406 1173 1508 1219 magis
1522 1171 1731 1207 tumultuatur
1746 1171 1821 1207 her-

428 1221 471 1255 ba
482 1221 688 1270 staphisagriae
697 1250 707 1265 ,
720 1221 822 1270 vulgo
840 1220 940 1256 herba
951 1220 1174 1269 pediculorum
1196 1231 1270 1265 quae
1279 1230 1314 1253 ut
1324 1231 1488 1268 pyretrum
1504 1231 1652 1255 urentem
1666 1223 1700 1256 in
1714 1220 1820 1268 lingua

429 1270 570 1305 calorem
586 1276 619 1307 &
630 1271 683 1305 diu
693 1282 943 1318 permanentem·
951 1280 1107 1317 procreat.
1127 1269 1185 1303 Vis
1198 1269 1311 1315 itaque
1321 1269 1374 1303 illa
1385 1280 1502 1315 quaein
1511 1268 1690 1304 cochlearia
1705 1274 1738 1305 &
1748 1271 1820 1304 zin-

430 1316 542 1354 zibere
560 1321 736 1368 percipitur
749 1347 758 1362 ‚
777 1331 839 1366 qua
855 1318 995 1367 linguam
1011 1318 1117 1352 calore
1132 1327 1365 1352 momentaneo
1385 1318 1520 1365 pungit,
1544 1319 1577 1352 in
1599 1316 1661 1352 sale
1677 1316 1829 1353 sulfureo*

431 1372 466 1403 δε
481 1367 606 1402 volatili
623 1367 722 1417 posita
732 1368 860 1403 videtur
873 1381 880 1403 ε
895 1380 964 1415 quae
973 1378 1082 1401 autem
1094 1368 1126 1401 in
1136 1377 1288 1414 pyrctro,
1303 1364 1504 1414 staphisagria
1515 1394 1525 1410 ‚
1535 1371 1568 1403 &
1578 1365 1760 1414 euphorbio
1772 1369 1820 1403 vis

431 1416 566 1451 adurens
580 1416 697 1452 diutius
716 1416 919 1464 perseverat,
934 1418 965 1450 in
981 1414 1096 1450 sulfure
1108 1443 1117 1457 ‚
1132 1426 1168 1449 ut
1181 1426 1278 1449 vocat
1290 1443 1301 1458 ‚
1326 1414 1418 1450 alcali
1429 1443 1439 1457 ‚
1460 1419 1494 1451 &
1514 1417 1615 1463 magis
1637 1413 1702 1450 fixo
1720 1417 1831 1465 viget.-

431 1465 533 1500 Unde
543 1464 761 1509 euphorbium
775 1467 896 1514 gummi
908 1465 954 1499 est
967 1477 1034 1499 non
1043 1464 1169 1498 acidum
1180 1492 1188 1506 ‚
1206 1462 1259 1498 sed
1276 1464 1363 1511 quod
1379 1463 1514 1498 multum
1534 1462 1636 1499 habet
1654 1464 1696 1498 de
1707 1463 1814 1500 alcali:

431 1525 572 1560 cumque
583 1513 619 1548 lit
628 1526 699 1549 acre
710 1515 965 1549 sternutatorium
981 1542 990 1557 ,
1003 1513 1079 1548 hinc
1092 1514 1256 1559 conjicere
1278 1510 1434 1560 possumus
1453 1513 1521 1549 vim
1537 1513 1796 1548 sternutatoriam
1807 1540 1828 1558 ,i

430 1564 544 1597 nonin
564 1564 661 1597 acidis
674 1592 683 1606 ‚
697 1562 797 1597 sedin
820 1562 912 1596 alcali
927 1560 1126 1598 confifistete.

478 1613 622 1646 Granum
634 1613 769 1648 Kermes
785 1624 860 1646 cum
873 1624 957 1658 aqua
967 1610 1045 1646 forti
1055 1611 1180 1646 mistum
1191 1611 1246 1646 diu
1258 1616 1290 1649 δε
1306 1607 1493 1646 sensibiliter
1506 1608 1732 1647 tumultuatur:
1744 1611 1821 1646 hinc

431 1658 518 1695 forte
532 1662 563 1694 vi
575 1661 793 1706 adstringente
805 1660 1058 1707 donatur,quod
1075 1660 1128 1694 suo
1143 1660 1238 1695 alcali
1257 1661 1384 1695 acidum
1402 1658 1570 1694 ventriculi
1582 1661 1714 1693 noxium
1733 1671 1820 1694 tem-

430 1719 529 1754 peret.
546 1701 770 1758 Mespyloium
787 1721 886 1758 grana
899 1711 945 1743 uti
968 1714 1002 1745 δε
1022 1709 1224 1755 oxyacantha
1233 1721 1306 1743 cum
1320 1720 1404 1756 aqua
1419 1708 1496 1743 forti
1508 1707 1716 1751 attolluntur,
1732 1709 1820 1744 unde

431 1760 465 1792 &
476 1757 700 1804 adstringentia
717 1758 784 1793 sunt
800 1787 810 1801 ‚
831 1762 865 1793 δε
883 1757 1007 1792 calculo
1022 1757 1143 1791 utiliter
1156 1757 1348 1793 adhibentur
1363 1785 1372 1801 ,
1397 1759 1444 1792 uti
1460 1762 1493 1793 &
1504 1755 1735 1804 plerorumque
1757 1769 1819 1792 nu-

431 1804 576 1840 cleorum
592 1807 686 1842 testae:
715 1819 785 1853 quae
805 1804 874 1853 quo
891 1806 1034 1840 duriores
1053 1804 1123 1840 {unt
1139 1811 1173 1843 &
1191 1806 1368 1855 fragiliores
1380 1833 1391 1849 ‚
1412 1808 1514 1854 magis
1538 1817 1610 1839 cum
1638 1816 1722 1852 aqua
1738 1804 1823 1840 forti

432 1852 603 1889 ebulliunt.
616 1857 662 1889 Ac
672 1867 777 1902 partes
787 1854 848 1888 illae
861 1866 1002 1889 tartareae
1011 1860 1044 1891 &
1061 1854 1206 1901 lapidosae
1215 1868 1285 1901 quae
1295 1857 1327 1890 in
1361 1857 1424 1902 yris
1435 1864 1606 1888 occurrunt
1617 1881 1627 1896 ,
1642 1865 1716 1887 cum
1733 1865 1819 1901 aqua

430 1899 511 1934 forti
527 1903 663 1937 multum
677 1909 710 1939 &
725 1904 830 1937 statim
841 1901 1060 1936 effervescunt.
1071 1903 1170 1938 Unde
1187 1903 1264 1937 illud
1278 1903 1320 1937 est
1346 1905 1406 1936 atis
1418 1899 1587 1936 verisimile
1599 1930 1610 1945 ‚
1628 1912 1734 1949 partes
1752 1913 1819 1937 tat-

434 1959 535 1983 tareas
548 1956 582 1986 ἃς
600 1951 691 1984 alcali
703 1950 784 1984 succi
802 1952 923 1985 nutritii
937 1952 968 1983 in
984 1950 1116 1985 nucleos
1137 1950 1302 1998 &lapides
1314 1952 1526 2000 praecipitari,
1550 1951 1626 1985 dum
1645 1949 1768 1987 fruitus
1783 1955 1823 1987 δε

432 2009 529 2044 grana
542 1998 741 2041 dulcescunt,
759 2004 791 2035 δέ
808 2002 1080 2034 maturantur.De
1093 1999 1185 2033 milio
1199 1999 1272 2033 solis
1287 2027 1298 2041 ‚
1317 1997 1417 2048 vu'go
1427 2001 1509 2048 petit
1518 2000 1637 2047 gremil
1656 2026 1663 2035 .
1681 1999 1748 2033 alio
1765 1998 1816 2034 lo-

432 2057 472 2079 co
483 2047 618 2081 diximus
629 2077 638 2091 ‚
652 2047 811 2081 iion.1liud
823 2060 957 2096 granum
971 2060 1045 2081 cum
1065 2050 1154 2082 omni
1174 2048 1299 2095 liquore
1307 2049 1401 2082 acido
1410 2050 1511 2095 magis
1522 2046 1700 2082 effervescit
1713 2048 1818 2084 :unde

434 2098 466 2130 δέ
478 2095 625 2131 adversus
651 2096 807 2130 calculum
826 2096 948 2131 utiliter
958 2095 1146 2140 adhibetur,
1163 2109 1198 2131 ur
1208 2097 1415 2144 millepedes‚
1425 2094 1524 2144 vulgo
1534 2098 1683 2137 cloportes
1697 2125 1708 2139 ‚
1721 2096 1820 2140 testae‚

433 2147 467 2178 ὃ(
495 2157 631 2179 ovorum
650 2147 816 2192 put-imina
830 2158 901 2191 quae
925 2144 1027 2179 multo
1052 2145 1145 2180 alcali
1167 2146 1333 2180 ⁴ibundarit
1363 2143 1603 2193 Co'ocynthis',
1617 2157 1716 2193 grana
1731 2144 1820 2180 ebuli

433 2206 467 2226 m
480 2197 496 2240 j
509 2205 573 2236 iris,
584 2194 685 2229 &alm
697 2194 783 2241 hujus
797 2197 921 2241 generis
935 2196 987 2228 vix
998 2193 1042 2227 ab
1054 2207 1137 2241 aqua
1162 2194 1236 2228 forti
1250 2206 1500 2229 commoventur
1517 2207 1525 2228 ε
1549 2194 1631 2228 adeo
1646 2205 1682 2228 ut
1695 2196 1741 2228 vis
1759 2206 1818 2229 co-

433 2240 608 2287 locyntidis
628 2256 692 2277 non
710 2245 741 2276 in
756 2243 845 2276 alcali
866 2272 873 2284 ‚
888 2242 938 2276 sed
957 2255 1055 2289 magis
1071 2245 1101 2276 in
1119 2244 1211 2277 acido
1224 2242 1321 2290 posim
1341 2245 1495 2279 videatur.
1516 2245 1604 2277 Hinc
1624 2242 1700 2276 sales
1713 2241 1824 2286 alcali,

433 2300 468 2322 ut
481 2288 521 2323 sil
535 2293 629 2325 urinae
642 2290 882 2339 colocyntidem
897 2294 1077 2339 corrigunt:
1090 2304 1148 2325 uec
1163 2304 1292 2327 tartarus
1302 2293 1412 2326 crustu<
1424 2321 1433 2333 ‚
1456 2305 1491 2325 1112
1499 2304 1562 2336 que
1577 2291 1669 2325 illius
1686 2290 1821 2338 hrystal-

435 2336 457 2370 li
475 2351 547 2373 cum
564 2341 659 2375 acidis
676 2339 854 2385 liquoribus
867 2369 875 2382 ‚
898 2339 913 2373 s
929 2341 948 2373 d
960 2353 1032 2374 cum
1043 2340 1131 2374 alc-„ili
1147 2370 1156 2383 ,
1169 2353 1204 2375 nt
1220 2355 1289 2375 curn
1306 2341 1409 2380 souitu
1425 2353 1524 2375 ss'Yl‘ssl
1543 2345 1629 2373 cervi
1644 2339 1826 2376 ebulliunt:

435 2387 517 2421 unde
527 2400 633 2435 partes
643 2388 810 2425 sedimenti
821 2401 982 2425 urinarum
997 2389 1223 2438 lapidescentes
1237 2397 1270 2429 δε
1282 2392 1367 2426 durae
1381 2403 1447 2426 non
1460 2389 1529 2426 suut
1546 2401 1685 2424 tartartae
1700 2418 1709 2432 ‚
1725 2387 1820 2435 fiqui-

1738 2438 1813 2472 dem
