1878 2724
589 147 760 190 PARS
802 149 1054 190 TERTIA.
1442 160 1503 200 607

109 201 156 241 βε
165 202 232 252 eJus
245 202 352 238 {notus
362 200 401 236 ex
410 200 519 238 nervis
528 201 736 251 proficiscitur
747 214 800 247 3ac
814 201 904 239 fibris
912 215 982 237 tum
997 202 1110 244 tectis,
1127 210 1196 249 quae
1207 202 1380 238 contractae
1402 207 1499 238 carti-

115 251 259 299 laginem
268 251 440 295 adducunt,
455 262 523 287 tum
533 250 737 286 circularibus
749 252 880 295 constat,
890 264 962 299 quae
971 251 1067 285 reffis
1078 250 1284 298 subjiciuntur
1300 280 1309 294 ‚
1328 257 1361 289 &
1371 264 1501 286 contra-

111 299 178 334 ἂι
190 302 365 335 cavitatem
379 300 513 335 trachea:
523 300 741 350 angustiorem
753 297 907 344 efficiunt,
920 305 955 336 δε
974 301 1171 348 expirationi
1189 299 1370 337 inserviunt
1381 300 1499 349 3idque

113 346 318 398 potiffimum
337 360 409 384 cum
421 350 501 396 quid
515 349 715 385 incommodi
728 348 782 383 vel
795 347 953 384 tuiliendo
964 348 1039 391 ‚vel
1052 348 1223 396 expuendo
1233 351 1402 398 rejicimus.

165 399 254 433 Huic
271 399 387 432 tunicae
398 397 461 432 alia
473 398 654 446 adjungitur
669 396 855 446 glandulosa
866 402 906 434 δε
923 395 1001 432 vafis
1011 396 1219 446 lymphaticis
1233 398 1379 433 conferta
1392 412 1402 435 ε
1415 410 1501 434 atte-

117 446 170 480 riae
193 447 279 480 enim
296 445 482 494 sanguinem
497 447 661 481 advehunt
677 460 685 482 ε
707 447 796 494 quod
813 457 923 481 autem
946 458 1037 480 venae
1056 445 1176 481 referte
1195 458 1262 481 non
1283 444 1425 495 potsunt,
1440 460 1498 496 pet

117 493 282 543 glandulas
300 494 476 530 cribratum
489 497 521 530 in
542 494 680 543 lymphae
698 496 808 531 ductus
823 505 1006 530 commeat:
1033 505 1133 543 atque
1149 492 1208 529 ubi
1228 494 1342 531 setosus
1364 496 1419 531 ille
1437 497 1497 531 hu-

119 549 190 577 mor
207 542 252 576 est
276 542 431 589 uberior,
453 543 540 593 isque
553 545 592 580 -in
611 545 786 585 cavitatem
801 542 917 594 asperae
931 543 1056 579 artetiae
1084 543 1224 579 exundat
1241 573 1251 591 ,
1266 556 1336 580 tum
1361 545 1499 581 catharri

117 602 275 628 onuntur.

148 642 341 689 Tertia-pars
357 639 473 690 asperae
488 642 608 676 arteriae
623 639 707 677 illius
716 639 805 677 velut
814 638 952 676 calamos
964 642 999 676 in
1013 637 1204 690 pulmonum
1219 638 1425 676 substantiam
1436 640 1502 676 dif.

117 688 215 732 susm,
233 692 291 737 qui
307 689 466 726 bronchia
481 691 544 724 dici
555 689 658 725 solent
669 719 679 733 ,
695 689 923 738 complectitur
943 703 951 724 :
970 692 1060 738 iique
1078 692 1114 724 in
1131 689 1236 738 plures
1257 689 1391 725 surculos
1407 690 1501 725 didu-

118 749 251 780 cuntur,
266 741 324 785 qui
339 738 459 774 rursum
481 741 514 774 in
526 738 655 774 lobulos
671 746 760 786 pene‘
768 741 952 775 innumeros
973 737 1116 781 abeunt,
1129 740 1263 773 racemis
1280 751 1414 774 uvarum
1431 752 1499 775 non

118 785 292 823 diffirniles.
309 788 356 823 Ac
371 787 516 836 cujusque
535 787 650 822 calami
670 788 821 823 structura
844 786 886 821 ab
907 785 997 836 ipfius
1018 789 1120 821 trunci
1140 785 1263 821 fabrica
1276 800 1342 822 non
1360 786 1497 829 multum

118 833 246 870 diffidet
257 863 267 878 ,
281 836 335 871 nisi
349 838 436 883 quod
449 835 581 871 annulos
594 835 712 871 habeat
728 835 767 871 sic
776 847 902 884 aptatos
915 864 924 877 ‚
938 848 973 870 ut
993 834 1129 870 annulus
1146 834 1280 870 inferior
1300 835 1496 884 superiorem

119 882 231 918 subeat
242 885 277 918 in
291 887 515 932 expiratione:
532 896 642 919 contra
656 885 730 919 dum
743 896 852 918 aerem
865 882 1049 931 inspiramus
1059 912 1068 924 ‚
1083 884 1300 930 producuntur
1310 886 1341 918 in
1351 884 1500 933 longum,

118 931 188 966 fere
199 942 235 966 ut
246 936 403 967 cernimus
412 935 445 967 in
465 932 609 967 cruribus
621 931 752 967 locustae„
761 931 929 968 ⁴Velcerte
940 943 981 967 ex
1000 933 1094 966 variis
1107 930 1248 979 partibus
1260 934 1304 966 ita
1323 932 1392 967 sunt
1406 946 1500 968 com-

118 978 231 1028 positi,
248 991 283 1015 ut
298 982 332 1016 in
356 980 419 1029 ipsa
436 979 643 1029 inspiratione
665 992 723 1028 per
734 992 868 1016 carneas
891 979 987 1015 fibras
1010 979 1186 1014 dilatentur
1198 986 1253 1022 ‚&
1266 982 1407 1030 integros
1423 980 1500 1016 effi..

118 1030 205 1063 ciant
218 1029 349 1064 circulos
362 1047 371 1073 ;
382 1032 416 1064 in
433 1032 728 1077 expirationerveto
744 1027 783 1063 sic
793 1029 1022 1064 contrahantur
1034 1039 1095 1071 ,rut
1112 1029 1274 1063 interdum
1291 1033 1390 1064 etiam
1405 1033 1503 1078 pitui-

121 1088 188 1112 tam
205 1077 412 1123 pulmonibus
428 1078 635 1113 inhaerentem
651 1079 777 1123 ejiciant
788 1090 796 1111 :
807 1077 894 1123 quod
903 1075 966 1110 sola
980 1077 1117 1111 thoracis
1130 1077 1330 1124 depreffione
1339 1076 1423 1112 effici
1434 1092 1501 1115 non

119 1126 237 1173 potest.
254 1129 368 1173 Itaque
384 1125 433 1160 hae
447 1125 550 1161 fistula:
568 1124 759 1173 pulmonum
776 1138 843 1160 non
860 1124 930 1160 sunt
956 1124 1153 1160 inflexibiles
1170 1153 1180 1168 ,
1199 1136 1235 1160 ut
1248 1125 1363 1174 asperae
1376 1130 1499 1162 arteria:

120 1178 258 1221 majores
277 1174 470 1219 annuli3sed
490 1174 547 1210 vel
561 1173 629 1208 sunt
647 1173 806 1217 loricatae,
825 1185 859 1208 ut
874 1176 906 1207 in
919 1173 1219 1221 gammariS‚Vtilgo
1239 1176 1395 1222 e'crevv‘ffes
1407 1204 1416 1218 ,
1430 1189 1502 1211 cet-

119 1225 224 1258 nimus
236 1251 244 1265 ‚
254 1222 306 1258 vel
325 1235 363 1258 ex
377 1222 483 1258 multis
498 1221 642 1271 partibus
653 1224 699 1256 ita
711 1220 780 1256 sunt
794 1233 1024 1269 coagmentatae
1034 1250 1042 1264 ,
1057 1234 1092 1256 nt
1104 1225 1135 1256 in
1149 1220 1211 1269 ipsa
1225 1222 1429 1271 inspiratione
1438 1228 1500 1260 cir-

120 1270 209 1305 culos
219 1273 361 1320 integros
378 1271 549 1307 absolvant
560 1300 569 1314 ‚
587 1282 654 1318 quo
671 1282 744 1304 aere
755 1270 948 1319 impleantur
960 1287 969 1312 3
983 1273 1017 1305 in
1045 1272 1245 1318 expiratione
1262 1284 1341 1307 vero
1369 1285 1499 1309 contra-

120 1319 236 1355 hantur
247 1348 257 1363 ,
268 1332 302 1354 ur
313 1319 502 1368 pulmonum
518 1318 741 1367 compreffioni
758 1324 791 1355 &
805 1321 885 1353 aeris
898 1332 935 1354 ex
960 1320 1088 1354 irationi
1100 1318 1266 1367 praebeant
1284 1320 1405 1357 locum.

156 1367 309 1416 Asperarn
328 1371 475 1405 arteriam
495 1382 561 1405 non
576 1367 776 1419 respirationi
790 1368 890 1404 modo
904 1397 914 1414 ,
932 1332 983 1404 geel
997 1370 1095 1404 etiam
1113 1370 1191 1410 *voci
1204 1367 1320 1406 servite
1333 1375 1399 1420 jam
1422 1370 1502 1406 alias

123 1417 270 1454 diximus,

157 1468 232 1501 Hoc
247 1466 378 1514 quidem
400 1465 474 1502 loco
493 1481 559 1503 non
578 1467 639 1502 etit
662 1465 802 1502 alienum
825 1467 865 1501 de
879 1470 967 1502 vocis
986 1469 1112 1516 organis
1137 1472 1171 1504 8<
1185 1467 1372 1503 mechanica
1390 1479 1500 1503 eorum

122 1516 271 1550 struetura
287 1528 327 1550 ex
343 1518 412 1550 viro
423 1516 589 1551 clarissimo
609 1520 647 1552 D.
666 1518 816 1551 Perrault
831 1528 989 1564 perpauca
1001 1515 1168 1564 subjicere.
1191 1521 1266 1551 Vox
1285 1519 1394 1563 itaque
1407 1517 1450 1550 est
1467 1519 1500 1552 in

125 1564 239 1612 triplici
258 1563 437 1599 differentia
453 1566 646 1599 constituta:
663 1577 737 1598 nam
753 1565 802 1598 vel
812 1563 944 1612 simplex
966 1565 1028 1607 est,
1046 1570 1078 1601 &
1093 1567 1172 1599 citra
1186 1565 1284 1600 ullam
1305 1564 1503 1599 articulatio-

123 1625 197 1647 nem
211 1641 219 1654 ,
237 1615 315 1647 utin
327 1612 536 1661 serpentibus,
547 1612 721 1648 bufonibus
734 1642 744 1655 ,
759 1612 907 1647 leonibus
924 1626 931 1647 :
947 1612 1006 1647 ubi
1028 1613 1114 1648 nulla
1138 1614 1180 1648 est
1204 1613 1404 1658 articulatio,
1425 1625 1461 1647 ac
1471 1612 1501 1648 «fi

122 1663 193 1708 quis
204 1660 239 1694 sit
256 1673 348 1696 tonus
359 1691 366 1704 ,
380 1664 404 1695 is
422 1664 555 1697 minime
567 1665 706 1697 variatur
718 1690 726 1704 ‚
739 1663 785 1695 uti
797 1674 857 1696 nec
874 1663 908 1695 in
926 1661 1082 1708 plerisque
1095 1661 1219 1699 avibus.

163 1716 207 1745 2⁰.
225 1712 259 1743 In
279 1709 468 1756 quibusdam
485 1710 672 1745 animalibus
688 1723 750 1744 vox
763 1713 862 1758 magis
882 1711 924 1744 est
941 1711 1127 1755 articulata,
1145 1724 1181 1745 ac
1194 1723 1294 1760 penes
1305 1723 1450 1747 accentus
1468 1716 1502 1748 δε

126 1760 193 1793 toni
213 1762 426 1793 mutationem
443 1763 598 1801 variatur,
612 1771 646 1793 ut
664 1761 696 1792 in
710 1771 787 1792 cane
805 1765 837 1794 &
857 1759 932 1795 fele.

158 1813 198 1851 3⁰.
223 1809 259 1840 In
272 1807 402 1841 homine
421 1821 484 1842 vox
501 1808 544 1841 est
555 1807 718 1841 articulata
733 1810 870 1841 maxime
883 1821 956 1842 cum
974 1806 1131 1843 infinitam
1153 1806 1374 1855 pene-habeat
1391 1821 1503 1844 accen-

125 1857 424 1891 tuunwariemtem.
439 1857 536 1902 (Quod
550 1859 664 1903 ntique
679 1869 744 1889 non
763 1868 826 1890 tam
838 1869 875 1891 ex
893 1870 1084 1906 organorum
1108 1869 1278 1903 apparatu,
1293 1869 1390 1903 quam
1409 1870 1450 1892 ex
1471 1860 1505 1892 vi

124 1905 341 1951 imaginatrice
352 1910 383 1941 δι
397 1908 521 1939 ratione
532 1904 595 1952 ipsa
607 1903 761 1953 proficisci
773 1905 917 1942 videtur:
934 1919 1005 1940 cum
1027 1905 1183 1954 pleraeque
1202 1907 1380 1940 animantes
1394 1906 1505 1941 iisdem

124 1955 258 1986 omnino
268 1955 393 2000 organis
404 1952 463 1988 siut
480 1955 620 2001 praeditae
631 1983 639 1997 ‚
652 1965 721 1999 quae
734 1953 1015 1989 tamenlocutionc
1028 1956 1153 2002 penitus
1174 1954 1394 1989 destituuntur.
1417 1958 1504 1990 Aves

125 2011 235 2034 autem
247 2012 318 2045 quae
339 2000 437 2034 verba
451 2004 629 2047 exprimunt
642 2031 650 2042 ‚
663 2004 698 2034 iis
711 2003 837 2048 organis
852 2004 1005 2038 instruam
1023 2004 1091 2037 sunt
1111 2015 1180 2049 quae
1195 2015 1265 2036 <um
1281 2004 1397 2037 nostris
1418 2004 1506 2038 nulla

125 2047 329 2084 similitudine
355 2052 600 2093 conjunguntur.
619 2048 724 2084 Vituli
743 2049 850 2095 lingua
863 2054 972 2084 tenuis
995 2052 1056 2093 est,
1075 2050 1181 2084 mollis
1196 2078 1205 2092 ,
1221 2049 1374 2085 flexibilis
1389 2079 1398 2093 ‚
1420 2057 1453 2088 ὃ(
1473 2054 1506 2087 in

125 2109 239 2131 omnes
251 2108 355 2143 partes
367 2097 461 2131 facile
474 2096 631 2132 flectitur:
649 2098 775 2131 Contra
790 2095 919 2142 Pfirmci
936 2099 1043 2146 lingua
1060 2096 1153 2132 craffa
1173 2099 1235 2142 est,
1252 2101 1388 2133 rotunda
1400 2130 1408 2143 ,
1428 2101 1507 2134 dura.

126 2148 218 2194 apice
234 2158 354 2180 corneo
370 2146 529 2180 instructa.
554 2146 615 2180 Sed
631 2145 786 2191 quidquid
801 2146 843 2179 est
856 2149 886 2180 in
899 2147 1034 2181 vocibus
1053 2146 1241 2181 animalium
1258 2160 1313 2182 aut
1335 2149 1504 2196 pulchrum

125 2194 365 2237 ammirabile,
385 2195 415 2228 id
426 2208 488 2229 vox
501 2195 635 2229 immam
650 2193 885 2240 complectitur.
908 2197 1079 2243 Qidquid
1094 2208 1169 2231 aves
1184 2208 1278 2231 cantu
1290 2195 1343 2230 suo
1354 2226 1362 2239 ,
1384 2208 1439 2231 aut
1458 2199 1506 2231 in-

125 2243 294 2277 strumenta
305 2242 417 2277 musica
431 2242 570 2278 efficiunt
583 2271 591 2283 ,
610 2244 639 2276 id
656 2241 815 2277 liomosuo
831 2255 924 2278 cantu
936 2247 1077 2279 imitatur
1093 2259 1100 2280 :
1119 2243 1220 2278 nullus
1239 2245 1281 2278 est
1295 2256 1389 2278 tonus
1406 2247 1504 2279 etiam

127 2293 159 2325 in
174 2292 286 2325 multas
308 2292 408 2327 sedhss
420 2304 525 2339 partes
537 2321 547 2336 ,
557 2291 641 2326 nullu
662 2292 748 2324 vocis
758 2292 919 2327 intercisio
928 2294 1010 2328 adeo
1024 2304 1162 2340 praeceps
1174 2297 1207 2328 ὃ(
1219 2295 1396 2331 concitata,
1409 2306 1505 2340 quam

128 2352 210 2373 voce
225 2353 287 2374 non
304 2343 470 2388 exprimat.

166 2396 207 2434 4⁰
232 2392 330 2426 Vocis
342 2401 461 2439 organa
473 2390 510 2425 ad
523 2391 581 2425 tria
596 2388 789 2438 potiffimum
799 2392 904 2439 capita
917 2389 1027 2424 referri
1038 2387 1175 2436 poll-unt,
1185 2389 1223 2424 ad
1235 2389 1389 2426 summam
1398 2389 1507 2439 lai‘yn-
