1878 2724
454 140 868 182 TRACTATUS
915 140 1181 182 PRIMUS.

112 194 170 233 via
191 193 312 244 qnippe
331 191 349 229 ὲ
367 190 580 230 subterraneis
597 193 675 229 locis
691 191 908 229 indefinenter
922 204 1096 241 erumpunt
1116 206 1125 230 ε
1144 202 1181 229 ut
1198 190 1286 226 forte
1298 142 1522 239 planetarum?

113 243 322 282 &stellarum
335 241 467 279 effluxus
479 255 533 279 aer
557 244 698 291 excipit,
719 243 771 278 his
787 241 1133 292 impraegnaturzunde
1160 252 1211 276 tot
1233 237 1402 276 mirabiles
1431 237 1511 274 effe-

110 295 180 331 &us
194 292 382 342 prodeunt,
397 305 537 341 quorum
547 292 645 328 causae
657 292 771 327 suntin
783 292 924 328 occulto.
942 293 1030 327 Hinc
1041 290 1124 340 saepe
1149 293 1261 326 evenit
1287 301 1322 324 ut
1339 300 1393 322 aet
1416 286 1512 323 nobis·

98 341 319 383 <circumfusus
332 348 366 380 ὅ(
375 345 481 393 gravis
494 373 504 387 ,
515 340 806 391 quiatmosphaera,
822 341 875 377 seu
884 353 1046 390 vaporum
1057 340 1177 390 sphaera
1190 340 1308 374 dicitur
1318 369 1328 383 ‚
1341 339 1421 372 citra
1438 350 1509 371 ma-

102 392 263 429 infestam
281 390 406 427 causam
416 395 547 441 gravior
555 403 710 441 appareat
722 406 729 427 :
742 403 778 427 ut
790 394 822 427 in
836 393 1029 427 Barometro
1044 390 1151 439 ,quod
1169 388 1289 424 scilicet
1297 389 1379 423 aeris
1396 389 1506 436 gravi-

109 451 213 478 tatem
225 442 394 478 dimetitur
406 470 417 485 ,
431 442 612 478 identidem
623 443 783 477 cernimus
796 456 805 483 3
819 453 930 488 neque
944 441 975 475 id
987 440 1121 475 aliunde
1129 438 1337 488 proficiscitur
1355 448 1456 485 quam
1469 449 1508 472 ex

108 501 215 529 turma
233 490 473 541 profluviorum
496 520 506 536 ,
532 490 583 526 seu
598 489 760 525 halituum
774 500 909 538 repente
921 491 1175 536 erumpentium.
1429 523 1434 525 ,
1484 506 1489 527 ·,

143 542 236 577 Hinc
252 543 300 577 vis
313 540 367 576 illa
395 542 476 575 aeris
490 540 575 574 adeo
607 536 781 574 diffolvens
803 566 813 582 ‚
840 550 907 586 qua
924 537 1046 572 ferrum
1064 543 1108 575 .&
1128 549 1264 586 cuprum
1295 535 1426 579 exeditj
1451 547 1508 571 ea-

105 592 217 639 quein
231 589 413 638 rubiginem
427 618 437 634 ,
454 599 511 624 aut
528 589 704 637 aeruginem
726 590 908 631 convertit,
928 599 967 622 ex
981 588 1020 621 iis
1040 586 1170 622 ducitur
1188 584 1329 622 effluviis
1339 597 1413 632 quae
1436 585 1507 632 ple-

105 637 492 687 tumque-sunrsaiina&
509 637 639 674 nitrosa.
658 637 759 675 Unde
785 637 941 686 Agricola
963 635 1021 671 dili
1045 648 1104 672 ens
1122 634 1277 673 foffilium
1298 636 1504 673 examinator

101 689 234 724 testatur
247 715 258 731 ,
268 692 302 725 &
313 689 513 737 experientia
530 686 787 737 ipsa.confirmat
798 698 916 722 terram
927 688 1012 726 nitro
1027 699 1080 721 am
1089 715 1100 729 ‚
1115 696 1171 722 aut
1191 682 1403 730 aluminosam
1414 712 1424 727 ,
1436 685 1505 725 imo

100 741 138 774 δι
151 736 348 773 vitriolicam
357 739 424 773 aeri
437 736 616 787 expositam
628 740 715 773 nitro
731 748 787 772 aut
803 736 950 772 alumine
965 764 975 780 ‚
987 747 1044 770 aut
1057 734 1193 771 vitriolo
1205 763 1215 778 ‚
1231 732 1348 781 quibus
1366 732 1430 767 fuit
1451 745 1504 767 or-

101 785 180 822 bata
193 815 204 832 ,
217 787 332 823 iterum
350 788 555 837 impraegnari
571 802 580 824 ς
597 786 661 823 five
676 786 754 823 sales
766 785 814 821 illi
825 797 868 821 ex
882 784 944 820 suis
964 785 1057 821 velut
1081 783 1255 826 seminibus
1275 794 1332 832 per
1347 784 1503 817 mutatio-

85 884 87 886 ,
99 834 352 885 nemquandam
360 837 522 887 prodeant
531 836 606 881 ,five
612 835 656 872 ab
669 835 969 880 aereattrahmtur,
981 847 1038 870 aut
1049 832 1297 884 quiddam-sitin
1308 844 1397 876 aere,
1406 831 1498 880 quod

99 886 135 921 in
149 889 255 921 varias
271 884 382 927 ‘rerum
395 898 524 923 naturas
541 884 684 923 faceffat.
835 886 837 888 ’

84 931 98 936 '⁴
115 930 452 984 »Existimatquidem
466 938 700 986 P--Magnanus
713 937 745 971 in
763 936 827 972 hoc
842 946 919 971 aere
933 934 1139 984 quorundam
1149 931 1353 971 mineralium
1362 937 1396 970 δε
1406 931 1500 982 plan-

80 980 231 1030 ararum,
253 997 296 1022 ne
320 986 433 1022 ‚dicam
459 986 648 1023 animalium
670 998 741 1033 quae
763 998 802 1021 ex
827 987 999 1034 putredine
1022 982 1194 1021 nascuntur
1216 983 1355 1027 semina,
1371 994 1425 1017 aut
1438 982 1498 1031 spi-

94 1036 176 1077 ritus
189 1061 191 1063 ·
205 1035 372 1072 halituum.
385 1035 492 1085 specie
509 1033 655 1072 inclusos'
670 1034 874 1072 delitescere.
899 1035 1004 1086 Qd
1021 1046 1105 1070 terra
1123 1036 1217 1082 virgo
1230 1062 1239 1076 ‚
1253 1043 1288 1070 ut
1305 1034 1413 1075 aiunt,
1429 1044 1499 1079 qux

94 1084 178 1120 nihil
190 1097 334 1133 unquam
345 1084 464 1122 extulit
473 1113 484 1129 ‚
500 1097 633 1133 quaeque
644 1085 662 1121 ὲ
672 1085 886 1134 profundiore
898 1084 995 1133 specu
1016 1084 1079 1120 fixit
1090 1095 1190 1126 eruta,
1205 1088 1239 1121 &
1251 1084 1319 1117 aeri
1337 1080 1495 1129 exposita,

71 1164 78 1176 ‚
95 1133 249 1180 quasdam
261 1132 378 1169 herbas
392 1134 478 1169 ultro
488 1134 636 1171 effimdat
646 1163 655 1177 ,
675 1133 791 1182 easque
803 1135 963 1181 imprimis
973 1145 1044 1180 quae
1052 1134 1087 1166 in
1098 1135 1137 1171 iis
1154 1132 1235 1168 locis
1246 1130 1425 1167 nascuntur.
1443 1132 1496 1166 Sic

78 1216 81 1218 .
95 1182 266 1218 vitriolum
276 1195 314 1218 ex
332 1196 400 1231 quo
413 1189 449 1221 &
465 1196 550 1232 aqua
565 1212 574 1227 ‚
586 1182 739 1220 &oleum
755 1212 765 1226 ‚
774 1189 807 1220 &
824 1182 949 1231 spiritus
961 1181 1106 1229 extra&a
1130 1179 1203 1225 sunt
1214 1178 1291 1224 ‚sub
1303 1181 1360 1214 dio
1371 1178 1496 1228 exposi-

76 1271 79 1274 Α
94 1240 165 1266 tum
175 1231 320 1275 ,novum
329 1231 453 1280 spiritus
462 1262 472 1276 ,
485 1245 578 1280 aquae
592 1236 627 1268 δι’.
639 1231 703 1266 olei
715 1242 911 1280 proventum
921 1231 1022 1265 trahit
1036 1242 1076 1265 ex
1099 1241 1172 1264 aere
1197 1228 1399 1264 circumfuso.
1422 1231 1496 1264 Imo

89 1291 195 1329 prope
213 1283 379 1316 Lutetiam
389 1281 482 1317 multi
499 1281 571 1317 sunt
588 1280 711 1329 lapides
724 1282 830 1329 nigri,
848 1285 882 1317 ὅ(
898 1279 1014 1328 politi,
1024 1281 1080 1327 qui
1094 1280 1287 1314 comminuti
1301 1280 1333 1313 in
1345 1277 1492 1321 frustula,

87 1333 203 1366 &aeri
213 1329 252 1365 sic
267 1329 399 1380 expositi
413 1360 423 1375 ,
438 1343 475 1367 ut
489 1331 510 1368 ἐι
523 1331 634 1380 pluvia
651 1331 713 1365 tuti
727 1329 786 1366 sint
796 1359 807 1375 ,
822 1331 856 1366 in
873 1328 1041 1366 vittiolum
1053 1328 1157 1365 viride
1180 1356 1191 1371 ‚
1205 1339 1245 1362 ex
1271 1340 1337 1376 quo
1356 1324 1492 1363 efficitur

90 1389 312 1416 atramentum
324 1408 335 1424 ,
351 1393 601 1418 convertuntur.
894 1377 897 1381 ’
1120 1401 1147 1423 w*

127 1427 214 1463 Illud
230 1440 340 1465 tamen
352 1431 436 1466 mihi
452 1430 576 1480 prorsus
595 1429 725 1466 videtur
739 1429 934 1466 incredibile
957 1428 1083 1477 ubique
1100 1430 1136 1464 in
1153 1439 1227 1463 aere
1242 1426 1364 1462 virrioli
1382 1441 1413 1464 v.
1440 1440 1485 1476 gr.

90 1475 234 1523 semina,
250 1490 306 1514 aut
323 1479 446 1528 spiritus
458 1479 659 1516 delitescere.
674 1483 799 1515 Verum
819 1480 852 1515 id
876 1478 1022 1516 efficiunt
1035 1478 1112 1514 sales
1131 1477 1283 1513 volatiles
1301 1475 1418 1525 quibus
1436 1489 1491 1512 aer

88 1525 235 1578 abundat
248 1557 260 1573 ,
285 1532 409 1577 quique
428 1532 520 1565 mixti
536 1528 704 1579 cujussibet
727 1541 876 1566 naturam
897 1530 1038 1565 induunt
1057 1557 1065 1571 ‚
1081 1539 1118 1563 ut
1132 1527 1245 1576 ,postea
1262 1526 1416 1561 dicemus.
1437 1528 1491 1561 Sic

88 1576 210 1612 nitrum¹
221 1606 230 1621 ,
243 1589 299 1612 aut
313 1577 455 1626 salpetrae
473 1592 539 1614 non
553 1589 592 1613 ex
607 1578 750 1612 seminiis
763 1590 821 1625 per
834 1591 944 1613 aerem
958 1577 1078 1625 sparsis,
1093 1576 1146 1611 sed
1163 1589 1202 1613 ex
1219 1576 1285 1622 ipso
1303 1575 1391 1610 forte
1405 1575 1488 1624 lapi-

89 1623 168 1660 dum
179 1624 242 1660 sale
255 1625 435 1670 efflorescit,
451 1638 492 1661 eo
507 1639 574 1674 quo
589 1627 735 1660 dicemus
746 1626 847 1660 modo
864 1638 938 1661 cum
954 1626 994 1660 de
1009 1624 1166 1660 fenilibus
1185 1636 1330 1672 agemus.
1360 1626 1489 1661 Utcun-

88 1685 155 1720 que
167 1686 205 1708 ea
223 1687 272 1710 res
284 1673 320 1710 sit
334 1704 344 1718 ‚
355 1676 388 1710 id
405 1688 506 1711 unum
519 1674 646 1711 constat
657 1704 666 1719 ‚
684 1686 738 1710 eas
751 1672 814 1709 else
830 1677 865 1711 in
882 1687 958 1709 aere
979 1676 1064 1710 vires
1077 1703 1086 1717 ,
1099 1671 1217 1722 quibus
1236 1674 1341 1708 vitam
1362 1675 1488 1709 anima-

86 1721 168 1758 lium
181 1722 278 1758 fovet
291 1729 325 1760 &
345 1735 463 1760 tuetur.
491 1727 536 1760 Ex
552 1723 659 1767 calce,
683 1721 786 1772 gypso
810 1725 854 1758 du
871 1723 1044 1773 plastre&
1064 1721 1226 1772 plerisque
1251 1720 1413 1769 lapidibus
1433 1724 1487 1758 ni..

87 1782 172 1808 trum
187 1773 222 1816 ςὲ
234 1771 403 1808 marcafitis
415 1803 424 1817 ‚
441 1772 481 1808 fic
495 1784 617 1808 vocant
627 1784 726 1807 venas
741 1800 752 1815 ‚
769 1784 825 1807 aut
845 1771 969 1822 lapides
983 1785 1048 1816 ,ex
1070 1770 1191 1820 quibus
1216 1770 1385 1806 mineralia
1397 1784 1487 1819 quae-

85 1820 163 1856 dam
175 1822 511 1866 eruuntur‚vitrioium
528 1821 636 1865 elicit;
653 1822 780 1856 duriora
792 1834 933 1869 quaeque
952 1834 1089 1870 corpora
1104 1820 1271 1858 interdum
1282 1820 1422 1863 emollit,
1433 1832 1488 1857 aut

80 1869 254 1920 fragiliora
264 1870 375 1909 efficit.
392 1875 450 1908 Sic
461 1871 591 1907 testatur
607 1871 730 1906 illustris
742 1871 868 1906 Author
884 1870 973 1908 Rob.
985 1870 1086 1919 Boyle
1098 1873 1176 1918 ,qui
1195 1882 1239 1905 nu
1264 1881 1298 1904 er
1319 1869 1360 1905 de
1375 1869 1487 1905 occul-

86 1920 128 1954 tis
145 1922 229 1954 aeris
241 1920 364 1956 viribus
375 1920 492 1969 scripfit
506 1949 516 1964 ,
529 1919 560 1955 se
573 1919 616 1956 ab
628 1920 786 1956 industrio
797 1919 923 1956 artifice
934 1920 1102 1970 accepiffe,
1115 1882 1291 1955 novaculas
1303 1918 1358 1953 des
1370 1921 1486 1965 rasbirs

84 1967 256 2016 &chalybe
271 1970 475 2006 Damasceno
489 1969 591 2005 factas
606 1969 796 2018 plerumque
811 1969 883 2005 aliis
896 1968 957 2006 effe
976 1969 1154 2005 deteriores
1166 1998 1176 2014 ,
1195 1966 1251 2004 nifi
1269 1980 1324 2017 per
1357 1967 1487 2016 aliquot

85 2028 190 2071 annos
202 2020 269 2052 aeri
281 2031 493 2067 exponantur.
512 2019 575 2054 Sed
591 2019 679 2056 forte
698 2019 829 2070 longius
839 2032 941 2069 quam
959 2032 1016 2070 par
1033 2018 1070 2056 sit
1083 2048 1094 2066 ,
1108 2020 1305 2056 excurrimus
1325 2046 1336 2063 ,
1355 2016 1483 2067 reliqua

87 2066 186 2118 igitur
210 2065 376 2117 elementa
399 2080 606 2117 exequamur.

1231 2404 1301 2451 ιιι]
