<?xml version="1.0" encoding="UTF-8"?>
<!DOCTYPE html PUBLIC "-//W3C//DTD XHTML 1.0 Transitional//EN"
    "http://www.w3.org/TR/xhtml1/DTD/xhtml1-transitional.dtd">
<html xmlns="http://www.w3.org/1999/xhtml" xml:lang="en" lang="en">
 <head>
  <title>
</title>
<meta http-equiv="Content-Type" content="text/html;charset=utf-8" />
  <meta name='ocr-system' content='tesseract 3.04.00' />
  <meta name='ocr-capabilities' content='ocr_page ocr_carea ocr_par ocr_line ocrx_word'/>
</head>
<body>
  <div class='ocr_page' id='page_1' title='image "./philosophiavetus02duhauoft_0375.png"; bbox 0 0 1878 2724; ppageno 0'>
   <div class='ocr_carea' id='block_1_1' title="bbox 55 133 1434 476">
    <p class='ocr_par' dir='ltr' id='par_1_1' title="bbox 513 133 1434 175">
     <span class='ocr_line' id='line_1_1' title="bbox 513 133 1434 175; baseline 0.003 -3"><span class='ocrx_word' id='word_1_1' title='bbox 513 133 952 173; x_wconf 55' lang='lat' dir='ltr'><strong>DYM&#39;ETEORIS.</strong></span> <span class='ocrx_word' id='word_1_2' title='bbox 1389 148 1434 175; x_wconf 62' lang='grc' dir='ltr'>’δ’</span> 
     </span>
    </p>

    <p class='ocr_par' dir='ltr' id='par_1_2' title="bbox 66 165 1434 234">
     <span class='ocr_line' id='line_1_2' title="bbox 66 165 1434 234; baseline -0.001 -10"><span class='ocrx_word' id='word_1_3' title='bbox 66 187 170 230; x_wconf 84' lang='lat' dir='ltr'>tillas,</span> <span class='ocrx_word' id='word_1_4' title='bbox 188 191 320 224; x_wconf 85' lang='lat' dir='ltr'>&amp;mare</span> <span class='ocrx_word' id='word_1_5' title='bbox 331 183 612 234; x_wconf 88' lang='lat' dir='ltr'>Septentrionale,</span> <span class='ocrx_word' id='word_1_6' title='bbox 631 184 750 220; x_wconf 85' lang='lat' dir='ltr'>ubivia</span> <span class='ocrx_word' id='word_1_7' title='bbox 769 185 814 219; x_wconf 85' lang='lat' dir='ltr'>est</span> <span class='ocrx_word' id='word_1_8' title='bbox 833 185 988 229; x_wconf 82' lang='lat' dir='ltr'>liberior,</span> <span class='ocrx_word' id='word_1_9' title='bbox 1002 186 1205 234; x_wconf 79' lang='lat' dir='ltr'>protruditur.</span> <span class='ocrx_word' id='word_1_10' title='bbox 1388 167 1399 186; x_wconf 55' lang='lat'>⁹</span> <span class='ocrx_word' id='word_1_11' title='bbox 1422 165 1434 185; x_wconf 58' lang='lat'>⁹</span> 
     </span>
    </p>

    <p class='ocr_par' dir='ltr' id='par_1_3' title="bbox 81 233 1434 286">
     <span class='ocr_line' id='line_1_3' title="bbox 81 233 1434 286; baseline 0.001 -15"><span class='ocrx_word' id='word_1_12' title='bbox 81 250 120 282; x_wconf 71' lang='lat'>3:—</span> <span class='ocrx_word' id='word_1_13' title='bbox 147 238 295 284; x_wconf 77' lang='lat' dir='ltr'>lugentes</span> <span class='ocrx_word' id='word_1_14' title='bbox 312 233 403 269; x_wconf 88' lang='lat' dir='ltr'>fluvii</span> <span class='ocrx_word' id='word_1_15' title='bbox 414 246 485 269; x_wconf 90' lang='lat' dir='ltr'>cum</span> <span class='ocrx_word' id='word_1_16' title='bbox 495 233 567 268; x_wconf 88' lang='lat' dir='ltr'>sein</span> <span class='ocrx_word' id='word_1_17' title='bbox 577 246 664 268; x_wconf 88' lang='lat' dir='ltr'>mare</span> <span class='ocrx_word' id='word_1_18' title='bbox 675 246 854 270; x_wconf 81' lang='lat' dir='ltr'>exonerant</span> <span class='ocrx_word' id='word_1_19' title='bbox 865 263 875 275; x_wconf 88' lang='lat'>,</span> <span class='ocrx_word' id='word_1_20' title='bbox 894 245 1011 281; x_wconf 78' lang='lat' dir='ltr'>aquam</span> <span class='ocrx_word' id='word_1_21' title='bbox 1027 234 1216 283; x_wconf 86' lang='lat' dir='ltr'>plerumque</span> <span class='ocrx_word' id='word_1_22' title='bbox 1239 235 1278 270; x_wconf 82' lang='lat' dir='ltr'>ad</span> <span class='ocrx_word' id='word_1_23' title='bbox 1309 236 1434 286; x_wconf 78' lang='lat' dir='ltr'>aliquot</span> 
     </span>
    </p>

    <p class='ocr_par' dir='ltr' id='par_1_4' title="bbox 61 281 1432 335">
     <span class='ocr_line' id='line_1_4' title="bbox 61 281 1432 335; baseline 0 -15"><span class='ocrx_word' id='word_1_24' title='bbox 61 285 158 331; x_wconf 88' lang='lat' dir='ltr'>usque</span> <span class='ocrx_word' id='word_1_25' title='bbox 181 284 329 318; x_wconf 79' lang='lat' dir='ltr'>milliaria</span> <span class='ocrx_word' id='word_1_26' title='bbox 346 284 367 318; x_wconf 69' lang='grc' dir='ltr'>ἐι</span> <span class='ocrx_word' id='word_1_27' title='bbox 386 281 546 317; x_wconf 80' lang='lat' dir='ltr'>littoribus</span> <span class='ocrx_word' id='word_1_28' title='bbox 565 283 723 331; x_wconf 86' lang='lat' dir='ltr'>repellunt</span> <span class='ocrx_word' id='word_1_29' title='bbox 740 297 748 318; x_wconf 92' lang='lat'><strong>:</strong></span> <span class='ocrx_word' id='word_1_30' title='bbox 766 285 853 319; x_wconf 78' lang='lat' dir='ltr'>Utin</span> <span class='ocrx_word' id='word_1_31' title='bbox 873 283 981 319; x_wconf 83' lang='lat' dir='ltr'>Africa</span> <span class='ocrx_word' id='word_1_32' title='bbox 995 312 1004 327; x_wconf 92' lang='lat'>,</span> <span class='ocrx_word' id='word_1_33' title='bbox 1019 285 1051 317; x_wconf 91' lang='lat' dir='ltr'>in</span> <span class='ocrx_word' id='word_1_34' title='bbox 1063 295 1161 331; x_wconf 82' lang='lat' dir='ltr'>regno</span> <span class='ocrx_word' id='word_1_35' title='bbox 1171 285 1277 332; x_wconf 86' lang='lat' dir='ltr'>Congi</span> <span class='ocrx_word' id='word_1_36' title='bbox 1294 291 1432 335; x_wconf 87' lang='lat' dir='ltr'>majores</span> 
     </span>
    </p>

    <p class='ocr_par' dir='ltr' id='par_1_5' title="bbox 55 331 1434 380">
     <span class='ocr_line' id='line_1_5' title="bbox 55 331 1434 380; baseline -0.001 -12"><span class='ocrx_word' id='word_1_37' title='bbox 55 331 169 375; x_wconf 70' lang='lat' dir='ltr'>fluvii,</span> <span class='ocrx_word' id='word_1_38' title='bbox 179 343 215 365; x_wconf 90' lang='lat' dir='ltr'>ut</span> <span class='ocrx_word' id='word_1_39' title='bbox 227 334 330 367; x_wconf 65' lang='lat' dir='ltr'>Z.2:re</span> <span class='ocrx_word' id='word_1_40' title='bbox 341 338 374 370; x_wconf 73' lang='grc' dir='ltr'>δε</span> <span class='ocrx_word' id='word_1_41' title='bbox 386 344 473 367; x_wconf 80' lang='lat' dir='ltr'>mare</span> <span class='ocrx_word' id='word_1_42' title='bbox 483 343 554 365; x_wconf 85' lang='lat' dir='ltr'>cum</span> <span class='ocrx_word' id='word_1_43' title='bbox 565 333 836 379; x_wconf 85' lang='lat' dir='ltr'>impetuirruunt‚</span> <span class='ocrx_word' id='word_1_44' title='bbox 850 334 948 380; x_wconf 88' lang='lat' dir='ltr'>idque</span> <span class='ocrx_word' id='word_1_45' title='bbox 956 333 995 365; x_wconf 90' lang='lat' dir='ltr'>ad</span> <span class='ocrx_word' id='word_1_46' title='bbox 1008 345 1040 367; x_wconf 85' lang='lat'>12</span> <span class='ocrx_word' id='word_1_47' title='bbox 1053 332 1201 367; x_wconf 86' lang='lat' dir='ltr'>milliaria</span> <span class='ocrx_word' id='word_1_48' title='bbox 1214 334 1371 369; x_wconf 84' lang='lat' dir='ltr'>interdum</span> <span class='ocrx_word' id='word_1_49' title='bbox 1382 347 1434 370; x_wconf 88' lang='lat' dir='ltr'>re-</span> 
     </span>
    </p>

    <p class='ocr_par' dir='ltr' id='par_1_6' title="bbox 56 378 1434 476">
     <span class='ocr_line' id='line_1_6' title="bbox 56 378 1434 430; baseline 0 -15"><span class='ocrx_word' id='word_1_50' title='bbox 56 380 184 430; x_wconf 84' lang='lat' dir='ltr'>-pellunt</span> <span class='ocrx_word' id='word_1_51' title='bbox 203 394 215 425; x_wconf 13' lang='grc' dir='ltr'>εγ</span> <span class='ocrx_word' id='word_1_52' title='bbox 235 380 287 416; x_wconf 88' lang='lat' dir='ltr'>sed</span> <span class='ocrx_word' id='word_1_53' title='bbox 306 393 397 416; x_wconf 85' lang='lat' dir='ltr'>venti</span> <span class='ocrx_word' id='word_1_54' title='bbox 425 380 579 428; x_wconf 87' lang='lat' dir='ltr'>periodici</span> <span class='ocrx_word' id='word_1_55' title='bbox 591 408 601 423; x_wconf 92' lang='lat'>‚</span> <span class='ocrx_word' id='word_1_56' title='bbox 629 378 680 414; x_wconf 89' lang='lat' dir='ltr'>seu</span> <span class='ocrx_word' id='word_1_57' title='bbox 697 381 897 415; x_wconf 73' lang='lat' dir='ltr'>anniversarii</span> <span class='ocrx_word' id='word_1_58' title='bbox 912 392 1061 427; x_wconf 83' lang='lat' dir='ltr'>magnam</span> <span class='ocrx_word' id='word_1_59' title='bbox 1082 383 1113 417; x_wconf 90' lang='lat' dir='ltr'>in</span> <span class='ocrx_word' id='word_1_60' title='bbox 1132 383 1258 417; x_wconf 81' lang='lat' dir='ltr'>Oceani</span> <span class='ocrx_word' id='word_1_61' title='bbox 1273 393 1362 418; x_wconf 87' lang='lat' dir='ltr'>motu</span> <span class='ocrx_word' id='word_1_62' title='bbox 1376 394 1434 418; x_wconf 81' lang='lat' dir='ltr'>va.</span> 
     </span>
     <span class='ocr_line' id='line_1_7' title="bbox 56 427 1004 476; baseline 0 -12"><span class='ocrx_word' id='word_1_63' title='bbox 56 431 209 465; x_wconf 68' lang='lat' dir='ltr'>rietatem</span> <span class='ocrx_word' id='word_1_64' title='bbox 223 430 394 473; x_wconf 89' lang='lat' dir='ltr'>inducunt,</span> <span class='ocrx_word' id='word_1_65' title='bbox 414 430 454 464; x_wconf 90' lang='lat' dir='ltr'>de</span> <span class='ocrx_word' id='word_1_66' title='bbox 469 427 583 476; x_wconf 79' lang='lat' dir='ltr'>quibus</span> <span class='ocrx_word' id='word_1_67' title='bbox 603 441 680 464; x_wconf 90' lang='lat' dir='ltr'>mox</span> <span class='ocrx_word' id='word_1_68' title='bbox 700 430 760 463; x_wconf 87' lang='lat' dir='ltr'>erit</span> <span class='ocrx_word' id='word_1_69' title='bbox 782 429 1004 465; x_wconf 79' lang='lat' dir='ltr'>differendum.</span> 
     </span>
    </p>
   </div>
   <div class='ocr_carea' id='block_1_2' title="bbox 546 525 907 564">
    <p class='ocr_par' dir='ltr' id='par_1_7' title="bbox 546 525 907 564">
     <span class='ocr_line' id='line_1_8' title="bbox 546 525 907 564; baseline 0.003 -4"><span class='ocrx_word' id='word_1_70' title='bbox 546 525 782 564; x_wconf 80' lang='lat' dir='ltr'>CAPUT</span> <span class='ocrx_word' id='word_1_71' title='bbox 822 527 907 561; x_wconf 83' lang='lat' dir='ltr'>VI.-</span> 
     </span>
    </p>
   </div>
   <div class='ocr_carea' id='block_1_3' title="bbox 636 626 848 661">
    <p class='ocr_par' dir='ltr' id='par_1_8' title="bbox 636 626 848 661">
     <span class='ocr_line' id='line_1_9' title="bbox 636 626 848 661; baseline 0.014 -3"><span class='ocrx_word' id='word_1_72' title='bbox 636 627 689 659; x_wconf 87' lang='lat' dir='ltr'>De</span> <span class='ocrx_word' id='word_1_73' title='bbox 710 626 848 661; x_wconf 56' lang='lat' dir='ltr'>Vemin·</span> 
     </span>
    </p>
   </div>
   <div class='ocr_carea' id='block_1_4' title="bbox 46 725 1443 2474">
    <p class='ocr_par' dir='ltr' id='par_1_9' title="bbox 151 725 1437 776">
     <span class='ocr_line' id='line_1_10' title="bbox 151 725 1437 776; baseline 0 -12"><span class='ocrx_word' id='word_1_74' title='bbox 151 731 176 764; x_wconf 84' lang='lat' dir='ltr'><strong>E</strong></span> <span class='ocrx_word' id='word_1_75' title='bbox 196 738 369 764; x_wconf 83' lang='lat' dir='ltr'>ventorum</span> <span class='ocrx_word' id='word_1_76' title='bbox 384 727 554 775; x_wconf 79' lang='lat' dir='ltr'>origine&amp;</span> <span class='ocrx_word' id='word_1_77' title='bbox 576 725 803 761; x_wconf 62' lang='lat' dir='ltr'>affectionibus</span> <span class='ocrx_word' id='word_1_78' title='bbox 821 737 933 760; x_wconf 88' lang='lat' dir='ltr'>omnes</span> <span class='ocrx_word' id='word_1_79' title='bbox 958 738 1042 775; x_wconf 87' lang='lat' dir='ltr'>pene</span> <span class='ocrx_word' id='word_1_80' title='bbox 1063 727 1248 776; x_wconf 80' lang='lat' dir='ltr'>Philosophi</span> <span class='ocrx_word' id='word_1_81' title='bbox 1263 740 1335 763; x_wconf 88' lang='lat' dir='ltr'>cum</span> <span class='ocrx_word' id='word_1_82' title='bbox 1348 740 1437 764; x_wconf 85' lang='lat' dir='ltr'>vete-</span> 
     </span>
    </p>

    <p class='ocr_par' dir='ltr' id='par_1_10' title="bbox 58 731 1440 1397">
     <span class='ocr_line' id='line_1_11' title="bbox 58 731 1434 827; baseline -0.001 -14"><span class='ocrx_word' id='word_1_83' title='bbox 58 731 220 820; x_wconf 81' lang='lat' dir='ltr'>Dres,</span> <span class='ocrx_word' id='word_1_84' title='bbox 233 788 300 812; x_wconf 89' lang='lat' dir='ltr'>tum</span> <span class='ocrx_word' id='word_1_85' title='bbox 313 777 506 810; x_wconf 79' lang='lat' dir='ltr'>recentiores</span> <span class='ocrx_word' id='word_1_86' title='bbox 526 774 752 818; x_wconf 81' lang='lat' dir='ltr'>differuerunt,</span> <span class='ocrx_word' id='word_1_87' title='bbox 768 779 801 811; x_wconf 66' lang='grc' dir='ltr'>ὅ(</span> <span class='ocrx_word' id='word_1_88' title='bbox 812 787 908 809; x_wconf 89' lang='lat' dir='ltr'>nemo</span> <span class='ocrx_word' id='word_1_89' title='bbox 925 775 994 810; x_wconf 91' lang='lat' dir='ltr'>fere</span> <span class='ocrx_word' id='word_1_90' title='bbox 1015 789 1053 812; x_wconf 87' lang='lat' dir='ltr'>ex</span> <span class='ocrx_word' id='word_1_91' title='bbox 1074 780 1110 811; x_wconf 89' lang='lat' dir='ltr'>iis</span> <span class='ocrx_word' id='word_1_92' title='bbox 1128 791 1192 813; x_wconf 88' lang='lat' dir='ltr'>non</span> <span class='ocrx_word' id='word_1_93' title='bbox 1223 777 1343 824; x_wconf 85' lang='lat' dir='ltr'>aliquid</span> <span class='ocrx_word' id='word_1_94' title='bbox 1360 792 1434 827; x_wconf 88' lang='lat' dir='ltr'>pro-</span> 
     </span>
     <span class='ocr_line' id='line_1_12' title="bbox 60 823 1437 873; baseline 0.001 -12"><span class='ocrx_word' id='word_1_95' title='bbox 60 825 169 861; x_wconf 81' lang='lat' dir='ltr'>babile</span> <span class='ocrx_word' id='word_1_96' title='bbox 178 825 287 861; x_wconf 86' lang='lat' dir='ltr'>salrem</span> <span class='ocrx_word' id='word_1_97' title='bbox 300 824 430 860; x_wconf 80' lang='lat' dir='ltr'>attulit:</span> <span class='ocrx_word' id='word_1_98' title='bbox 448 823 570 858; x_wconf 86' lang='lat' dir='ltr'>tametfi</span> <span class='ocrx_word' id='word_1_99' title='bbox 583 825 777 873; x_wconf 72' lang='lat' dir='ltr'>recentiores</span> <span class='ocrx_word' id='word_1_100' title='bbox 795 835 831 857; x_wconf 84' lang='lat' dir='ltr'>ex</span> <span class='ocrx_word' id='word_1_101' title='bbox 843 827 1020 860; x_wconf 88' lang='lat' dir='ltr'>Nautarum</span> <span class='ocrx_word' id='word_1_102' title='bbox 1046 825 1255 862; x_wconf 67' lang='lat' dir='ltr'>relationibus</span> <span class='ocrx_word' id='word_1_103' title='bbox 1278 839 1347 860; x_wconf 85' lang='lat' dir='ltr'>rem</span> <span class='ocrx_word' id='word_1_104' title='bbox 1366 841 1437 862; x_wconf 86' lang='lat' dir='ltr'>om-</span> 
     </span>
     <span class='ocr_line' id='line_1_13' title="bbox 60 873 1438 923; baseline 0 -13"><span class='ocrx_word' id='word_1_105' title='bbox 60 887 137 910; x_wconf 86' lang='lat' dir='ltr'>nem</span> <span class='ocrx_word' id='word_1_106' title='bbox 150 874 329 923; x_wconf 84' lang='lat' dir='ltr'>diligentius</span> <span class='ocrx_word' id='word_1_107' title='bbox 342 873 566 920; x_wconf 79' lang='lat' dir='ltr'>expenderint.</span> <span class='ocrx_word' id='word_1_108' title='bbox 581 874 629 906; x_wconf 87' lang='lat' dir='ltr'>Ac</span> <span class='ocrx_word' id='word_1_109' title='bbox 641 883 755 921; x_wconf 82' lang='lat' dir='ltr'>praeter</span> <span class='ocrx_word' id='word_1_110' title='bbox 768 883 899 906; x_wconf 67' lang='lat' dir='ltr'>caeteros</span> <span class='ocrx_word' id='word_1_111' title='bbox 910 877 1018 920; x_wconf 84' lang='lat' dir='ltr'>paucis</span> <span class='ocrx_word' id='word_1_112' title='bbox 1035 874 1152 911; x_wconf 88' lang='lat' dir='ltr'>abhinc</span> <span class='ocrx_word' id='word_1_113' title='bbox 1163 878 1253 911; x_wconf 81' lang='lat' dir='ltr'>annis</span> <span class='ocrx_word' id='word_1_114' title='bbox 1275 877 1324 910; x_wconf 88' lang='lat' dir='ltr'>vir</span> <span class='ocrx_word' id='word_1_115' title='bbox 1333 877 1438 910; x_wconf 89' lang='lat' dir='ltr'>erudi-</span> 
     </span>
     <span class='ocr_line' id='line_1_14' title="bbox 62 920 1438 972; baseline 0.001 -14"><span class='ocrx_word' id='word_1_116' title='bbox 62 923 194 959; x_wconf 77' lang='lat' dir='ltr'>tiffimus</span> <span class='ocrx_word' id='word_1_117' title='bbox 216 922 307 958; x_wconf 90' lang='lat' dir='ltr'>Rob.</span> <span class='ocrx_word' id='word_1_118' title='bbox 325 922 442 957; x_wconf 87' lang='lat' dir='ltr'>Bohun</span> <span class='ocrx_word' id='word_1_119' title='bbox 455 920 649 969; x_wconf 80' lang='lat' dir='ltr'>peculiarem</span> <span class='ocrx_word' id='word_1_120' title='bbox 670 934 706 955; x_wconf 81' lang='lat' dir='ltr'>ea</span> <span class='ocrx_word' id='word_1_121' title='bbox 728 922 768 956; x_wconf 90' lang='lat' dir='ltr'>de</span> <span class='ocrx_word' id='word_1_122' title='bbox 790 933 824 955; x_wconf 90' lang='lat' dir='ltr'>re</span> <span class='ocrx_word' id='word_1_123' title='bbox 844 924 1013 957; x_wconf 63' lang='lat' dir='ltr'>traantum</span> <span class='ocrx_word' id='word_1_124' title='bbox 1035 924 1176 972; x_wconf 82' lang='lat' dir='ltr'>Anglico</span> <span class='ocrx_word' id='word_1_125' title='bbox 1196 924 1340 959; x_wconf 84' lang='lat' dir='ltr'>sermone</span> <span class='ocrx_word' id='word_1_126' title='bbox 1361 938 1438 960; x_wconf 60' lang='lat' dir='ltr'>con&lt;</span> 
     </span>
     <span class='ocr_line' id='line_1_15' title="bbox 59 969 1438 1021; baseline 0 -15"><span class='ocrx_word' id='word_1_127' title='bbox 59 970 207 1021; x_wconf 87' lang='lat' dir='ltr'>scriptum</span> <span class='ocrx_word' id='word_1_128' title='bbox 227 972 350 1013; x_wconf 83' lang='lat' dir='ltr'>edidit,</span> <span class='ocrx_word' id='word_1_129' title='bbox 369 983 406 1005; x_wconf 82' lang='lat' dir='ltr'>ex</span> <span class='ocrx_word' id='word_1_130' title='bbox 428 982 494 1017; x_wconf 88' lang='lat' dir='ltr'>quo</span> <span class='ocrx_word' id='word_1_131' title='bbox 506 969 662 1018; x_wconf 78' lang='lat' dir='ltr'>pleraque</span> <span class='ocrx_word' id='word_1_132' title='bbox 682 982 907 1016; x_wconf 82' lang='lat' dir='ltr'>excerpemus:</span> <span class='ocrx_word' id='word_1_133' title='bbox 926 983 1001 1006; x_wconf 84' lang='lat' dir='ltr'>nam</span> <span class='ocrx_word' id='word_1_134' title='bbox 1019 973 1045 1006; x_wconf 89' lang='lat' dir='ltr'>is</span> <span class='ocrx_word' id='word_1_135' title='bbox 1071 974 1216 1008; x_wconf 66' lang='lat' dir='ltr'>distincte</span> <span class='ocrx_word' id='word_1_136' title='bbox 1236 979 1271 1010; x_wconf 89' lang='lat'>&amp;</span> <span class='ocrx_word' id='word_1_137' title='bbox 1292 984 1438 1008; x_wconf 81' lang='lat' dir='ltr'>accurate</span> 
     </span>
     <span class='ocr_line' id='line_1_16' title="bbox 60 1017 1439 1068; baseline 0.001 -13"><span class='ocrx_word' id='word_1_138' title='bbox 60 1033 129 1056; x_wconf 88' lang='lat' dir='ltr'>rem</span> <span class='ocrx_word' id='word_1_139' title='bbox 148 1020 242 1055; x_wconf 87' lang='lat' dir='ltr'>valde</span> <span class='ocrx_word' id='word_1_140' title='bbox 263 1018 427 1054; x_wconf 87' lang='lat' dir='ltr'>obscuram</span> <span class='ocrx_word' id='word_1_141' title='bbox 453 1030 490 1053; x_wconf 86' lang='lat' dir='ltr'>ex</span> <span class='ocrx_word' id='word_1_142' title='bbox 516 1019 610 1053; x_wconf 88' lang='lat' dir='ltr'>licare</span> <span class='ocrx_word' id='word_1_143' title='bbox 630 1017 725 1052; x_wconf 88' lang='lat' dir='ltr'>nobis</span> <span class='ocrx_word' id='word_1_144' title='bbox 744 1019 885 1054; x_wconf 86' lang='lat' dir='ltr'>videtur.</span> <span class='ocrx_word' id='word_1_145' title='bbox 906 1022 1063 1068; x_wconf 86' lang='lat' dir='ltr'>Magnam</span> <span class='ocrx_word' id='word_1_146' title='bbox 1080 1034 1215 1068; x_wconf 87' lang='lat' dir='ltr'>quoque</span> <span class='ocrx_word' id='word_1_147' title='bbox 1235 1023 1340 1056; x_wconf 88' lang='lat' dir='ltr'>lucem</span> <span class='ocrx_word' id='word_1_148' title='bbox 1365 1023 1439 1057; x_wconf 88' lang='lat' dir='ltr'>huic</span> 
     </span>
     <span class='ocr_line' id='line_1_17' title="bbox 61 1067 1439 1118; baseline 0.001 -14"><span class='ocrx_word' id='word_1_149' title='bbox 61 1080 252 1118; x_wconf 82' lang='lat' dir='ltr'>argumento</span> <span class='ocrx_word' id='word_1_150' title='bbox 270 1068 378 1103; x_wconf 87' lang='lat' dir='ltr'>attulit</span> <span class='ocrx_word' id='word_1_151' title='bbox 391 1069 448 1103; x_wconf 87' lang='lat' dir='ltr'>Vir</span> <span class='ocrx_word' id='word_1_152' title='bbox 459 1067 489 1100; x_wconf 89' lang='lat' dir='ltr'>C</span> <span class='ocrx_word' id='word_1_153' title='bbox 505 1079 548 1102; x_wconf 85' lang='lat' dir='ltr'>ar.</span> <span class='ocrx_word' id='word_1_154' title='bbox 570 1069 617 1099; x_wconf 91' lang='lat' dir='ltr'>D.</span> <span class='ocrx_word' id='word_1_155' title='bbox 639 1069 802 1101; x_wconf 74' lang='lat' dir='ltr'>Marione</span> <span class='ocrx_word' id='word_1_156' title='bbox 816 1094 825 1109; x_wconf 95' lang='lat'>,</span> <span class='ocrx_word' id='word_1_157' title='bbox 843 1069 878 1102; x_wconf 89' lang='lat' dir='ltr'>in</span> <span class='ocrx_word' id='word_1_158' title='bbox 895 1070 1030 1103; x_wconf 57' lang='lat' dir='ltr'>traciam</span> <span class='ocrx_word' id='word_1_159' title='bbox 1042 1070 1187 1105; x_wconf 88' lang='lat' dir='ltr'>nondum</span> <span class='ocrx_word' id='word_1_160' title='bbox 1202 1071 1294 1105; x_wconf 86' lang='lat' dir='ltr'>edito</span> <span class='ocrx_word' id='word_1_161' title='bbox 1302 1071 1341 1104; x_wconf 88' lang='lat' dir='ltr'>de</span> <span class='ocrx_word' id='word_1_162' title='bbox 1358 1084 1439 1108; x_wconf 87' lang='lat' dir='ltr'>ven-</span> 
     </span>
     <span class='ocr_line' id='line_1_18' title="bbox 63 1114 1329 1164; baseline 0 -12"><span class='ocrx_word' id='word_1_163' title='bbox 63 1127 169 1152; x_wconf 84' lang='lat' dir='ltr'>torum</span> <span class='ocrx_word' id='word_1_164' title='bbox 186 1119 309 1164; x_wconf 85' lang='lat' dir='ltr'>origiue</span> <span class='ocrx_word' id='word_1_165' title='bbox 321 1144 332 1159; x_wconf 87' lang='lat'>‚</span> <span class='ocrx_word' id='word_1_166' title='bbox 349 1128 387 1150; x_wconf 84' lang='lat' dir='ltr'>ex</span> <span class='ocrx_word' id='word_1_167' title='bbox 404 1127 470 1162; x_wconf 86' lang='lat' dir='ltr'>quo</span> <span class='ocrx_word' id='word_1_168' title='bbox 495 1114 651 1150; x_wconf 85' lang='lat' dir='ltr'>nonnulla</span> <span class='ocrx_word' id='word_1_169' title='bbox 676 1125 804 1162; x_wconf 90' lang='lat' dir='ltr'>quoque</span> <span class='ocrx_word' id='word_1_170' title='bbox 821 1116 1049 1154; x_wconf 84' lang='lat' dir='ltr'>mutuabimur.</span> <span class='ocrx_word' id='word_1_171' title='bbox 1327 1133 1329 1137; x_wconf 95' lang='lat'>·</span> 
     </span>
     <span class='ocr_line' id='line_1_19' title="bbox 75 1165 1440 1214; baseline -0.001 -13"><span class='ocrx_word' id='word_1_172' title='bbox 75 1189 77 1191; x_wconf 88' lang='lat'>·</span> <span class='ocrx_word' id='word_1_173' title='bbox 96 1168 240 1202; x_wconf 86' lang='lat' dir='ltr'>Primum</span> <span class='ocrx_word' id='word_1_174' title='bbox 254 1166 388 1212; x_wconf 89' lang='lat' dir='ltr'>quidem</span> <span class='ocrx_word' id='word_1_175' title='bbox 401 1166 490 1198; x_wconf 87' lang='lat' dir='ltr'>venti</span> <span class='ocrx_word' id='word_1_176' title='bbox 511 1166 644 1198; x_wconf 85' lang='lat' dir='ltr'>nomine</span> <span class='ocrx_word' id='word_1_177' title='bbox 667 1175 779 1197; x_wconf 91' lang='lat' dir='ltr'>omnes</span> <span class='ocrx_word' id='word_1_178' title='bbox 797 1176 882 1211; x_wconf 87' lang='lat' dir='ltr'>pene</span> <span class='ocrx_word' id='word_1_179' title='bbox 900 1166 1086 1214; x_wconf 85' lang='lat' dir='ltr'>intelligunt</span> <span class='ocrx_word' id='word_1_180' title='bbox 1101 1165 1250 1201; x_wconf 82' lang='lat' dir='ltr'>sensibilis</span> <span class='ocrx_word' id='word_1_181' title='bbox 1268 1169 1347 1202; x_wconf 88' lang='lat' dir='ltr'>aeris</span> <span class='ocrx_word' id='word_1_182' title='bbox 1367 1181 1440 1203; x_wconf 72' lang='lat' dir='ltr'>mo„</span> 
     </span>
     <span class='ocr_line' id='line_1_20' title="bbox 65 1210 1440 1261; baseline 0.001 -12"><span class='ocrx_word' id='word_1_183' title='bbox 65 1227 133 1250; x_wconf 89' lang='lat' dir='ltr'>tum</span> <span class='ocrx_word' id='word_1_184' title='bbox 149 1244 157 1258; x_wconf 89' lang='lat'>,</span> <span class='ocrx_word' id='word_1_185' title='bbox 168 1225 223 1249; x_wconf 86' lang='lat' dir='ltr'>aut</span> <span class='ocrx_word' id='word_1_186' title='bbox 233 1212 354 1248; x_wconf 86' lang='lat' dir='ltr'>fluxum</span> <span class='ocrx_word' id='word_1_187' title='bbox 365 1240 374 1256; x_wconf 89' lang='lat'>,</span> <span class='ocrx_word' id='word_1_188' title='bbox 385 1224 420 1246; x_wconf 92' lang='lat' dir='ltr'>ut</span> <span class='ocrx_word' id='word_1_189' title='bbox 432 1215 551 1246; x_wconf 82' lang='lat' dir='ltr'>Seneca</span> <span class='ocrx_word' id='word_1_190' title='bbox 562 1210 683 1247; x_wconf 86' lang='lat' dir='ltr'>definit.</span> <span class='ocrx_word' id='word_1_191' title='bbox 708 1211 799 1257; x_wconf 62' lang='lat' dir='ltr'>Qgid</span> <span class='ocrx_word' id='word_1_192' title='bbox 809 1215 892 1247; x_wconf 80' lang='lat' dir='ltr'>enim</span> <span class='ocrx_word' id='word_1_193' title='bbox 906 1241 915 1251; x_wconf 84' lang='lat'>,</span> <span class='ocrx_word' id='word_1_194' title='bbox 929 1215 1039 1261; x_wconf 89' lang='lat' dir='ltr'>inquit</span> <span class='ocrx_word' id='word_1_195' title='bbox 1052 1243 1062 1257; x_wconf 91' lang='lat'>,</span> <span class='ocrx_word' id='word_1_196' title='bbox 1072 1225 1187 1248; x_wconf 81' lang='lat' dir='ltr'>ventus</span> <span class='ocrx_word' id='word_1_197' title='bbox 1197 1215 1255 1258; x_wconf 80' lang='lat' dir='ltr'>nist</span> <span class='ocrx_word' id='word_1_198' title='bbox 1269 1228 1325 1250; x_wconf 77' lang='lat' dir='ltr'>aer</span> <span class='ocrx_word' id='word_1_199' title='bbox 1330 1215 1440 1261; x_wconf 82' lang='lat' dir='ltr'>fluens</span> 
     </span>
     <span class='ocr_line' id='line_1_21' title="bbox 63 1260 1438 1312; baseline 0 -14"><span class='ocrx_word' id='word_1_200' title='bbox 63 1266 199 1312; x_wconf 77' lang='lat' dir='ltr'>impetu,</span> <span class='ocrx_word' id='word_1_201' title='bbox 219 1273 274 1296; x_wconf 85' lang='lat' dir='ltr'>aut</span> <span class='ocrx_word' id='word_1_202' title='bbox 295 1263 398 1306; x_wconf 86' lang='lat' dir='ltr'>cursus</span> <span class='ocrx_word' id='word_1_203' title='bbox 418 1262 501 1294; x_wconf 81' lang='lat' dir='ltr'>aeris</span> <span class='ocrx_word' id='word_1_204' title='bbox 521 1262 727 1294; x_wconf 80' lang='lat' dir='ltr'>concitatior?</span> <span class='ocrx_word' id='word_1_205' title='bbox 746 1260 795 1295; x_wconf 79' lang='lat' dir='ltr'>Est</span> <span class='ocrx_word' id='word_1_206' title='bbox 812 1263 910 1295; x_wconf 83' lang='lat' dir='ltr'>etiam</span> <span class='ocrx_word' id='word_1_207' title='bbox 924 1275 1040 1297; x_wconf 63' lang='lat' dir='ltr'>ventus</span> <span class='ocrx_word' id='word_1_208' title='bbox 1056 1264 1138 1296; x_wconf 88' lang='lat' dir='ltr'>aeris</span> <span class='ocrx_word' id='word_1_209' title='bbox 1159 1268 1314 1312; x_wconf 84' lang='lat' dir='ltr'>majorem</span> <span class='ocrx_word' id='word_1_210' title='bbox 1331 1264 1438 1299; x_wconf 86' lang='lat' dir='ltr'>locum</span> 
     </span>
     <span class='ocr_line' id='line_1_22' title="bbox 62 1309 1438 1360; baseline 0.001 -13"><span class='ocrx_word' id='word_1_211' title='bbox 62 1312 243 1348; x_wconf 67' lang='lat' dir='ltr'>affeetantis</span> <span class='ocrx_word' id='word_1_212' title='bbox 260 1311 412 1360; x_wconf 76' lang='lat' dir='ltr'>agitatio:</span> <span class='ocrx_word' id='word_1_213' title='bbox 428 1321 500 1344; x_wconf 89' lang='lat' dir='ltr'>cum</span> <span class='ocrx_word' id='word_1_214' title='bbox 516 1311 603 1345; x_wconf 87' lang='lat' dir='ltr'>enim</span> <span class='ocrx_word' id='word_1_215' title='bbox 619 1309 697 1344; x_wconf 88' lang='lat' dir='ltr'>levis</span> <span class='ocrx_word' id='word_1_216' title='bbox 713 1309 755 1344; x_wconf 88' lang='lat' dir='ltr'>est</span> <span class='ocrx_word' id='word_1_217' title='bbox 769 1312 949 1345; x_wconf 86' lang='lat' dir='ltr'>commotio</span> <span class='ocrx_word' id='word_1_218' title='bbox 959 1314 1123 1355; x_wconf 84' lang='lat' dir='ltr'>aeris,tum</span> <span class='ocrx_word' id='word_1_219' title='bbox 1136 1323 1220 1357; x_wconf 83' lang='lat' dir='ltr'>aura,</span> <span class='ocrx_word' id='word_1_220' title='bbox 1235 1326 1302 1348; x_wconf 89' lang='lat' dir='ltr'>non</span> <span class='ocrx_word' id='word_1_221' title='bbox 1325 1324 1438 1349; x_wconf 87' lang='lat' dir='ltr'>ventus</span> 
     </span>
     <span class='ocr_line' id='line_1_23' title="bbox 67 1364 257 1397; baseline -0.005 0"><span class='ocrx_word' id='word_1_222' title='bbox 67 1364 257 1397; x_wconf 88' lang='lat' dir='ltr'>nominatur.</span> 
     </span>
    </p>

    <p class='ocr_par' dir='ltr' id='par_1_11' title="bbox 59 1407 1443 2379">
     <span class='ocr_line' id='line_1_24' title="bbox 92 1407 1439 1456; baseline -0.002 -10"><span class='ocrx_word' id='word_1_223' title='bbox 92 1425 135 1450; x_wconf 85' lang='lat'>20.</span> <span class='ocrx_word' id='word_1_224' title='bbox 152 1410 243 1455; x_wconf 78' lang='lat' dir='ltr'>Qid</span> <span class='ocrx_word' id='word_1_225' title='bbox 255 1421 361 1443; x_wconf 87' lang='lat' dir='ltr'>aerem</span> <span class='ocrx_word' id='word_1_226' title='bbox 372 1416 463 1443; x_wconf 88' lang='lat' dir='ltr'>tanto</span> <span class='ocrx_word' id='word_1_227' title='bbox 473 1409 596 1456; x_wconf 84' lang='lat' dir='ltr'>impetu</span> <span class='ocrx_word' id='word_1_228' title='bbox 608 1407 893 1456; x_wconf 79' lang='lat' dir='ltr'>percellat,merito</span> <span class='ocrx_word' id='word_1_229' title='bbox 904 1409 1197 1456; x_wconf 88' lang='lat' dir='ltr'>inquiritur,Placet</span> <span class='ocrx_word' id='word_1_230' title='bbox 1209 1410 1372 1446; x_wconf 87' lang='lat' dir='ltr'>Aristoteli</span> <span class='ocrx_word' id='word_1_231' title='bbox 1384 1423 1439 1446; x_wconf 80' lang='lat' dir='ltr'>ex-</span> 
     </span>
     <span class='ocr_line' id='line_1_25' title="bbox 61 1456 1439 1507; baseline 0.001 -14"><span class='ocrx_word' id='word_1_232' title='bbox 61 1458 261 1494; x_wconf 81' lang='lat' dir='ltr'>halationem</span> <span class='ocrx_word' id='word_1_233' title='bbox 274 1458 450 1493; x_wconf 86' lang='lat' dir='ltr'>terrestrem</span> <span class='ocrx_word' id='word_1_234' title='bbox 462 1484 471 1498; x_wconf 89' lang='lat'>,</span> <span class='ocrx_word' id='word_1_235' title='bbox 488 1469 543 1490; x_wconf 88' lang='lat' dir='ltr'>aut</span> <span class='ocrx_word' id='word_1_236' title='bbox 555 1456 678 1492; x_wconf 87' lang='lat' dir='ltr'>fumum</span> <span class='ocrx_word' id='word_1_237' title='bbox 690 1456 751 1492; x_wconf 80' lang='lat' dir='ltr'>effe</span> <span class='ocrx_word' id='word_1_238' title='bbox 765 1460 856 1492; x_wconf 87' lang='lat' dir='ltr'>venri</span> <span class='ocrx_word' id='word_1_239' title='bbox 870 1460 1037 1494; x_wconf 82' lang='lat' dir='ltr'>materiem</span> <span class='ocrx_word' id='word_1_240' title='bbox 1050 1472 1058 1494; x_wconf 86' lang='lat'>:</span> <span class='ocrx_word' id='word_1_241' title='bbox 1072 1470 1107 1493; x_wconf 89' lang='lat' dir='ltr'>ut</span> <span class='ocrx_word' id='word_1_242' title='bbox 1118 1458 1235 1507; x_wconf 82' lang='lat' dir='ltr'>pluviae</span> <span class='ocrx_word' id='word_1_243' title='bbox 1246 1487 1255 1501; x_wconf 91' lang='lat'>‚</span> <span class='ocrx_word' id='word_1_244' title='bbox 1267 1465 1300 1496; x_wconf 89' lang='lat'>&amp;</span> <span class='ocrx_word' id='word_1_245' title='bbox 1322 1463 1380 1496; x_wconf 89' lang='lat' dir='ltr'>nix</span> <span class='ocrx_word' id='word_1_246' title='bbox 1399 1473 1439 1495; x_wconf 81' lang='lat' dir='ltr'>ex</span> 
     </span>
     <span class='ocr_line' id='line_1_26' title="bbox 62 1505 1440 1557; baseline -0.002 -15"><span class='ocrx_word' id='word_1_247' title='bbox 62 1507 238 1557; x_wconf 80' lang='lat' dir='ltr'>vaporibus</span> <span class='ocrx_word' id='word_1_248' title='bbox 256 1505 469 1542; x_wconf 84' lang='lat' dir='ltr'>concrescunt.</span> <span class='ocrx_word' id='word_1_249' title='bbox 481 1506 606 1540; x_wconf 87' lang='lat' dir='ltr'>Contra</span> <span class='ocrx_word' id='word_1_250' title='bbox 621 1505 780 1540; x_wconf 73' lang='lat' dir='ltr'>Cartesius</span> <span class='ocrx_word' id='word_1_251' title='bbox 793 1518 908 1541; x_wconf 86' lang='lat' dir='ltr'>ventos</span> <span class='ocrx_word' id='word_1_252' title='bbox 918 1506 999 1541; x_wconf 91' lang='lat' dir='ltr'>nihil</span> <span class='ocrx_word' id='word_1_253' title='bbox 1020 1506 1080 1540; x_wconf 78' lang='lat' dir='ltr'>esse</span> <span class='ocrx_word' id='word_1_254' title='bbox 1100 1505 1156 1541; x_wconf 86' lang='lat' dir='ltr'>nisi</span> <span class='ocrx_word' id='word_1_255' title='bbox 1169 1507 1317 1542; x_wconf 87' lang='lat' dir='ltr'>dilatatos</span> <span class='ocrx_word' id='word_1_256' title='bbox 1339 1522 1440 1556; x_wconf 85' lang='lat' dir='ltr'>vapo-</span> 
     </span>
     <span class='ocr_line' id='line_1_27' title="bbox 61 1554 1441 1603; baseline 0.001 -13"><span class='ocrx_word' id='word_1_257' title='bbox 61 1567 110 1590; x_wconf 84' lang='lat' dir='ltr'>res</span> <span class='ocrx_word' id='word_1_258' title='bbox 125 1557 282 1592; x_wconf 84' lang='lat' dir='ltr'>existimat</span> <span class='ocrx_word' id='word_1_259' title='bbox 298 1568 394 1590; x_wconf 21' lang='lat' dir='ltr'>:icum</span> <span class='ocrx_word' id='word_1_260' title='bbox 409 1566 509 1602; x_wconf 84' lang='lat' dir='ltr'>vapor</span> <span class='ocrx_word' id='word_1_261' title='bbox 523 1554 618 1602; x_wconf 86' lang='lat' dir='ltr'>longe</span> <span class='ocrx_word' id='word_1_262' title='bbox 631 1557 731 1603; x_wconf 83' lang='lat' dir='ltr'>magis</span> <span class='ocrx_word' id='word_1_263' title='bbox 751 1567 849 1601; x_wconf 88' lang='lat' dir='ltr'>quam</span> <span class='ocrx_word' id='word_1_264' title='bbox 865 1554 1025 1589; x_wconf 82' lang='lat' dir='ltr'>exhalatio</span> <span class='ocrx_word' id='word_1_265' title='bbox 1043 1554 1120 1589; x_wconf 78' lang='lat' dir='ltr'>sicca</span> <span class='ocrx_word' id='word_1_266' title='bbox 1139 1554 1297 1590; x_wconf 82' lang='lat' dir='ltr'>dilatetur.</span> <span class='ocrx_word' id='word_1_267' title='bbox 1319 1560 1441 1591; x_wconf 86' lang='lat' dir='ltr'>Verum</span> 
     </span>
     <span class='ocr_line' id='line_1_28' title="bbox 59 1602 1442 1652; baseline 0.002 -14"><span class='ocrx_word' id='word_1_268' title='bbox 59 1605 92 1638; x_wconf 90' lang='lat' dir='ltr'>id</span> <span class='ocrx_word' id='word_1_269' title='bbox 112 1607 228 1640; x_wconf 82' lang='lat' dir='ltr'>merito</span> <span class='ocrx_word' id='word_1_270' title='bbox 248 1603 469 1639; x_wconf 86' lang='lat' dir='ltr'>contenderim</span> <span class='ocrx_word' id='word_1_271' title='bbox 488 1613 622 1638; x_wconf 87' lang='lat' dir='ltr'>ventum</span> <span class='ocrx_word' id='word_1_272' title='bbox 639 1602 831 1650; x_wconf 89' lang='lat' dir='ltr'>plerumque</span> <span class='ocrx_word' id='word_1_273' title='bbox 846 1603 905 1637; x_wconf 77' lang='lat' dir='ltr'>effe</span> <span class='ocrx_word' id='word_1_274' title='bbox 922 1603 1162 1638; x_wconf 85' lang='lat' dir='ltr'>exhalationem</span> <span class='ocrx_word' id='word_1_275' title='bbox 1178 1615 1299 1651; x_wconf 86' lang='lat' dir='ltr'>vapore</span> <span class='ocrx_word' id='word_1_276' title='bbox 1323 1608 1442 1652; x_wconf 88' lang='lat' dir='ltr'>permi-</span> 
     </span>
     <span class='ocr_line' id='line_1_29' title="bbox 61 1648 1241 1699; baseline 0.001 -13"><span class='ocrx_word' id='word_1_277' title='bbox 61 1653 140 1688; x_wconf 88' lang='lat' dir='ltr'>stam</span> <span class='ocrx_word' id='word_1_278' title='bbox 155 1669 165 1696; x_wconf 80' lang='lat'>3</span> <span class='ocrx_word' id='word_1_279' title='bbox 179 1656 247 1687; x_wconf 88' lang='lat' dir='ltr'>imo</span> <span class='ocrx_word' id='word_1_280' title='bbox 268 1652 430 1688; x_wconf 86' lang='lat' dir='ltr'>interdum</span> <span class='ocrx_word' id='word_1_281' title='bbox 449 1664 524 1685; x_wconf 87' lang='lat' dir='ltr'>eum</span> <span class='ocrx_word' id='word_1_282' title='bbox 541 1650 622 1685; x_wconf 90' lang='lat' dir='ltr'>nihil</span> <span class='ocrx_word' id='word_1_283' title='bbox 648 1648 708 1685; x_wconf 80' lang='lat' dir='ltr'>esse</span> <span class='ocrx_word' id='word_1_284' title='bbox 730 1662 845 1699; x_wconf 83' lang='lat' dir='ltr'>praeter</span> <span class='ocrx_word' id='word_1_285' title='bbox 872 1650 963 1699; x_wconf 69' lang='lat' dir='ltr'>ipsius</span> <span class='ocrx_word' id='word_1_286' title='bbox 991 1653 1072 1685; x_wconf 88' lang='lat' dir='ltr'>aeris</span> <span class='ocrx_word' id='word_1_287' title='bbox 1091 1650 1241 1688; x_wconf 63' lang='lat' dir='ltr'>fluxum.⁴</span> 
     </span>
     <span class='ocr_line' id='line_1_30' title="bbox 59 1700 1440 1748; baseline -0.001 -11"><span class='ocrx_word' id='word_1_288' title='bbox 59 1703 136 1737; x_wconf 86' lang='lat' dir='ltr'>Hoc</span> <span class='ocrx_word' id='word_1_289' title='bbox 163 1704 275 1744; x_wconf 88' lang='lat' dir='ltr'>enim,</span> <span class='ocrx_word' id='word_1_290' title='bbox 298 1710 334 1734; x_wconf 89' lang='lat' dir='ltr'>ut</span> <span class='ocrx_word' id='word_1_291' title='bbox 350 1702 396 1734; x_wconf 86' lang='lat' dir='ltr'>ait</span> <span class='ocrx_word' id='word_1_292' title='bbox 410 1702 531 1735; x_wconf 88' lang='lat' dir='ltr'>Seneca</span> <span class='ocrx_word' id='word_1_293' title='bbox 552 1727 562 1740; x_wconf 96' lang='lat'>‚</span> <span class='ocrx_word' id='word_1_294' title='bbox 588 1700 716 1734; x_wconf 82' lang='lat' dir='ltr'>interest</span> <span class='ocrx_word' id='word_1_295' title='bbox 735 1702 818 1735; x_wconf 89' lang='lat' dir='ltr'>inter</span> <span class='ocrx_word' id='word_1_296' title='bbox 833 1712 904 1735; x_wconf 88' lang='lat' dir='ltr'>aera</span> <span class='ocrx_word' id='word_1_297' title='bbox 927 1705 960 1737; x_wconf 65' lang='grc' dir='ltr'>ὃς</span> <span class='ocrx_word' id='word_1_298' title='bbox 983 1711 1115 1735; x_wconf 89' lang='lat' dir='ltr'>ventum</span> <span class='ocrx_word' id='word_1_299' title='bbox 1129 1730 1140 1744; x_wconf 91' lang='lat'>,</span> <span class='ocrx_word' id='word_1_300' title='bbox 1170 1700 1260 1748; x_wconf 86' lang='lat' dir='ltr'>quod</span> <span class='ocrx_word' id='word_1_301' title='bbox 1286 1703 1369 1737; x_wconf 86' lang='lat' dir='ltr'>inter</span> <span class='ocrx_word' id='word_1_302' title='bbox 1392 1702 1440 1737; x_wconf 86' lang='lat' dir='ltr'>la-</span> 
     </span>
     <span class='ocr_line' id='line_1_31' title="bbox 59 1746 1439 1799; baseline 0 -13"><span class='ocrx_word' id='word_1_303' title='bbox 59 1762 133 1785; x_wconf 85' lang='lat' dir='ltr'>cum</span> <span class='ocrx_word' id='word_1_304' title='bbox 145 1779 155 1794; x_wconf 90' lang='lat'>,</span> <span class='ocrx_word' id='word_1_305' title='bbox 171 1755 203 1786; x_wconf 73' lang='grc' dir='ltr'>δε</span> <span class='ocrx_word' id='word_1_306' title='bbox 222 1750 362 1785; x_wconf 84' lang='lat' dir='ltr'>flumen:</span> <span class='ocrx_word' id='word_1_307' title='bbox 380 1748 431 1783; x_wconf 90' lang='lat' dir='ltr'>sed</span> <span class='ocrx_word' id='word_1_308' title='bbox 445 1760 517 1795; x_wconf 82' lang='lat' dir='ltr'>quae</span> <span class='ocrx_word' id='word_1_309' title='bbox 539 1746 597 1781; x_wconf 82' lang='lat' dir='ltr'>sint</span> <span class='ocrx_word' id='word_1_310' title='bbox 611 1747 706 1782; x_wconf 82' lang='lat' dir='ltr'>causae</span> <span class='ocrx_word' id='word_1_311' title='bbox 722 1748 812 1798; x_wconf 86' lang='lat' dir='ltr'>hujus</span> <span class='ocrx_word' id='word_1_312' title='bbox 839 1751 1027 1798; x_wconf 80' lang='lat' dir='ltr'>agitationis</span> <span class='ocrx_word' id='word_1_313' title='bbox 1040 1778 1049 1792; x_wconf 86' lang='lat'>‚</span> <span class='ocrx_word' id='word_1_314' title='bbox 1082 1750 1219 1784; x_wconf 86' lang='lat' dir='ltr'>multum</span> <span class='ocrx_word' id='word_1_315' title='bbox 1253 1749 1439 1799; x_wconf 82' lang='lat' dir='ltr'>ambigitur.</span> 
     </span>
     <span class='ocr_line' id='line_1_32' title="bbox 59 1795 1440 1845; baseline -0.001 -12"><span class='ocrx_word' id='word_1_316' title='bbox 59 1799 161 1842; x_wconf 79' lang='lat' dir='ltr'>Qod</span> <span class='ocrx_word' id='word_1_317' title='bbox 172 1801 258 1833; x_wconf 87' lang='lat' dir='ltr'>enim</span> <span class='ocrx_word' id='word_1_318' title='bbox 269 1797 451 1833; x_wconf 87' lang='lat' dir='ltr'>Aristoteles</span> <span class='ocrx_word' id='word_1_319' title='bbox 471 1807 606 1832; x_wconf 87' lang='lat' dir='ltr'>ventum</span> <span class='ocrx_word' id='word_1_320' title='bbox 632 1809 671 1831; x_wconf 90' lang='lat' dir='ltr'>ex</span> <span class='ocrx_word' id='word_1_321' title='bbox 693 1795 871 1833; x_wconf 73' lang='lat' dir='ltr'>reflexione</span> <span class='ocrx_word' id='word_1_322' title='bbox 887 1809 940 1832; x_wconf 88' lang='lat' dir='ltr'>aut</span> <span class='ocrx_word' id='word_1_323' title='bbox 954 1796 1073 1832; x_wconf 88' lang='lat' dir='ltr'>resultu</span> <span class='ocrx_word' id='word_1_324' title='bbox 1091 1797 1206 1832; x_wconf 88' lang='lat' dir='ltr'>halitus</span> <span class='ocrx_word' id='word_1_325' title='bbox 1218 1826 1227 1840; x_wconf 91' lang='lat'>,</span> <span class='ocrx_word' id='word_1_326' title='bbox 1253 1801 1309 1845; x_wconf 86' lang='lat' dir='ltr'>qui</span> <span class='ocrx_word' id='word_1_327' title='bbox 1325 1801 1341 1835; x_wconf 78' lang='grc' dir='ltr'>ὲ</span> <span class='ocrx_word' id='word_1_328' title='bbox 1359 1812 1440 1835; x_wconf 83' lang='lat' dir='ltr'>terra</span> 
     </span>
     <span class='ocr_line' id='line_1_33' title="bbox 59 1845 1438 1895; baseline 0.001 -13"><span class='ocrx_word' id='word_1_329' title='bbox 59 1845 175 1882; x_wconf 85' lang='lat' dir='ltr'>sursum</span> <span class='ocrx_word' id='word_1_330' title='bbox 186 1846 321 1882; x_wconf 86' lang='lat' dir='ltr'>sublatus</span> <span class='ocrx_word' id='word_1_331' title='bbox 334 1845 378 1880; x_wconf 92' lang='lat' dir='ltr'>est</span> <span class='ocrx_word' id='word_1_332' title='bbox 393 1874 403 1888; x_wconf 93' lang='lat'>,</span> <span class='ocrx_word' id='word_1_333' title='bbox 420 1847 496 1880; x_wconf 89' lang='lat' dir='ltr'>oriri</span> <span class='ocrx_word' id='word_1_334' title='bbox 516 1846 662 1879; x_wconf 86' lang='lat' dir='ltr'>decernit</span> <span class='ocrx_word' id='word_1_335' title='bbox 672 1874 682 1889; x_wconf 93' lang='lat'>,</span> <span class='ocrx_word' id='word_1_336' title='bbox 705 1848 758 1880; x_wconf 80' lang='lat' dir='ltr'>vix</span> <span class='ocrx_word' id='word_1_337' title='bbox 773 1846 851 1880; x_wconf 89' lang='lat' dir='ltr'>illud</span> <span class='ocrx_word' id='word_1_338' title='bbox 865 1848 1064 1894; x_wconf 86' lang='lat' dir='ltr'>concipimus</span> <span class='ocrx_word' id='word_1_339' title='bbox 1077 1845 1133 1894; x_wconf 79' lang='lat' dir='ltr'>qui</span> <span class='ocrx_word' id='word_1_340' title='bbox 1149 1846 1218 1881; x_wconf 87' lang='lat' dir='ltr'>fieri</span> <span class='ocrx_word' id='word_1_341' title='bbox 1232 1846 1325 1895; x_wconf 87' lang='lat' dir='ltr'>posfit</span> <span class='ocrx_word' id='word_1_342' title='bbox 1338 1860 1372 1883; x_wconf 87' lang='lat' dir='ltr'>ur</span> <span class='ocrx_word' id='word_1_343' title='bbox 1382 1849 1438 1883; x_wconf 89' lang='lat' dir='ltr'>ha-</span> 
     </span>
     <span class='ocr_line' id='line_1_34' title="bbox 59 1893 1441 1942; baseline 0.001 -12"><span class='ocrx_word' id='word_1_344' title='bbox 59 1895 135 1934; x_wconf 82' lang='lat' dir='ltr'>litus</span> <span class='ocrx_word' id='word_1_345' title='bbox 147 1898 200 1942; x_wconf 91' lang='lat' dir='ltr'>qui</span> <span class='ocrx_word' id='word_1_346' title='bbox 210 1895 318 1931; x_wconf 80' lang='lat' dir='ltr'>senfim</span> <span class='ocrx_word' id='word_1_347' title='bbox 329 1895 459 1932; x_wconf 88' lang='lat' dir='ltr'>&amp;lente</span> <span class='ocrx_word' id='word_1_348' title='bbox 471 1893 660 1928; x_wconf 87' lang='lat' dir='ltr'>attolluntur</span> <span class='ocrx_word' id='word_1_349' title='bbox 675 1923 684 1936; x_wconf 88' lang='lat'>‚</span> <span class='ocrx_word' id='word_1_350' title='bbox 702 1905 792 1930; x_wconf 88' lang='lat' dir='ltr'>tanta</span> <span class='ocrx_word' id='word_1_351' title='bbox 800 1896 834 1929; x_wconf 85' lang='lat' dir='ltr'>vi</span> <span class='ocrx_word' id='word_1_352' title='bbox 845 1893 993 1931; x_wconf 81' lang='lat' dir='ltr'>resiliant.</span> <span class='ocrx_word' id='word_1_353' title='bbox 1012 1895 1138 1930; x_wconf 89' lang='lat' dir='ltr'>Deinde</span> <span class='ocrx_word' id='word_1_354' title='bbox 1147 1895 1226 1931; x_wconf 87' lang='lat' dir='ltr'>nulli</span> <span class='ocrx_word' id='word_1_355' title='bbox 1236 1894 1277 1930; x_wconf 90' lang='lat' dir='ltr'>ab</span> <span class='ocrx_word' id='word_1_356' title='bbox 1289 1898 1441 1940; x_wconf 82' lang='lat' dir='ltr'>Oceano,</span> 
     </span>
     <span class='ocr_line' id='line_1_35' title="bbox 61 1941 1441 1991; baseline 0.001 -13"><span class='ocrx_word' id='word_1_357' title='bbox 61 1942 237 1979; x_wconf 79' lang='lat' dir='ltr'>sed&#39;omnes</span> <span class='ocrx_word' id='word_1_358' title='bbox 249 1944 270 1979; x_wconf 74' lang='grc' dir='ltr'>ὲ</span> <span class='ocrx_word' id='word_1_359' title='bbox 284 1955 365 1978; x_wconf 86' lang='lat' dir='ltr'>terra</span> <span class='ocrx_word' id='word_1_360' title='bbox 380 1942 495 1978; x_wconf 79' lang='lat' dir='ltr'>flarent</span> <span class='ocrx_word' id='word_1_361' title='bbox 508 1945 616 1985; x_wconf 88' lang='lat' dir='ltr'>venti,</span> <span class='ocrx_word' id='word_1_362' title='bbox 639 1941 693 1978; x_wconf 81' lang='lat' dir='ltr'>fiii</span> <span class='ocrx_word' id='word_1_363' title='bbox 709 1956 774 1978; x_wconf 92' lang='lat' dir='ltr'>non</span> <span class='ocrx_word' id='word_1_364' title='bbox 792 1941 892 1978; x_wconf 81' lang='lat' dir='ltr'>effent</span> <span class='ocrx_word' id='word_1_365' title='bbox 905 1943 989 1978; x_wconf 88' lang='lat' dir='ltr'>aliud</span> <span class='ocrx_word' id='word_1_366' title='bbox 1006 1943 1105 1991; x_wconf 69' lang='lat' dir='ltr'>quarn</span> <span class='ocrx_word' id='word_1_367' title='bbox 1116 1942 1186 1979; x_wconf 85' lang='lat' dir='ltr'>ficci</span> <span class='ocrx_word' id='word_1_368' title='bbox 1204 1944 1221 1978; x_wconf 81' lang='grc' dir='ltr'>ὲ</span> <span class='ocrx_word' id='word_1_369' title='bbox 1237 1955 1319 1979; x_wconf 85' lang='lat' dir='ltr'>terra</span> <span class='ocrx_word' id='word_1_370' title='bbox 1338 1945 1441 1980; x_wconf 89' lang='lat' dir='ltr'>subla-</span> 
     </span>
     <span class='ocr_line' id='line_1_36' title="bbox 63 1990 1441 2041; baseline 0.001 -15"><span class='ocrx_word' id='word_1_371' title='bbox 63 1993 88 2026; x_wconf 88' lang='lat' dir='ltr'>ti</span> <span class='ocrx_word' id='word_1_372' title='bbox 98 1991 227 2027; x_wconf 87' lang='lat' dir='ltr'>halitus.</span> <span class='ocrx_word' id='word_1_373' title='bbox 239 1993 312 2028; x_wconf 91' lang='lat' dir='ltr'>Nec</span> <span class='ocrx_word' id='word_1_374' title='bbox 330 1991 433 2026; x_wconf 89' lang='lat' dir='ltr'>multo</span> <span class='ocrx_word' id='word_1_375' title='bbox 460 1991 503 2024; x_wconf 88' lang='lat' dir='ltr'>est</span> <span class='ocrx_word' id='word_1_376' title='bbox 517 1990 719 2037; x_wconf 88' lang='lat' dir='ltr'>probabilior</span> <span class='ocrx_word' id='word_1_377' title='bbox 741 1990 876 2027; x_wconf 82' lang='lat' dir='ltr'>Cartefii</span> <span class='ocrx_word' id='word_1_378' title='bbox 896 1992 1072 2036; x_wconf 84' lang='lat' dir='ltr'>sententia,</span> <span class='ocrx_word' id='word_1_379' title='bbox 1095 1995 1151 2041; x_wconf 91' lang='lat' dir='ltr'>qui</span> <span class='ocrx_word' id='word_1_380' title='bbox 1178 2004 1293 2028; x_wconf 87' lang='lat' dir='ltr'>ventos</span> <span class='ocrx_word' id='word_1_381' title='bbox 1311 1995 1328 2030; x_wconf 81' lang='grc' dir='ltr'>ὲ</span> <span class='ocrx_word' id='word_1_382' title='bbox 1344 1995 1441 2030; x_wconf 84' lang='lat' dir='ltr'>nubi.</span> 
     </span>
     <span class='ocr_line' id='line_1_37' title="bbox 60 2037 1440 2090; baseline 0.002 -16"><span class='ocrx_word' id='word_1_383' title='bbox 60 2039 122 2074; x_wconf 72' lang='lat' dir='ltr'>bns</span> <span class='ocrx_word' id='word_1_384' title='bbox 136 2044 201 2090; x_wconf 84' lang='lat' dir='ltr'>jam</span> <span class='ocrx_word' id='word_1_385' title='bbox 212 2042 245 2074; x_wconf 90' lang='lat' dir='ltr'>in</span> <span class='ocrx_word' id='word_1_386' title='bbox 253 2039 393 2087; x_wconf 81' lang='lat' dir='ltr'>guttulas</span> <span class='ocrx_word' id='word_1_387' title='bbox 411 2037 688 2074; x_wconf 85' lang='lat' dir='ltr'>concrescentibus</span> <span class='ocrx_word' id='word_1_388' title='bbox 703 2069 713 2083; x_wconf 93' lang='lat'>,</span> <span class='ocrx_word' id='word_1_389' title='bbox 729 2052 863 2087; x_wconf 88' lang='lat' dir='ltr'>quarum</span> <span class='ocrx_word' id='word_1_390' title='bbox 888 2040 956 2075; x_wconf 80' lang='lat' dir='ltr'>alioe</span> <span class='ocrx_word' id='word_1_391' title='bbox 981 2043 1012 2076; x_wconf 86' lang='lat' dir='ltr'>in</span> <span class='ocrx_word' id='word_1_392' title='bbox 1025 2040 1100 2075; x_wconf 90' lang='lat' dir='ltr'>alias</span> <span class='ocrx_word' id='word_1_393' title='bbox 1127 2053 1164 2075; x_wconf 84' lang='lat' dir='ltr'>ex</span> <span class='ocrx_word' id='word_1_394' title='bbox 1186 2041 1254 2076; x_wconf 85' lang='lat' dir='ltr'>alto</span> <span class='ocrx_word' id='word_1_395' title='bbox 1269 2042 1440 2087; x_wconf 83' lang='lat' dir='ltr'>decidunt,</span> 
     </span>
     <span class='ocr_line' id='line_1_38' title="bbox 63 2087 1442 2137; baseline 0.002 -14"><span class='ocrx_word' id='word_1_396' title='bbox 63 2101 178 2136; x_wconf 75' lang='lat' dir='ltr'>magna</span> <span class='ocrx_word' id='word_1_397' title='bbox 195 2101 230 2122; x_wconf 83' lang='lat' dir='ltr'>ex</span> <span class='ocrx_word' id='word_1_398' title='bbox 247 2100 335 2135; x_wconf 76' lang='lat' dir='ltr'>parte</span> <span class='ocrx_word' id='word_1_399' title='bbox 345 2087 473 2136; x_wconf 81' lang='lat' dir='ltr'>prodite</span> <span class='ocrx_word' id='word_1_400' title='bbox 484 2098 639 2122; x_wconf 86' lang='lat' dir='ltr'>autumat.</span> <span class='ocrx_word' id='word_1_401' title='bbox 661 2089 722 2122; x_wconf 87' lang='lat' dir='ltr'>Sed</span> <span class='ocrx_word' id='word_1_402' title='bbox 733 2100 768 2123; x_wconf 90' lang='lat' dir='ltr'>ut</span> <span class='ocrx_word' id='word_1_403' title='bbox 779 2091 903 2137; x_wconf 88' lang='lat' dir='ltr'>optime</span> <span class='ocrx_word' id='word_1_404' title='bbox 918 2091 1057 2124; x_wconf 83' lang='lat' dir='ltr'>advertit</span> <span class='ocrx_word' id='word_1_405' title='bbox 1076 2093 1121 2125; x_wconf 91' lang='lat' dir='ltr'>D.</span> <span class='ocrx_word' id='word_1_406' title='bbox 1133 2091 1317 2134; x_wconf 75' lang='lat' dir='ltr'>Marione,</span> <span class='ocrx_word' id='word_1_407' title='bbox 1340 2091 1442 2126; x_wconf 89' lang='lat' dir='ltr'>nubes</span> 
     </span>
     <span class='ocr_line' id='line_1_39' title="bbox 61 2134 1441 2186; baseline -0.001 -14"><span class='ocrx_word' id='word_1_408' title='bbox 61 2137 122 2172; x_wconf 81' lang='lat' dir='ltr'>illae</span> <span class='ocrx_word' id='word_1_409' title='bbox 131 2138 244 2171; x_wconf 79' lang='lat' dir='ltr'>roridae</span> <span class='ocrx_word' id='word_1_410' title='bbox 265 2137 394 2170; x_wconf 76' lang='lat' dir='ltr'>tardiori</span> <span class='ocrx_word' id='word_1_411' title='bbox 405 2146 496 2169; x_wconf 88' lang='lat' dir='ltr'>motu</span> <span class='ocrx_word' id='word_1_412' title='bbox 510 2134 684 2179; x_wconf 83' lang='lat' dir='ltr'>decidunt,</span> <span class='ocrx_word' id='word_1_413' title='bbox 700 2136 800 2183; x_wconf 72' lang='lat' dir='ltr'>quarn</span> <span class='ocrx_word' id='word_1_414' title='bbox 814 2149 848 2171; x_wconf 91' lang='lat' dir='ltr'>ut</span> <span class='ocrx_word' id='word_1_415' title='bbox 864 2150 970 2172; x_wconf 88' lang='lat' dir='ltr'>aerem</span> <span class='ocrx_word' id='word_1_416' title='bbox 984 2149 1075 2173; x_wconf 89' lang='lat' dir='ltr'>tanto</span> <span class='ocrx_word' id='word_1_417' title='bbox 1088 2141 1208 2186; x_wconf 89' lang='lat' dir='ltr'>impetu</span> <span class='ocrx_word' id='word_1_418' title='bbox 1220 2141 1252 2173; x_wconf 92' lang='lat' dir='ltr'>in</span> <span class='ocrx_word' id='word_1_419' title='bbox 1263 2151 1358 2174; x_wconf 78' lang='lat' dir='ltr'>unam</span> <span class='ocrx_word' id='word_1_420' title='bbox 1372 2150 1441 2185; x_wconf 82' lang='lat' dir='ltr'>pat.</span> 
     </span>
     <span class='ocr_line' id='line_1_40' title="bbox 63 2183 1441 2235; baseline 0.001 -15"><span class='ocrx_word' id='word_1_421' title='bbox 63 2196 130 2220; x_wconf 91' lang='lat' dir='ltr'>tem</span> <span class='ocrx_word' id='word_1_422' title='bbox 140 2185 322 2234; x_wconf 85' lang='lat' dir='ltr'>propellant</span> <span class='ocrx_word' id='word_1_423' title='bbox 333 2201 342 2228; x_wconf 70' lang='grc' dir='ltr'>ς</span> <span class='ocrx_word' id='word_1_424' title='bbox 352 2197 417 2219; x_wconf 89' lang='lat' dir='ltr'>non</span> <span class='ocrx_word' id='word_1_425' title='bbox 433 2183 519 2218; x_wconf 88' lang='lat' dir='ltr'>deest</span> <span class='ocrx_word' id='word_1_426' title='bbox 526 2185 591 2217; x_wconf 84' lang='lat' dir='ltr'>aeri</span> <span class='ocrx_word' id='word_1_427' title='bbox 600 2195 779 2232; x_wconf 85' lang='lat' dir='ltr'>intercepto</span> <span class='ocrx_word' id='word_1_428' title='bbox 791 2185 877 2219; x_wconf 88' lang='lat' dir='ltr'>locus</span> <span class='ocrx_word' id='word_1_429' title='bbox 887 2188 972 2221; x_wconf 89' lang='lat' dir='ltr'>inter</span> <span class='ocrx_word' id='word_1_430' title='bbox 985 2187 1053 2221; x_wconf 82' lang='lat' dir='ltr'>illas</span> <span class='ocrx_word' id='word_1_431' title='bbox 1066 2187 1217 2235; x_wconf 77' lang='lat' dir='ltr'>guttulaS,</span> <span class='ocrx_word' id='word_1_432' title='bbox 1228 2190 1261 2220; x_wconf 90' lang='lat' dir='ltr'>in</span> <span class='ocrx_word' id='word_1_433' title='bbox 1271 2199 1369 2232; x_wconf 87' lang='lat' dir='ltr'>quem</span> <span class='ocrx_word' id='word_1_434' title='bbox 1379 2186 1441 2222; x_wconf 86' lang='lat' dir='ltr'>sese</span> 
     </span>
     <span class='ocr_line' id='line_1_41' title="bbox 63 2232 1442 2282; baseline 0.001 -14"><span class='ocrx_word' id='word_1_435' title='bbox 63 2235 323 2281; x_wconf 77' lang='lat' dir='ltr'>recipiat3deinde</span> <span class='ocrx_word' id='word_1_436' title='bbox 340 2244 474 2280; x_wconf 84' lang='lat' dir='ltr'>corpora</span> <span class='ocrx_word' id='word_1_437' title='bbox 489 2232 619 2279; x_wconf 86' lang='lat' dir='ltr'>quidem</span> <span class='ocrx_word' id='word_1_438' title='bbox 634 2235 743 2281; x_wconf 84' lang='lat' dir='ltr'>gravia</span> <span class='ocrx_word' id='word_1_439' title='bbox 754 2262 763 2275; x_wconf 87' lang='lat'>,</span> <span class='ocrx_word' id='word_1_440' title='bbox 779 2245 813 2268; x_wconf 85' lang='lat' dir='ltr'>ut</span> <span class='ocrx_word' id='word_1_441' title='bbox 824 2233 943 2281; x_wconf 87' lang='lat' dir='ltr'>lapides</span> <span class='ocrx_word' id='word_1_442' title='bbox 967 2247 1086 2282; x_wconf 79' lang='lat' dir='ltr'>magno</span> <span class='ocrx_word' id='word_1_443' title='bbox 1100 2238 1224 2282; x_wconf 79' lang='lat' dir='ltr'>impetu</span> <span class='ocrx_word' id='word_1_444' title='bbox 1240 2233 1442 2280; x_wconf 85' lang='lat' dir='ltr'>delabuntur,</span> 
     </span>
     <span class='ocr_line' id='line_1_42' title="bbox 64 2280 1442 2330; baseline 0 -12"><span class='ocrx_word' id='word_1_445' title='bbox 64 2295 130 2318; x_wconf 87' lang='lat' dir='ltr'>non</span> <span class='ocrx_word' id='word_1_446' title='bbox 142 2285 222 2318; x_wconf 86' lang='lat' dir='ltr'>item</span> <span class='ocrx_word' id='word_1_447' title='bbox 234 2296 323 2329; x_wconf 83' lang='lat' dir='ltr'>aquae</span> <span class='ocrx_word' id='word_1_448' title='bbox 333 2280 463 2330; x_wconf 82' lang='lat' dir='ltr'>guttulae</span> <span class='ocrx_word' id='word_1_449' title='bbox 475 2293 546 2328; x_wconf 88' lang='lat' dir='ltr'>quae</span> <span class='ocrx_word' id='word_1_450' title='bbox 556 2281 621 2314; x_wconf 87' lang='lat' dir='ltr'>cito</span> <span class='ocrx_word' id='word_1_451' title='bbox 632 2283 801 2315; x_wconf 81' lang='lat' dir='ltr'>maximam</span> <span class='ocrx_word' id='word_1_452' title='bbox 820 2285 852 2316; x_wconf 92' lang='lat' dir='ltr'>in</span> <span class='ocrx_word' id='word_1_453' title='bbox 867 2282 1010 2318; x_wconf 89' lang='lat' dir='ltr'>descensu</span> <span class='ocrx_word' id='word_1_454' title='bbox 1030 2283 1237 2317; x_wconf 87' lang='lat' dir='ltr'>velocitatem</span> <span class='ocrx_word' id='word_1_455' title='bbox 1255 2284 1419 2327; x_wconf 82' lang='lat' dir='ltr'>acquirunt</span> <span class='ocrx_word' id='word_1_456' title='bbox 1431 2313 1442 2328; x_wconf 91' lang='lat'>,</span> 
     </span>
     <span class='ocr_line' id='line_1_43' title="bbox 65 2329 1443 2379; baseline 0.001 -15"><span class='ocrx_word' id='word_1_457' title='bbox 65 2343 134 2377; x_wconf 82' lang='lat' dir='ltr'>quae</span> <span class='ocrx_word' id='word_1_458' title='bbox 147 2332 187 2366; x_wconf 82' lang='lat' dir='ltr'>ad</span> <span class='ocrx_word' id='word_1_459' title='bbox 197 2330 352 2366; x_wconf 87' lang='lat' dir='ltr'>summum</span> <span class='ocrx_word' id='word_1_460' title='bbox 363 2332 422 2364; x_wconf 80' lang='lat' dir='ltr'>erit</span> <span class='ocrx_word' id='word_1_461' title='bbox 431 2358 440 2373; x_wconf 88' lang='lat'>‚</span> <span class='ocrx_word' id='word_1_462' title='bbox 476 2342 488 2374; x_wconf 86' lang='lat'>5</span> <span class='ocrx_word' id='word_1_463' title='bbox 508 2341 562 2363; x_wconf 88' lang='lat' dir='ltr'>aut</span> <span class='ocrx_word' id='word_1_464' title='bbox 574 2335 593 2364; x_wconf 90' lang='lat'><strong>6</strong></span> <span class='ocrx_word' id='word_1_465' title='bbox 607 2329 724 2376; x_wconf 80' lang='lat' dir='ltr'>pedum</span> <span class='ocrx_word' id='word_1_466' title='bbox 741 2331 822 2364; x_wconf 90' lang='lat' dir='ltr'>intra</span> <span class='ocrx_word' id='word_1_467' title='bbox 833 2335 992 2365; x_wconf 87' lang='lat' dir='ltr'>minutum</span> <span class='ocrx_word' id='word_1_468' title='bbox 1003 2332 1156 2379; x_wconf 83' lang='lat' dir='ltr'>temporis</span> <span class='ocrx_word' id='word_1_469' title='bbox 1168 2329 1350 2367; x_wconf 83' lang='lat' dir='ltr'>secundum.</span> <span class='ocrx_word' id='word_1_470' title='bbox 1367 2334 1443 2369; x_wconf 89' lang='lat' dir='ltr'>Nec</span> 
     </span>
    </p>

    <p class='ocr_par' dir='ltr' id='par_1_12' title="bbox 46 2377 1442 2474">
     <span class='ocr_line' id='line_1_44' title="bbox 46 2377 1442 2430; baseline 0.001 -15"><span class='ocrx_word' id='word_1_471' title='bbox 46 2383 48 2385; x_wconf 82' lang='lat'>&#39;</span> <span class='ocrx_word' id='word_1_472' title='bbox 64 2389 180 2419; x_wconf 26' lang='lat' dir='ltr'>,ventus</span> <span class='ocrx_word' id='word_1_473' title='bbox 197 2379 253 2415; x_wconf 90' lang='lat' dir='ltr'>ille</span> <span class='ocrx_word' id='word_1_474' title='bbox 269 2382 325 2429; x_wconf 85' lang='lat' dir='ltr'>qui</span> <span class='ocrx_word' id='word_1_475' title='bbox 342 2382 375 2417; x_wconf 88' lang='lat' dir='ltr'>in</span> <span class='ocrx_word' id='word_1_476' title='bbox 388 2377 533 2428; x_wconf 87' lang='lat' dir='ltr'>aeolipilis</span> <span class='ocrx_word' id='word_1_477' title='bbox 551 2390 588 2413; x_wconf 85' lang='lat' dir='ltr'>ex</span> <span class='ocrx_word' id='word_1_478' title='bbox 605 2377 743 2414; x_wconf 80' lang='lat' dir='ltr'>dilatatis</span> <span class='ocrx_word' id='word_1_479' title='bbox 765 2378 953 2427; x_wconf 84' lang='lat' dir='ltr'>vaporibus,</span> <span class='ocrx_word' id='word_1_480' title='bbox 968 2391 1003 2417; x_wconf 84' lang='lat' dir='ltr'>ut</span> <span class='ocrx_word' id='word_1_481' title='bbox 1020 2390 1133 2428; x_wconf 81' lang='lat' dir='ltr'>putat,</span> <span class='ocrx_word' id='word_1_482' title='bbox 1151 2389 1241 2413; x_wconf 85' lang='lat' dir='ltr'>tanta</span> <span class='ocrx_word' id='word_1_483' title='bbox 1250 2379 1282 2413; x_wconf 91' lang='lat' dir='ltr'>vi</span> <span class='ocrx_word' id='word_1_484' title='bbox 1292 2383 1442 2430; x_wconf 74' lang='lat' dir='ltr'>erumpit,</span> 
     </span>
     <span class='ocr_line' id='line_1_45' title="bbox 1170 2429 1272 2474; baseline 0.01 -11"><span class='ocrx_word' id='word_1_485' title='bbox 1170 2429 1199 2463; x_wconf 95' lang='lat' dir='ltr'>Z</span> <span class='ocrx_word' id='word_1_486' title='bbox 1210 2440 1227 2464; x_wconf 88' lang='lat' dir='ltr'>z</span> <span class='ocrx_word' id='word_1_487' title='bbox 1251 2429 1272 2474; x_wconf 81' lang='lat' dir='ltr'>ij</span> 
     </span>
    </p>
   </div>
  </div>
 </body>
</html>
