1878 2724
310 140 368 169 160
415 154 418 156 v
674 129 938 168 PHYSICAE
973 131 1305 168 GENERALIS

310 180 434 217 arteriae
447 179 571 228 pulsum
589 180 780 216 confestum
791 180 833 215 est
845 209 855 224 ,
865 182 1002 215 omnino
1017 184 1211 229 percurritur
1230 211 1241 226 ‚
1262 188 1296 221 &
1311 185 1357 218 ita
1370 182 1522 231 deinceps
1534 190 1720 232 pernume-

318 242 370 265 ros
386 232 527 278 impares
541 228 578 264 fit
593 228 786 277 progressio:
800 229 890 276 quod
901 227 1045 276 acquisiti
1060 232 1200 278 impetus
1212 259 1223 274 ‚
1246 244 1303 267 aut
1314 231 1498 275 velocitatis
1509 234 1623 281 gradus
1637 233 1735 276 serus

317 291 376 328 per
385 281 519 326 vigeant
530 307 540 321 ‚
551 283 584 314 ὃ(
599 280 725 313 innatus
739 290 874 327 quoque
886 279 1040 327 impetuS,
1052 278 1104 314 seu
1119 282 1261 327 gravitas
1279 283 1395 317 eadem
1409 281 1606 330 perseveret.
1624 284 1726 331 Quod

319 328 343 365 sl
354 340 464 374 aptem
475 329 617 375 impetus
632 326 697 376 ipse
708 357 717 371 ‚
746 341 799 363 aut
816 327 976 365 velocitas
989 341 1062 364 eam
1078 327 1120 362 ab
1136 331 1232 364 initio
1248 331 1314 364 vim
1328 330 1484 368 habuiffet
1500 344 1598 379 quam
1616 333 1670 368 sub
1687 332 1727 368 fi-

321 390 399 413 nem
414 375 578 412 descensus
600 389 714 426 corpus
729 376 900 426 acquisivit
911 407 922 422 ‚
937 378 1071 426 duplum
1089 376 1224 426 spatium
1236 383 1304 427 ejus
1319 381 1409 427 quod
1424 381 1570 417 confecit
1586 412 1594 425 ‚
1622 385 1727 418 omni-

320 440 366 462 no
377 424 570 474 peragrasset
589 440 596 462 :
617 427 730 475 gradus
743 430 831 464 enim
846 427 1032 463 velocitatis
1054 430 1112 475 qui
1138 428 1295 473 paulatim
1312 427 1456 465 crescunt
1468 458 1478 472 ,
1495 432 1642 480 quosque
1655 445 1728 480 gra-

322 477 404 509 vitas
420 475 488 521 ipla
499 473 565 509 sola
584 481 755 523 procreat,
769 476 883 525 {iuguli
896 490 995 512 unam
1006 491 1036 513 v.
1049 489 1096 526 gt.
1112 476 1258 520 efficiunt
1271 477 1540 526 hexapedam2sed
1552 483 1666 529 gradus
1681 483 1726 516 in·

324 522 607 572 tegri&acquifiti
621 525 755 575 duplum
771 527 889 562 eodem
908 537 1059 574 tempore
1077 526 1258 563 conficiunt
1283 526 1432 576 spatium.
1449 529 1533 577 Q¹ae
1549 532 1661 579 utique
1679 531 1729 566 est.

322 585 400 609 vera
411 578 445 611 &
456 571 585 623 phyfica
595 577 680 610 ratio
693 587 807 616 motus,
821 575 995 613 accelerati
1014 588 1072 624 per
1088 589 1238 613 numeros
1261 578 1410 625 impares.

363 621 492 660 Verum
504 652 515 667 ,
533 626 686 671 inquiunt
697 655 707 669 ,
725 638 780 661 cur
790 639 858 661 non
877 626 995 661 eadem
1003 626 1048 661 est
1064 629 1239 675 proportio
1252 628 1338 667 inter
1352 626 1453 676 spatia
1463 625 1593 662 decursa
1605 626 1625 664 ὲ
1635 631 1729 675 gravi

324 684 464 721 corpore
475 700 485 714 ‚
502 677 536 710 &
550 672 719 721 acquisitos
743 674 929 711 velocitatis
946 675 1061 724 gradus
1078 685 1088 712 Ξ
1107 688 1163 711 cur
1182 689 1250 713 non
1266 675 1412 713 crescunt
1432 677 1532 727 spatia
1553 676 1737 714 secui-,dsunt

322 720 582 770 progressionem
606 721 783 772 simplicem
798 738 809 759 r
822 754 832 768 ‚
853 739 869 760 2
881 753 890 768 ‚
913 738 926 767 3
948 753 958 768 2
978 738 996 769 4
1012 753 1020 766 ,
1038 730 1100 762 δίς.

365 773 456 819 Resp.
476 774 640 808 rationem
657 773 784 810 anobis
801 773 933 809 allatam
947 773 1037 810 fuisse
1053 803 1062 815 ,
1085 775 1175 823 quod
1188 776 1302 824 gradus
1321 775 1508 812 velocitatis
1520 779 1583 825 jam
1599 775 1728 824 plenus,

326 825 360 857 δι
370 820 535 868 perfeebus
547 822 647 872 duplo
656 822 760 872 spatio
770 823 978 860 conficiendo
992 821 1124 860 sufficiat
1136 854 1146 869 ,
1169 837 1279 873 neque
1299 825 1332 860 id
1349 828 1445 860 toties
1456 825 1653 861 inculcatum
1669 838 1728 861 ne-

322 867 404 905 cesse
420 870 467 905 est
483 883 644 920 repetere.
659 874 722 908 Sed
736 885 845 909 tamen
859 872 1033 913 fatendum
1051 874 1092 909 est
1105 887 1280 922 utramque
1294 874 1489 910 sententiam
1498 877 1579 910 circa
1592 887 1736 923 proper.-

325 921 453 955 tionem
467 950 476 964 ‚
491 933 552 968 qua
569 924 682 970 gravia
692 921 780 957 suum
802 933 931 958 motum
945 923 1126 958 accelerant
1137 953 1147 967 ,
1172 923 1268 960 facile
1282 924 1447 960 conciliari
1461 923 1558 972 posse.
1581 924 1683 972 Qod
1706 924 1737 960 fil.

324 970 416 1004 enim
426 973 583 1018 temporis
597 983 704 1019 partes
716 970 928 1008 indivisibiles
942 974 1158 1021 >accipiamu53
1181 985 1250 1008 tum
1264 973 1337 1008 sane
1349 972 1525 1009 secundum
1548 973 1738 1021 simplicem

324 1022 358 1054 ὃ(
371 1018 554 1054 naturalem
574 1033 787 1057 numerorum
803 1020 1062 1071 progreffionem
1085 1021 1142 1058 fiet
1159 1021 1322 1058 descensus
1347 1025 1495 1072 gravium
1508 1023 1726 1058 acceleratio:

324 1080 401 1103 nam
416 1081 482 1103 uno
494 1081 628 1117 quoque
641 1082 815 1108 momento
828 1083 908 1107 unus
925 1071 1041 1121 gradus
1054 1071 1236 1107 velocitatis
1251 1101 1261 1116 ,
1285 1072 1376 1118 isque
1394 1073 1519 1121 integer
1527 1073 1727 1118 acquiritur,

324 1128 424 1164 atque
435 1120 471 1152 in
489 1121 613 1168 magnis
625 1123 767 1155 numeris
782 1149 791 1159 ,
807 1123 864 1158 vix
875 1133 940 1157 una
947 1123 1118 1169 proportio
1129 1120 1171 1155 ab
1187 1121 1290 1156 altera
1299 1120 1411 1156 differt
1427 1149 1438 1164 ,
1461 1133 1498 1156 ut
1514 1119 1535 1154 fi
1545 1133 1625 1168 opus
1636 1119 1727 1165 effer,

324 1165 421 1202 facilc
432 1166 633 1215 probaretur.
655 1169 702 1204 At
713 1167 732 1205 fi
743 1181 849 1218 partes
861 1172 1017 1219 temporis
1031 1168 1193 1206 sensibiles
1204 1170 1384 1214 sumantur,
1407 1182 1475 1205 tum
1498 1182 1538 1206 ex
1553 1170 1646 1206 dictis
1666 1172 1728 1220 pai-

326 1214 392 1250 lam
411 1217 456 1251 est
471 1216 543 1252 fore
557 1229 594 1253 ut
605 1230 661 1266 per
679 1232 832 1255 numeros
848 1219 988 1268 impares
1007 1218 1065 1257 fiat
1079 1219 1284 1256 acceleratio,
1665 1259 1669 1262 ,

364 1263 506 1306 ΙηῙίαὲἰς
518 1293 527 1304 ,
548 1269 748 1302 accuratiora
759 1271 981 1316 experimenta
994 1268 1071 1303 huic
1088 1271 1297 1317 proportioni
1310 1282 1378 1304 non
1400 1270 1492 1303 omni
1513 1280 1551 1303 ex
1568 1280 1660 1317 parte
1673 1282 1727 1305 re-

323 1312 493 1360 spondent.
504 1316 594 1350 Nam
610 1317 668 1349 viri
680 1316 852 1353 doetiffimi
866 1319 961 1353 variis
979 1313 1211 1366 experimentis
1224 1319 1422 1354 invenerunt
1433 1347 1442 1361 ,
1467 1316 1602 1366 globum
1619 1318 1725 1366 plum-

324 1361 424 1396 beum
436 1366 590 1411 v.g.intra
602 1362 845 1402 semiminutum
856 1364 1029 1402 secundum
1041 1379 1079 1402 ex
1091 1366 1262 1403 altitudine
1275 1379 1416 1415 quatuor
1424 1368 1545 1416 pedum
1559 1379 1632 1402 cum
1642 1380 1725 1416 qua-

323 1411 436 1446 drante
448 1440 455 1454 ,
472 1424 564 1448 motu
573 1415 834 1462 perpendiculari
856 1416 1009 1451 decidere
1022 1444 1034 1460 ,
1048 1415 1148 1463 idque
1162 1429 1226 1462 ope
1239 1416 1374 1463 penduli
1389 1419 1484 1451 trium
1500 1417 1569 1451 fere
1585 1418 1705 1465 pedum
1713 1447 1732 1462 ,.

324 1461 412 1508 quod
432 1462 553 1500 eodem
571 1474 721 1512 tempore
732 1464 902 1500 dimidiam
919 1464 1142 1502 vibrationem
1161 1463 1283 1510 efficit,
1299 1464 1513 1502 observarunt
1529 1483 1539 1510 ;
1563 1468 1647 1502 intra
1662 1470 1725 1503 mi-

323 1522 437 1545 nutum
450 1510 623 1548 secundum
644 1526 684 1548 ex
700 1513 872 1549 altitudine
887 1523 922 1551 16
950 1515 1070 1564 pedum
1085 1513 1328 1557 descendebam
1355 1516 1438 1550 intra
1454 1514 1723 1562 sesquiminutum

324 1571 363 1593 ex
378 1559 553 1596 altitudine
564 1569 608 1608 36.
628 1564 750 1610 pedum
762 1579 770 1599 ς
781 1566 863 1600 intra
878 1565 944 1600 duo
963 1566 1093 1600 minuta
1113 1563 1249 1599 secunda
1263 1577 1300 1599 ex
1323 1564 1494 1600 altitudine
1520 1570 1570 1601 62.
1581 1566 1724 1614 pedum:

327 1611 411 1642 intra
426 1610 492 1644 duo
503 1612 629 1646 minuta
642 1611 779 1648 secunda
788 1625 863 1648 cum
880 1613 1038 1657 dimidio,
1049 1625 1088 1649 ex
1105 1613 1279 1650 altitudine
1291 1614 1412 1662 pedum
1424 1625 1459 1659 93
1469 1614 1618 1649 decidere
1631 1628 1725 1653 corn..

320 1670 452 1706 pertum
465 1660 522 1695 est.
537 1663 575 1696 Et
587 1672 697 1696 tamen
711 1667 800 1711 juxta
816 1665 1068 1712 proportionem
1088 1661 1275 1711 affignatam
1286 1693 1295 1707 ,
1310 1666 1418 1711 primo
1437 1665 1565 1700 minuto
1582 1663 1722 1700 secundo

323 1708 422 1755 pedes
439 1722 471 1753 r7
488 1738 496 1751 ,
519 1708 752 1757 sesquimiuuto
768 1724 782 1754 3
797 1715 816 1747 8
828 1741 838 1756 ,
856 1711 983 1747 duobus
1003 1714 1135 1747 minutis
1147 1711 1291 1747 secundis
1302 1717 1359 1756 68,
1379 1712 1507 1748 duobus
1525 1715 1660 1749 minutis
1682 1713 1726 1749 se-

324 1758 438 1791 cundis
459 1757 534 1793 cum
548 1758 669 1794 semiffe
688 1767 747 1795 106
760 1760 944 1804 ,conficere
966 1760 1080 1796 debuit
1097 1763 1218 1809 :igitur
1232 1774 1301 1808 quo
1327 1773 1367 1796 ex
1387 1761 1502 1796 altiore
1525 1762 1598 1797 loco
1621 1774 1721 1810 grave

323 1805 488 1840 delabitur
502 1836 512 1851 ,
534 1806 597 1841 hoc
608 1810 710 1856 magis
728 1809 818 1843 deest
835 1808 1000 1858 affignatae
1009 1811 1228 1858 proportioni.

353 1854 443 1904 Refp,
454 1855 486 1888 id
500 1858 627 1906 optime
645 1859 821 1893 convenire
835 1871 910 1894 cum
923 1860 1091 1907 principiis
1111 1858 1242 1894 nostris.
1263 1860 1354 1895 Nam
1366 1858 1457 1907 supra
1467 1859 1662 1896 ostendimus
1674 1860 1720 1897 ob

317 1905 400 1938 aeris
420 1903 645 1949 resistentiam,
661 1918 791 1942 motum
810 1910 958 1958 gravium
978 1908 1194 1944 acceleratum
1215 1908 1371 1956 paulatim
1392 1909 1432 1943 ad
1461 1908 1721 1956 aequabilitatem

322 1953 471 2001 perduci:
485 1956 573 2002 quod
590 1954 723 2000 divisio,
746 1962 781 1993 &
801 1957 967 1993 circulatio
982 1960 1064 1993 aeris
1094 1969 1161 1993 tam
1174 1956 1282 1993 subito
1293 1956 1362 1994 fieri
1381 1972 1449 1993 non
1467 1958 1575 2007 poffit.
1596 1960 1642 1995 Ac
1655 1959 1722 1995 for-

323 2003 354 2038 te
367 2001 402 2036 fit
416 2003 614 2051 aequabilitas
626 2007 694 2054 post
704 2020 761 2052 300
773 2035 784 2050 ‚
798 2019 852 2042 aut
866 2010 995 2042 circiter
1004 2008 1169 2045 altitudini
1186 2008 1298 2056 pedeS.
1332 2010 1421 2044 Hinc
1436 2007 1473 2043 fit
1487 2020 1522 2044 ut
1538 2009 1652 2059 sagitta
1668 2011 1721 2045 in-
1754 2032 1755 2035 =

321 2052 450 2087 terdum
461 2053 532 2101 plus
552 2048 707 2104 temporis
721 2058 754 2091 in
766 2055 913 2092 descensu
932 2058 1113 2106 impendat,
1124 2057 1223 2105 quam
1235 2060 1267 2093 in
1279 2056 1453 2100 ascensu‚ut
1465 2063 1531 2107 jam
1543 2061 1717 2095 innuimus.
1750 2099 1753 2101 .

362 2104 407 2137 Ex
422 2104 458 2136 iis
468 2101 614 2152 sequitur
626 2105 744 2142 eadem
759 2108 971 2155 proportione
981 2109 1201 2156 projectorum
1212 2119 1341 2143 motum
1352 2109 1470 2152 minui,
1491 2119 1554 2156 qut
1571 2111 1720 2156 gravium

324 2150 488 2188 descensus
509 2152 714 2192 acceleratur.
741 2158 832 2192 Nam
847 2158 989 2206 gravitas
1010 2156 1077 2205 ipsa
1094 2169 1259 2204 nunquam
1283 2155 1377 2193 cessat
1389 2187 1398 2201 ‚
1416 2157 1524 2193 donec
1536 2156 1720 2205 impreffum

324 2212 453 2236 motum
464 2204 602 2238 omnino
620 2202 787 2242 sustulerit.
807 2207 858 2240 Sic
875 2205 1015 2255 pendula
1028 2207 1142 2242 eadem
1155 2205 1332 2242 velocitate
1347 2206 1524 2242 ascendunt
1535 2235 1545 2249 ,
1564 2219 1627 2253 qua
1647 2205 1719 2241 des]-

325 2251 515 2288 cendcrunt.
534 2253 647 2300 Quare
661 2253 776 2290 falsum
792 2255 839 2290 est
859 2260 996 2305 majores
1016 2257 1098 2291 icius
1114 2256 1134 2293 ἐι
1151 2255 1300 2306 sclopetis
1321 2286 1333 2302 ,
1356 2267 1411 2291 aut
1427 2254 1550 2291 balistis
1576 2257 1717 2304 imprimi

326 2301 359 2333 in
374 2301 531 2336 mediocri
558 2303 729 2348 distantia,
747 2304 847 2352 quam
865 2307 900 2341 in
917 2307 1049 2343 minori.

361 2350 512 2396 Sequitur
523 2361 556 2386 2‘·
568 2365 706 2400 corpora
724 2353 843 2390 sursum
853 2357 997 2404 projesta
1010 2358 1042 2392 in
1061 2355 1190 2392 ascensu
1208 2362 1240 2395 ει
1253 2354 1402 2392 descensu
1417 2367 1488 2390 eam
1502 2353 1668 2390 delineare
1682 2354 1718 2390 fi.

320 2407 452 2444 gmam,
469 2412 541 2448 (111ae
558 2400 579 2438 a
598 2405 786 2441 Geometris
796 2403 1146 2454 parabolavocitatur,
1163 2419 1200 2444 ut
1219 2406 1418 2444 demonstrat
1433 2402 1612 2489 Galilaeus.l
1626 2405 1717 2440 Cum

1576 2467 1598 2502 p
1613 2465 1714 2490 arrum
