1878 2724
223 160 296 193 *a

343 110 746 169 TRACTATUss
777 119 781 124 “
803 107 1064 152 TERTIUS.
1380 115 1443 158 '2923

564 209 611 245 ,ε
636 211 714 246 At>
738 186 773 249 th
794 212 828 249 ,τ
879 213 929 247 11.
1260 188 1267 202 ²

534 307 600 343 .De
622 316 740 344 natura
756 309 967 356 qualitatum.

52 422 56 425 ⁵
155 410 183 444 Is
194 407 361 458 explicatis
374 437 385 453 ,
412 407 446 444 in
461 419 528 456 quo
541 409 684 443 maxime
704 405 804 456 polita
827 406 864 442 fit
877 405 1068 456 qualitatum
1086 416 1195 442 namra
1215 433 1226 449 ,
1247 406 1426 440 intueamut
1439 403 1449 411 ⁶

56 409 243 498 HCum
259 469 370 494 autem
379 457 444 494 duo
457 456 516 493 fint
534 456 727 503 qualitatum
739 467 857 503 genera
867 470 876 492 t
886 468 963 492 nam
976 454 1122 504 quaedam
1131 452 1354 498 sunt.a&uo'sae,
1364 464 1437 500 quae

58 510 188 556 proprie
199 507 372 555 qualitates
382 508 586 542 nominantur
597 520 607 547 3
620 503 690 538 aliae
705 503 774 538 sunt
793 505 913 539 inertes
925 534 935 549 ,
944 517 1004 540 nec
1016 506 1189 552 quicquam
1199 499 1340 537 efficiunt
1353 530 1362 544 ,
1374 513 1447 536 σεε--

58 568 123 603 que
140 555 208 593 sunt
225 559 330 606 potius
345 556 434 593 modi
443 566 542 603 quam
552 552 725 602 qualitates
743 563 751 587 ε
765 552 806 588 de
819 552 1124 603 utrisque-distinste
1137 554 1303 602 agendum
1316 550 1369 587 est.
1388 552 1437 586 Sit

58 606 170 653 itaque

591 652 714 687 :Prima
731 652 910 701 'Conclufiog

802 718 814 730 Ι

79 763 87 785 <
134 751 280 787 ualitates
287 761 404 786 omnes
415 750 549 786 actuosae
564 752 598 799 in
616 752 875 799 quodam-motu
885 751 993 803 pofitae
1008 752 1091 796 sunt3
1108 760 1207 799 atque
1229 758 1269 786 ex
1286 753 1434 788 motuum

56 799 145 835 diver
158 811 236 836 itate
247 830 258 846 ,
274 812 384 836 earum
396 799 715 850 differentiae'magna
729 814 768 837 ex
780 814 871 851 parte
888 801 1105 838 desumuntur.

83 849 178 884 Proh.
201 851 299 886 conci.
312 849 494 884 induffivne.
510 848 619 886 Nulla
634 851 723 885 enim
735 851 874 898 qualitas
886 862 1016 899 -vegeta
1039 856 1073 888 &
1089 847 1225 885 actuosa*
1237 847 1345 883 afferri
1369 858 1431 895 po-

56 897 118 932 test
128 924 139 940 ,
152 911 223 946 quae
235 911 309 934 cum
315 909 412 934 motu
426 897 539 934 nonsit
546 900 717 947 conjunfflt
729 914 737 936 :
749 910 785 934 ut
796 898 961 936 sensibiles
981 899 1153 946 qualitates
1165 926 1175 942 ,
1190 896 1433 940 ¹lucem,sonum‚

56 946 405 996 caloremffrigusstmo
418 946 866 985 &occultas-medicaminum
883 960 1090 984 *venenorum
1109 949 1195 981 vires
1222 946 1359 981 intuenti
1373 943 1432 979 fiet

55 995 268 1032 manifestum.
289 994 557 1044 Sicperturbata‚
573 1001 609 1033 δε
622 996 797 1033 vehemens
813 999 953 1047 partium
969 994 1199 1032 insensibilium
1219 995 1332 1030 motio*
1343 992 1448 1028 calo-.

55 1055 125 1079 rem
141 1062 152 1089 ·,
166 1048 330 1094 reciproca
340 1047 420 1080 aeris
432 1044 609 1089 undulatio,
624 1056 680 1080 aut
703 1045 850 1082 fremitus
859 1046 972 1083 sonum
990 1044 1088 1081 efficit
1102 1073 1113 1088 ‚
1132 1049 1166 1081 ὃ(
1176 1045 1221 1078 ita
1228 1043 1271 1077 de
1287 1042 1431 1089 reliquis.

36 1128 40 1134 ,
56 1092 162 1140 quue
187 1093 316 1141 planum
332 1091 390 1128 fiet
404 1105 476 1128 cum
493 1093 534 1127 de
561 1095 599 1127 iis
613 1092 749 1129 seorsum
764 1107 894 1143 agemus
912 1109 920 1131 :
940 1106 1019 1142 ergo
1033 1106 1107 1128 cum
1123 1103 1228 1127 motus
1254 1090 1321 1139 ipse
1334 1088 1434 1126 nobis

54 1139 97 1175 fit
104 1144 265 1190 cognitus,
281 1141 488 1189 necqualitas
502 1141 566 1177 ulla
574 1152 633 1190 pro
658 1144 703 1177 rie
715 1143 801 1179 dieta
819 1142 890 1178 sine⁴
901 1154 993 1179 motu
1002 1143 1130 1190 concipi
1139 1137 1237 1189 poffit
1246 1166 1257 1183 ‚
1268 1138 1375 1188 palam
1384 1137 1432 1173 est

56 1191 91 1224 in
100 1202 193 1237 motu
205 1190 370 1238 qualitatis
380 1201 526 1225 naturam
541 1192 611 1239 poti
637 1202 738 1226 imum
757 1191 932 1227 consistere.

91 1238 245 1284 Confirm.
262 1238 376 1274 Motus
385 1237 530 1275 celeritas
540 1238 733 1286 qualitatum
747 1241 832 1275 vires
843 1242 960 1276 mirum
970 1241 1005 1274 in
1020 1238 1152 1274 modum
1163 1246 1260 1285 auget
1273 1262 1284 1279 ‚
1305 1233 1434 1283 ejusque

12 1310 14 1313 -
55 1286 376 1323 modificatioearum
384 1289 576 1322 varietatem
587 1286 695 1322 efficit.
725 1290 814 1324 Hinc
837 1300 927 1325 tanta
941 1291 990 1324 vis
1003 1290 1036 1324 in
1057 1286 1190 1336 pulvere
1212 1286 1306 1333 pyrio
1318 1312 1328 1327 ‚
1344 1288 1378 1321 &
1397 1286 1433 1320 in

55 1347 134 1371 auro
145 1336 337 1372 fulminante
346 1364 356 1380 ,
366 1336 457 1384 quod
470 1336 552 1372 nihil
565 1336 611 1371 est
624 1336 711 1371 aliud
731 1349 831 1385 quam
845 1338 914 1373 calx
925 1340 997 1372 -auri
1010 1339 1042 1372 in
1056 1348 1143 1383 aqua
1154 1333 1254 1383 regali
1269 1331 1431 1376 dissoluta,

56 1389 97 1421 δι,
106 1383 171 1419 sale
182 1387 505 1434 tattatipraecipitata.
522 1387 575 1419 Sic
592 1384 750 1420 succinum
768 1387 807 1420 de
821 1385 956 1420 l'ambre
965 1415 975 1429 ‚
984 1391 1017 1422 &
1031 1397 1103 1419 ceta
1115 1381 1331 1431 obfignatoria
1340 1381 1430 1428 post-

56 1445 155 1481 quam
168 1433 308 1471 celeri&
319 1435 484 1481 reciproco
491 1445 582 1468 motu
601 1429 725 1468 affrista
737 1433 827 1469 fuere
837 1463 847 1479 ,
861 1434 949 1471 levia
963 1445 1099 1482 corpora
1109 1432 1149 1467 ad
1163 1431 1194 1466 se
1210 1432 1336 1479 rapiunt
1349 1446 1359 1473 3
1370 1441 1430 1465 nec

56 1494 188 1529 magnes
201 1485 282 1517 citra
290 1494 415 1517 morum
427 1483 494 1518 vim
510 1481 595 1516 suam
615 1485 727 1519 exerit.

90 1531 177 1565 Cum
194 1542 303 1566 tamen
313 1542 426 1566 motus.
435 1544 475 1566 ex
490 1543 556 1565 uno
567 1529 711 1577 subjesto
719 1534 753 1565 in
767 1530 853 1566 aliud
863 1545 930 1567 non
939 1533 1056 1580 migret
1067 1560 1077 1575 ,
1090 1543 1132 1566 ac
1141 1527 1264 1564 necesse
1283 1527 1431 1563 videatur

57 1577 189 1625 aliquod
210 1578 333 1613 mobile
345 1579 528 1627 intelligere
538 1606 547 1620 ,
563 1580 595 1612 id
608 1591 740 1625 quoque
754 1579 849 1613 nobis
864 1580 1090 1615 excutiendum
1106 1580 1152 1612 est
1172 1589 1213 1610 an
1227 1587 1342 1624 praeter
1359 1588 1430 1619 mo·-

57 1627 298 1674 tumequiddam
313 1625 398 1663 aliud
408 1627 454 1663 ad.
466 1626 629 1675 qualitatis
640 1639 786 1663 naturam
799 1640 865 1663 non
879 1630 1044 1677 pertineat.
1065 1629 1113 1662 Sit
1125 1628 1234 1671 itaque

546 1725 704 1760 Secunda
719 1724 892 1771 Conclusio.

99 1826 134 1868 <V
136 1825 167 1857 ix
178 1822 345 1871 qualitates
357 1824 466 1861 affivae
484 1825 563 1857 citra
574 1821 707 1858 effluxus
721 1820 933 1858 substantiales
953 1819 1108 1870 intelligi,
1125 1832 1178 1856 aut
1191 1819 1340 1870 explicari
1357 1818 1428 1868 pos-

58 1871 139 1906 sunt.

112 1918 270 1954 Probatur
281 1926 315 1956 δε
328 1919 743 1968 explicatur-conclusiomc
760 1922 900 1967 primum
911 1919 1044 1967 quidem
1067 1919 1130 1955 hoc
1143 1918 1219 1954 -loco
1238 1919 1270 1953 id
1289 1930 1355 1952 non
1371 1929 1429 1952 ex-

58 1967 224 2013 pendimus
236 1979 276 2001 an
285 1967 345 2003 sint
355 1969 522 2015 qualitates
534 1971 679 2016 quaedam
688 1970 710 2006 -ἒι
727 1968 870 2018 subjetstO
879 1971 967 2004 omni
983 1971 1030 2003 ita
1039 1969 1196 2004 distinstae
1210 1996 1219 2010 ,
1236 1978 1270 2002 ut
1282 1965 1428 2001 solitaria}

59 2015 299 2061 quodammodo
312 2028 481 2064 erumpant
494 2046 503 2059 ‚
517 2023 551 2053 δε
563 2020 703 2065 quadarn
716 2018 806 2054 velut
823 2020 1054 2066 propagatione
1065 2046 1076 2061 ‚
1087 2016 1142 2052 seu
1155 2016 1199 2051 sui
1209 2014 1314 2050 similis
1328 2026 1428 2063 gene-

57 2065 183 2097 ratione
193 2063 409 2099 diffundantur
421 2079 429 2100 ε
443 2067 473 2099 id
488 2068 575 2100 enirn
584 2066 855 2115 utcumque-posse
865 2066 1000 2101 defendi
1010 2095 1020 2109 ,
1029 2078 1090 2100 nec
1101 2064 1225 2114 prorsus
1234 2062 1294 2099 effe
1305 2062 1427 2111 impos-

60 2110 148 2146 s1bile
162 2110 215 2145 suo
227 2111 299 2145 loco
309 2113 458 2149 diximus.
478 2116 529 2148 Sic
539 2114 689 2151 lumeniu
702 2113 971 2151 instanridiffimdi
984 2115 1081 2164 vulgo
1092 2114 1242 2150 creditur.
1268 2124 1271 2125 ’

92 2161 155 2194 Sed
174 2161 288 2207 quiaid
300 2160 464 2196 iiitelletstu
474 2163 607 2197 arduum
623 2164 668 2197 est
678 2164 866 2210 ‚qualitates
875 2164 1028 2212 plurimas
1040 2192 1050 2205 ,
1076 2163 1212 2198 siminus
1226 2171 1337 2195 omnes
1348 2188 1356 2202 ,
1369 2170 1427 2206 pet

59 2208 188 2244 effluxus
204 2207 424 2244 substantiales
440 2216 472 2246 δε
486 2209 616 2246 subtiles
633 2213 780 2259 explicari
794 2211 917 2248 facilius
935 2211 1020 2260 poffe
1034 2211 1235 2246 arbitramur.
1259 2211 1348 2242 Nam
1369 2210 1425 2252 qui

57 2260 216 2305 optimam
226 2257 469 2305 philosophandi
480 2261 639 2294 rationem
651 2260 804 2304 insistunt,
823 2274 883 2296 nec
900 2274 970 2296 cum
981 2260 1078 2308 vulgo
1089 2270 1145 2294 aut
1159 2258 1307 2303 imperita
1327 2253 1425 2302 plebe

58 2306 180 2340 abditas
191 2318 293 2341 rerum
304 2305 406 2341 causas
433 2307 521 2342 velut
537 2309 633 2342 oculis
656 2321 783 2344 cernere
804 2323 811 2344 ε
828 2322 882 2344 aut
898 2309 1046 2344 manibus
1068 2307 1268 2340 contrastare
1289 2304 1402 2338 volunt
1416 2321 1426 2346 3

60 2367 129 2390 cuni
148 2358 251 2404 prima
264 2367 380 2403 natutae
396 2355 486 2404 ipsius
501 2369 599 2405 opera
611 2357 774 2393 subtiliora
790 2357 868 2401 fine,
886 2369 984 2405 quam
993 2367 1028 2392 ut
1047 2353 1182 2390 sensibus
1197 2353 1403 2402 :subjiciantur
1418 2366 1427 2389 ι
