1878 2724
434 162 496 206 468
728 151 995 191 PHYSICAE
1021 149 1168 186 PARS
1205 150 1490 189 SECUNDA.
1712 191 1716 195 ,

431 211 507 244 dum
522 205 692 257 proposuit.
708 205 812 252 quue
823 214 862 238 ex
872 203 1059 238 nutritionis
1074 212 1139 250 ope
1151 202 1269 249 conjici
1287 199 1373 250 posse
1387 200 1515 237 censuit.
1531 201 1648 237 Succus
1668 200 1755 237 enim
1767 201 1823 238 vel

432 260 465 293 in
475 258 579 292 radice
588 284 597 298 ,
614 254 666 289 vel
680 256 714 287 in
726 263 920 300 quacunque
930 251 992 286 alia
1006 262 1096 300 parte
1106 251 1251 285 coffirini
1258 250 1417 286 destinata
1428 253 1496 300 jugi
1508 263 1601 286 motu
1609 252 1747 301 agitatus
1759 251 1824 288 ‹1³ss-

431 306 530 347 solvi,
554 303 697 345 misceri,
713 302 871 350 percolari
884 303 935 336 vix
949 301 1056 350 potest
1070 329 1079 344 ,
1096 298 1150 335 nifi
1164 297 1273 349 saepius
1284 301 1323 335 ad
1335 311 1409 335 eam
1423 311 1549 348 partem
1570 301 1679 336 redeat
1689 329 1699 344 ,
1712 305 1747 337 &
1764 312 1824 336 va-

430 357 482 390 riis
492 351 747 400 impressionibus
761 350 993 387 alteretufflic
1005 350 1087 385 succi
1104 348 1290 385 alimentitii
1300 351 1453 385 circuitus
1467 362 1506 386 ex
1522 349 1710 388 mechanica
1724 348 1825 385 fibra-

429 416 499 438 rum
518 402 671 437 struchira
683 400 803 450 pendet
819 414 827 435 :
846 400 927 435 adeo
942 411 977 435 ut
994 401 1080 436 varia
1097 398 1247 434 fibrarum
1262 398 1423 448 dispositio
1434 399 1523 436 idem
1548 397 1679 440 efficere
1702 396 1800 447 poffit
1811 425 1824 443 ,
1877 396 1878 401 ¹

429 452 519 499 quod
535 451 670 486 valvulae
683 454 716 486 in
730 452 822 486 venis
840 449 1028 486 animalium
1049 464 1057 485 :
1072 448 1113 484 'ac
1130 446 1279 496 qu'aedam
1290 451 1337 483 ita
1354 447 1426 483 sunt
1440 460 1556 496 aptatae
1569 460 1603 484 ut
1621 448 1723 484 succus
1737 450 1823 484 inter
1876 457 1878 460 ⁴

430 512 482 535 eas
508 498 657 535 ascendat
672 529 681 545 ,
701 499 769 534 aliae
784 498 914 534 facilem
932 498 1114 534 descensum
1132 498 1206 533 huic
1218 497 1310 532 succo
1325 496 1499 546 praebeant.
1530 498 1631 545 quue
1653 499 1685 532 in
1704 497 1823 546 plantis
1873 495 1878 533 ,ἕ

428 562 500 597 quae
512 548 658 585 crassiore
671 549 782 591 succo,
800 559 837 584 ut
850 547 935 583 laete
947 549 1106 583 donantur
1122 576 1132 592 ‚
1160 545 1324 583 observari
1338 545 1455 595 potest.
1472 547 1580 582 Multa
1601 548 1632 582 in
1650 547 1731 582 hanc
1754 558 1825 581 rem
1873 544 1878 582 ἶ

429 598 588 646 subjecit,
612 611 685 647 quae
702 597 823 633 referte
850 596 984 647 longum
1004 596 1081 633 effer
1096 625 1106 642 ,
1129 608 1268 645 quaeque
1277 596 1429 646 peculiari
1442 597 1576 632 tractatu
1601 595 1724 645 publici
1749 596 1826 644 juris
1877 630 1878 633 ,

429 648 523 684 fecit.

459 698 545 733 Cum
556 698 730 744 interjecto
740 695 851 744 aliquo
864 706 1012 743 tempore
1022 698 1065 733 D.
1076 696 1243 730 Marione
1260 696 1295 730 in
1309 694 1446 729 eandem
1461 702 1530 729 rem
1545 692 1612 729 suas
1623 695 1825 778 conjecturas
1877 693 1878 726 J

1687 757 1696 778 1

428 751 461 783 &
471 744 714 782 observationes
726 744 990 781 communicasset
1000 774 1009 789 ,
1024 757 1075 780 eas
1085 754 1219 793 quoque
1231 756 1317 781 anno
1329 746 1475 791 proxime
1492 741 1599 792 elapso
1609 745 1674 778 emi
1698 746 1756 779 tin
1765 755 1827 793 pu-

427 795 559 832 blicum·
572 795 747 844 Utriusque
758 798 854 845 igitur
865 796 1039 844 praecipuas
1051 797 1194 830 rationes
1207 798 1242 831 &
1255 794 1475 842 experimenta
1491 792 1692 842 proferemus
1708 821 1718 837 ‚
1729 805 1766 828 ac
1778 793 1826 828 le-

420 847 512 881 -Clori
523 846 678 893 judicium
689 848 850 894 integrum
869 844 1097 891 relinquemus.
1110 846 1310 890 Qanquam
1318 844 1351 877 in
1364 854 1578 891 campartem
1595 840 1734 877 multum
1748 854 1826 891 pro-

431 895 623 943 pendemus,
641 897 673 929 in
685 894 851 944 plantis,ut
869 896 902 928 in
911 892 1128 928 animantibus
1141 894 1265 940 succum
1278 893 1450 940 nutritium
1462 892 1672 926 circulatione
1686 892 1825 939 quadam

419 945 451 980 ,ἐι
467 943 625 978 radicibus
637 956 693 991 per
704 953 851 978 truncum
863 943 904 977 ad
914 952 1020 977 ramos
1039 946 1074 980 &
1091 941 1171 977 folia
1183 939 1318 988 perferri
1333 968 1344 983 ,
1367 951 1435 975 rum
1453 940 1495 976 ab
1509 936 1663 976 extremis
1683 941 1779 975 ramis
1790 945 1826 978 &

431 992 519 1028 foliis
531 993 570 1026 ad
587 994 710 1027 radices
720 991 818 1040 usque
832 1002 988 1026 remeare.

477 1041 620 1077 Primum
633 1044 720 1077 enim
732 1071 742 1085 ‚
762 1053 798 1076 ut
810 1043 934 1089 optime
945 1040 1176 1075 animadvertit
1187 1041 1233 1076 D.
1251 1036 1414 1079 quratclt,
1432 1037 1468 1071 id
1483 1039 1668 1073 viventium
1677 1039 1825 1074 omnium

431 1102 546 1126 natura
559 1090 719 1139 postulare
732 1088 979 1138 quodammodo
988 1087 1208 1136 'videtur,quae
1220 1097 1334 1123 uttam
1343 1091 1535 1135 praeceps‚&
1549 1088 1740 1121 continuum
1749 1085 1827 1121 sub-

431 1141 548 1176 stantiae
560 1138 762 1188 dispendium
774 1150 914 1188 reparet,
927 1140 1082 1174 continua
1095 1137 1208 1173 itidem
1232 1142 1266 1174 δε
1288 1147 1426 1184 propera
1444 1136 1673 1171 instauratione
1691 1135 1829 1184 indiget.

430 1192 544 1226 Nemo
555 1191 642 1224 enirn
655 1202 722 1224 non
733 1187 937 1236 videt,quam
956 1186 1022 1223 cito
1033 1187 1143 1236 planta
1156 1186 1264 1222 avulsa
1274 1184 1418 1220 exsiccari
1432 1183 1579 1227 soleat,&
1591 1182 1828 1220 tabescere-Illa

432 1251 531 1288 porro
543 1238 715 1285 deperditae
724 1236 902 1273 substancia:
911 1239 1074 1286 reparatio
1084 1235 1176 1271 succo
1186 1246 1261 1284 eget
1273 1236 1334 1269 rite
1343 1245 1456 1283 parato
1465 1263 1475 1277 ,
1492 1235 1629 1270 exc0&0
1639 1263 1648 1278 ,
1662 1239 1696 1271 ὃ(
1710 1245 1827 1282 perco-

431 1289 500 1323 lato
510 1316 518 1331 ‚
530 1289 672 1334 quicum
687 1289 720 1322 in
730 1297 901 1322 momento
911 1284 1022 1335 perfici
1035 1298 1102 1321 non
1111 1283 1207 1333 poffit
1222 1314 1231 1328 ‚
1248 1286 1324 1321 &in
1334 1285 1491 1318 continuo
1499 1294 1592 1318 motu
1607 1281 1758 1327 versetur,
1770 1295 1828 1319 ne-

432 1336 512 1372 ceffe
528 1335 574 1371 est
591 1347 627 1372 ut
645 1336 686 1370 ad
698 1348 750 1370 eas
764 1347 870 1384 partes
883 1364 893 1380 ,
907 1347 978 1384 quae
991 1334 1064 1370 huic
1073 1337 1199 1369 muneri
1211 1333 1416 1376 destinantur,
1428 1332 1610 1366 identidem
1626 1332 1740 1366 redeat
1747 1343 1828 1380 qua·
1877 1348 1878 1352 ¹

432 1385 454 1421 fi
465 1385 706 1433 recoquendus;
720 1384 784 1420 {ive
800 1387 824 1419 is
836 1384 942 1420 succus
958 1383 1136 1420 filtrarione
1151 1387 1185 1419 &
1200 1381 1423 1431 percolatione
1432 1381 1572 1428 quadam
1585 1399 1593 1425 3
1615 1379 1678 1416 five
1693 1379 1827 1416 diffolu.

433 1438 524 1471 tione
534 1433 727 1483 perficiatur.
743 1436 870 1470 Nutriri
881 1435 954 1470 sane
964 1446 1032 1469 non
1048 1430 1177 1480 poffunt'
1192 1442 1298 1480 partes
1314 1459 1324 1474 ,
1339 1433 1415 1478 quin
1429 1429 1509 1465 utile
1517 1428 1560 1464 ab
1575 1442 1615 1464 eo
1625 1431 1715 1477 quod
1724 1430 1827 1465 estin-

432 1484 513 1519 utile
527 1483 698 1532 ‚quodque
710 1482 873 1520 affimilati
885 1496 951 1519 non
968 1482 1077 1531 potest
1089 1511 1099 1525 ,
1116 1483 1251 1516 omnino
1263 1480 1443 1514 secernatur
1457 1479 1562 1527 3qu0d
1574 1489 1681 1513 autern
1699 1491 1766 1514 non
1782 1479 1827 1513 est

433 1533 547 1569 inutile
557 1562 566 1577 ,
585 1535 617 1567 in
628 1544 680 1567 eas
693 1544 798 1580 partes
807 1531 1093 1574 amandatidebet,
1107 1543 1176 1578 qua:
1187 1530 1265 1565 illud
1276 1530 1376 1577 ipsum
1394 1527 1547 1577 perficere
1557 1527 1694 1576 pqffunt.
1707 1531 1826 1577 Quan-

433 1595 533 1630 quam
548 1582 632 1618 forte
648 1584 680 1617 in
694 1579 889 1617 hocsdiversa
900 1582 948 1616 est
957 1580 1138 1629 plantarum
1151 1579 1193 1614 ab
1203 1576 1421 1622 animantibus
1432 1589 1562 1612 natura:
1576 1578 1662 1624 quod
1678 1576 1742 1611 illae
1756 1576 1824 1619 suc-

433 1644 488 1667 cos
496 1632 649 1667 duntaxat
658 1631 753 1666 utiles
766 1643 824 1680 per
835 1630 932 1666 exiles
948 1629 1043 1665 tubos
1055 1631 1224 1677 excipiant.
1238 1629 1359 1674 Neque
1366 1626 1449 1661 adeo
1458 1625 1535 1661 valis
1548 1628 1732 1660 excretoriis
1743 1634 1824 1674 opus

435 1680 581 1716 habeant
604 1696 612 1717 :
631 1693 703 1715 cum
720 1683 842 1715 radices
860 1679 968 1715 succos
987 1690 1099 1714 tenues
1111 1707 1120 1722 ‚
1137 1691 1202 1713 non
1219 1675 1331 1712 crassos
1354 1687 1408 1710 aut
1423 1673 1565 1710 sordidos
1582 1676 1765 1711 admittant.
1787 1677 1825 1710 In

434 1731 471 1763 iis
485 1731 606 1779 quippe
615 1729 806 1765 alimentum
821 1741 879 1778 pet
890 1730 1042 1765 minimas
1054 1738 1159 1776 partes
1169 1725 1306 1761 divisum
1316 1723 1480 1773 capillares
1493 1725 1612 1759 radices
1624 1723 1707 1758 subit
1720 1739 1727 1760 :
1741 1719 1826 1758 tarn.-

435 1780 490 1816 ersi
509 1781 596 1816 forte
618 1778 674 1814 alii
692 1778 799 1814 tubuli
827 1781 964 1827 pingues
988 1776 1157 1825 particulas
1170 1805 1178 1819 ‚
1214 1775 1270 1810 alii
1297 1773 1407 1808 salinas
1422 1803 1431 1817 ‚
1456 1773 1511 1808 alii
1537 1785 1645 1807 aereas
1671 1775 1749 1808 citra
1771 1772 1821 1808 ui..

435 1832 500 1866 lam
513 1830 799 1865 fermentationem
813 1857 823 1872 ‚
843 1838 897 1862 aut
918 1827 1103 1862 coffionem
1121 1840 1129 1862 z
1145 1825 1196 1860 sed
1208 1836 1267 1873 pro
1285 1821 1407 1858 diversa
1428 1821 1688 1870 configuratione
1703 1821 1824 1856 admit-

437 1891 515 1915 tant.
1790 1894 1794 1897 ,

468 1927 547 1961 lllud
563 1937 671 1960 tamen
681 1925 842 1959 existimat
858 1925 920 1958 Vir
934 1921 1058 1958 Clariis.
1078 1922 1169 1956 succo
1190 1919 1211 1955 ὲ
1231 1920 1337 1954 radice
1357 1921 1388 1954 in
1405 1930 1551 1954 truncum
1573 1917 1699 1952 sublato
1716 1927 1825 1966 partes

435 1976 554 2025 plantae
565 1987 635 2021 quae
647 1986 734 2008 extra
749 1980 866 2007 tetram
876 1974 1039 2014 eminent,
1055 1971 1117 2013 ali,
1138 1969 1261 2004 succum
1278 1968 1357 2003 vero
1367 1969 1386 2003 a
1402 1971 1497 2002 ramis
1515 1968 1665 2001 reducem
1678 1965 1824 2001 nutrien-

436 2022 654 2060 dis-radicibus
665 2023 813 2057 destinari
827 2036 834 2056 :
854 2032 960 2068 neque
975 2032 1028 2055 eas
1042 2020 1140 2054 crudo
1155 2024 1188 2055 &
1200 2018 1355 2066 indigesto
1366 2017 1475 2059 succo,
1498 2029 1598 2064 quem
1615 2015 1635 2050 ὲ
1652 2027 1733 2050 terra
1746 2026 1825 2050 niu-

438 2085 568 2110 tuantur
581 2072 622 2106 ali
633 2070 719 2120 posse
733 2086 741 2107 :
754 2083 829 2106 nam
841 2082 876 2105 ut
888 2081 1014 2104 truncus
1026 2098 1034 2112 ‚
1052 2068 1090 2102 sic
1099 2068 1192 2102 radix
1208 2070 1239 2101 in
1258 2079 1363 2101 ramos
1377 2066 1527 2101 dividitur
1540 2094 1548 2108 ‚
1564 2070 1597 2101 &
1610 2064 1749 2112 quadam
1756 2061 1825 2098 suc-

436 2126 467 2159 ci
478 2119 714 2169 impulsionem
729 2131 856 2156 truncus
872 2124 905 2155 &
923 2119 1004 2153 rami
1017 2148 1025 2161 ,
1046 2117 1089 2158 fic
1109 2117 1197 2150 radix
1210 2115 1399 2151 alimoniam
1416 2119 1451 2152 δε
1469 2117 1705 2149 incrementum
1727 2113 1823 2159 capit.

438 2174 507 2219 Qi
521 2169 638 2206 sursum
650 2171 760 2205 nititur
774 2167 878 2203 succus
896 2196 905 2210 ,
919 2171 1032 2216 magis,
1049 2178 1083 2202 ut
1094 2165 1150 2213 ipsi
1163 2165 1288 2199 videtur
1302 2193 1311 2207 ,
1330 2165 1376 2199 est
1394 2163 1574 2199 elaboratus
1585 2191 1595 2206 ‚
1612 2168 1647 2200 &
1664 2160 1802 2196 volatilis
1813 2188 1825 2203 ‚

438 2225 491 2270 qui
503 2219 611 2256 refluit
629 2247 639 2262 ‚
658 2220 782 2254 crudior
791 2217 839 2251 est
850 2231 856 2252 :
868 2216 919 2252 sed
934 2215 1156 2264 percolatione
1174 2213 1491 2248 aursei-mentatione
1507 2224 1578 2246 cum
1594 2212 1718 2260 puriore
1730 2209 1824 2244 succo

438 2271 627 2317 excoquitur
637 2296 646 2310 ‚
657 2272 691 2305 &
701 2265 1047 2302 radicibus-nutriendis
1057 2266 1186 2298 idoneus
1196 2261 1338 2297 efficitur.
1349 2265 1462 2296 Succus
1480 2260 1536 2295 ille
1545 2260 1670 2295 crudior
1679 2261 1734 2306 qui
1744 2258 1763 2294 ὲ
1775 2256 1824 2292 fo-

438 2319 488 2354 liis
504 2318 610 2353 refluit
621 2319 653 2351 in
662 2318 783 2351 radices
795 2344 805 2358 ,
826 2314 921 2350 facile
933 2327 1005 2349 cum
1019 2326 1101 2361 aqua
1111 2312 1228 2359 pluviae
1240 2340 1250 2354 ,
1272 2316 1304 2348 ὃ(
1317 2311 1452 2345 humore
1470 2312 1562 2352 actis,
1575 2309 1662 2356 quod
1676 2307 1734 2342 [int
1743 2319 1823 2341 con-

439 2367 546 2402 similis
556 2377 679 2402 naturae
692 2365 909 2410 ,consociatur
927 2381 936 2406 3
957 2364 1007 2398 hic
1021 2366 1051 2398 in
1067 2360 1227 2395 radicibus
1237 2373 1310 2394 cum
1321 2360 1413 2393 succo
1426 2359 1446 2394 ἐι
1459 2360 1583 2392 terrain
1594 2358 1713 2391 radices
1725 2366 1824 2404 pene—

439 2427 544 2451 trante
555 2415 773 2451 fermentescit
785 2442 797 2458 ,
806 2414 1050 2462 idq—'uernaxime
1063 2409 1138 2451 ,cum
1147 2421 1230 2445 terra
1242 2408 1359 2445 fertilis
1372 2407 1418 2443 est
1429 2413 1463 2444 &
1476 2407 1566 2442 succo
1575 2405 1670 2445 facile·
1679 2404 1822 2448 fetincn.
