1878 2724
326 145 391 188 674
888 127 913 165 P
931 127 965 164 Η
985 127 1015 164 Y
1033 127 1054 162 S
1077 127 1092 162 Ῐ
1119 124 1150 162 C
1170 125 1209 162 ΛΕ

349 176 421 225 ‘His
439 191 500 222 tite
510 181 682 234 perspectis
696 208 705 223 ,
723 176 847 215 facilius
865 178 927 212 erit
943 176 1064 223 aliquid
1079 175 1118 209 de
1137 175 1229 211 lienis
1241 172 1293 210 usu
1304 174 1421 211 rationi
1435 172 1612 212 consonum
1621 172 1717 223 ffispi.

325 241 400 275 cati.
418 238 526 271 Primo
536 231 690 280 quiddam
701 227 743 264 ab
755 228 879 262 arteriis
891 253 901 268 ‚
917 238 954 260 ac
969 225 1053 262 forte
1069 223 1088 260 ὲ
1102 225 1206 259 nervis
1221 221 1294 271 ipsis
1311 224 1344 258 in
1363 235 1417 257 eas
1426 223 1592 271 glandulas
1611 223 1717 258 defer-

326 292 351 323 ti
363 316 371 329 ,
384 286 481 331 idque
499 279 699 331 percolatum
710 279 743 313 in
753 288 850 311 venas
865 287 1020 311 remeare.
1037 276 1128 310 Nam
1142 272 1213 308 fieri
1227 272 1334 321 potest
1344 301 1354 316 ,
1373 284 1409 307 ut
1427 273 1529 320 liquor
1542 272 1691 307 nervosus
1705 300 1717 316 ,

327 336 346 372 fi
363 335 434 381 quis
446 331 583 374 fit‚nova
594 327 735 376 quadam
746 328 778 361 vi
795 324 979 373 sanguinem
989 321 1142 359 venosum
1160 321 1386 356 imbuat.Hinc
1400 334 1465 356 non
1474 320 1608 357 absurde
1621 318 1719 368 conji-

325 378 710 431 cit'Sylvius‚sanguinem
725 378 758 411 in
770 375 852 411 liene
863 372 973 423 perfici
986 384 1043 422 per
1061 371 1184 420 spiritus
1192 370 1416 418 animales‚qui
1426 381 1501 405 eum
1513 372 1613 419 magis
1626 370 1719 405 vola-

327 433 420 469 tilem
431 428 584 465 efficiunt.
598 428 664 462 Aut
677 437 764 460 certe
779 434 915 471 uterque
928 423 1035 470 liquor
1054 420 1204 462 nervosus
1215 450 1224 464 ,
1247 425 1279 457 &
1294 418 1460 455 arteriosus
1474 422 1509 454 in
1524 418 1721 470 lienis-glan-

326 481 409 518 dulis
425 479 576 520 fimatur,
589 479 621 511 in
634 480 700 525 ejus
713 473 835 509 cellulis
845 471 994 508 miscetur
1009 484 1083 506 cum
1098 469 1148 505 san
1173 472 1248 505 uine
1262 498 1272 513 ,
1299 474 1333 507 &
1356 480 1412 517 per
1428 480 1538 517 aperta
1557 469 1719 504 foramina

325 535 360 567 in
373 541 491 565 venam
504 526 677 575 {plenicam
695 524 865 559 derivatur.
889 524 1022 557 Motum
1038 519 1117 556 vero
1143 485 1302 569 &nguinis
1320 516 1417 554 in'iis
1437 520 1527 553 venis
1541 516 1640 554 efficit
1654 531 1720 553 non

323 581 511 616 arteriarum
523 574 624 611 modo
637 571 813 622 impulsus·‚
826 573 883 619 qui
904 570 1022 606 lentior
1037 570 1083 605 est
1095 599 1104 612 ‚
1122 568 1166 604 ob
1184 570 1338 604 cavitates
1356 570 1389 603 in
1404 579 1481 614 quas
1499 567 1657 602 arteriolae
1670 564 1720 601 se-

326 630 356 666 se
376 636 552 663 exonerant
567 652 576 666 ‚
595 624 645 659 sed
666 625 765 657 etiam
780 620 1027 670 diaphragmatis
1040 649 1050 663 ,
1067 619 1288 663 intestinorum
1304 623 1339 654 &
1358 616 1571 652 musculorum
1593 616 1720 652 lumba-

325 681 411 714 rium
425 687 542 711 motus.
560 672 698 721 Itaque&
709 672 858 720 sanguine
874 668 1045 712 atterioso‚
1057 666 1259 715 nervosoque
1273 665 1403 702 forsitan
1417 665 1510 700 succo
1528 666 1635 713 liquor
1646 667 1718 714 qui..

324 730 398 763 dam
412 738 468 775 per
481 736 532 760 eas
547 721 711 772 glandulas
727 720 898 755 secernitur
908 748 916 761 ,
932 731 973 753 eo
983 730 1066 766 pene
1081 717 1181 752 modo
1194 729 1262 764 quo
1278 716 1326 751 lac
1340 719 1373 751 in
1390 717 1539 750 mammis
1559 716 1573 751 ὲ
1591 714 1719 764 sangui.

326 789 368 813 ne
381 773 688 817 arterioso‚netvis,
704 775 737 807 δε
750 768 898 818 lymphae
912 767 1062 802 duCtibus
1080 770 1165 801 miro
1182 777 1302 800 naturae
1318 764 1456 800 artificio
1479 762 1648 811 separatur.
1660 766 1722 799 'Si-

325 825 458 874 quidem
470 825 503 857 in
515 823 676 863 mammis,
692 825 725 856 δε
737 818 843 854 tubuli
859 822 893 854 ὃ(
903 816 981 852 finus
997 819 1054 863 qui
1064 817 1180 864 apertis
1191 814 1313 850 ostiolis
1324 817 1409 850 inter
1425 813 1454 849 se
1466 808 1720 858 communicant,

326 873 446 922 copiosi
456 882 627 906 cernuntur
636 886 645 912 ;
656 868 744 903 fimul
755 874 789 904 &
798 866 938 914 lymphae
947 866 1072 907 ductus,
1086 870 1121 901 &
1130 866 1224 900 nervi
1239 866 1322 898 circa
1331 876 1385 900 eos
1404 861 1532 899 tubulos
1546 862 1645 911 plexu
1660 865 1722 896 mi-

325 922 420 959 rabili
445 923 477 955 in
497 921 573 954 retis
588 917 722 953 modum
735 917 938 964 sparguntur,
956 917 1013 961 qui
1034 913 1175 948 infinitas
1193 924 1276 959 pene
1291 913 1457 959 glandulas
1475 909 1722 959 valisappensas

326 970 592 1020 complestuntur.
609 969 652 1001 Ex
674 967 711 999 iis
731 962 891 1012 glandulis
904 960 966 996 ⁴lac
989 961 1160 996 secernitur
1173 990 1182 1004 ‚
1211 965 1244 997 &
1269 962 1303 995 in
1316 960 1443 995 tubulos
1461 961 1672 1006 exprimitur:
1690 960 1723 994 id

327 1022 417 1055 enim
429 1029 545 1053 naturae
559 1014 689 1049 solenne
705 1014 765 1057 est,
783 1024 818 1046 ut
833 1023 890 1059 per
900 1010 1066 1058 glandulas
1084 1022 1218 1051 omnem
1236 1008 1449 1043 secretionem
1463 1006 1616 1055 perficiat.

365 1078 400 1104 20
413 1067 547 1114 Sanguis
561 1076 634 1098 cum
650 1065 773 1109 impetu
787 1071 844 1108 per
859 1060 1011 1093 arteriam
1031 1058 1182 1106 impulfiis
1198 1058 1280 1092 iniis
1297 1057 1454 1105 glandulis
1471 1083 1480 1098 ,
1500 1062 1534 1093 δι
1556 1058 1723 1104 circumje.

326 1119 387 1153 &is
398 1115 519 1150 cellulis
530 1110 668 1147 diuscule
679 1120 907 1145 commoratur.
919 1106 1008 1144 Hinc
1023 1107 1150 1154 liquore
1165 1104 1303 1148 nesvoso
1313 1111 1346 1142 δε
1362 1108 1472 1141 nativa
1483 1105 1576 1141 lienis
1586 1103 1725 1140 substan-

328 1171 373 1203 tia
388 1195 398 1210 ,
413 1175 569 1211 tanquam
587 1174 675 1196 novo
694 1159 860 1195 fermento
878 1159 1039 1192 animatus
1058 1160 1114 1205 per
1129 1168 1227 1191 venas
1251 1166 1375 1190 remeat
1393 1184 1402 1198 ‚
1430 1166 1569 1202 eamque
1586 1157 1726 1202 partium

330 1226 493 1252 texturam
510 1210 690 1259 adipiscitur
700 1237 709 1251 ,
721 1221 791 1256 quae
802 1219 879 1242 mox
898 1206 1010 1242 fututa:
1026 1208 1062 1240 in
1078 1206 1195 1255 hepate
1209 1204 1283 1239 bilis
1297 1203 1463 1239 secretioni
1474 1204 1522 1237 est
1535 1215 1724 1239 accommo-

331 1263 460 1300 data.1d
478 1261 566 1296 enim
583 1258 654 1294 satis
670 1259 714 1293 est
728 1255 896 1292 verisimile
915 1255 1036 1298 lienern
1051 1254 1162 1303 hepati
1172 1253 1319 1289 famulari
1329 1282 1337 1297 ‚
1347 1254 1423 1288 dum
1433 1253 1586 1288 aciditate
1601 1251 1661 1296 sua,
1671 1264 1726 1288 aur

331 1313 507 1349 acrimonia
518 1320 625 1358 partes
637 1307 794 1356 sanguinis
804 1307 904 1354 magis
916 1303 1057 1340 abhrosas
1076 1304 1116 1338 ad
1135 1304 1344 1339 secretionem
1356 1314 1523 1352 praeparat.
1541 1302 1632 1336 Hinc
1654 1300 1725 1337 san..

327 1366 401 1412 guis
423 1373 460 1395 ea
489 1361 522 1394 vi
544 1356 688 1392 imbutus
702 1368 759 1404 pet
775 1356 901 1390 omenti
916 1353 1314 1402 longitudinem.excurrit,
1329 1364 1363 1387 ut
1377 1365 1450 1387 cum
1465 1351 1590 1398 reliquo
1601 1349 1724 1399 sangui-

334 1425 376 1448 ne
387 1411 407 1447 a
417 1410 529 1444 vicinis
539 1405 681 1455 partibus
692 1404 796 1440 refluo
809 1402 975 1438 misceatur
985 1431 994 1444 ,
1009 1408 1040 1439 δε
1053 1415 1092 1436 ex
1102 1414 1243 1448 utroque
1254 1401 1377 1449 sanguis
1391 1402 1430 1435 ad
1442 1401 1541 1448 hepar
1552 1399 1724 1446 perductus

335 1469 544 1508 temperetur.
564 1458 659 1491 Hanc
672 1455 890 1499 conjecturam
904 1453 1065 1499 ingenitus
1077 1451 1169 1486 lienis
1184 1451 1273 1497 sapor
1292 1467 1300 1494 ;
1317 1449 1359 1484 sal
1381 1449 1497 1485 e'liene
1511 1448 1651 1490 elicitus,
1669 1451 1726 1496 qui

335 1510 438 1545 serum
456 1506 614 1555 sanguinis
628 1502 751 1546 turbat,
767 1513 885 1537 naturae
910 1499 1001 1548 ipsius
1016 1499 1181 1535 confilium
1195 1530 1205 1544 ‚
1223 1501 1447 1546 experimenta
1466 1501 1500 1534 in
1522 1496 1655 1533 canibus
1682 1497 1726 1532 fa.

338 1562 389 1595 &a
400 1588 410 1602 ,
425 1570 497 1592 cum
509 1568 547 1589 ex
558 1556 596 1588 iis
609 1553 674 1588 lien
686 1551 804 1587 ex‘cisus
814 1551 879 1595 est,
896 1561 951 1584 aut
963 1549 1039 1585 vafis
1050 1549 1195 1597 splenicis
1215 1549 1374 1597 colligatis
1388 1546 1472 1596 pene
1483 1548 1636 1591 evanuit,⁴
1653 1559 1726 1582 om-

337 1610 417 1645 nino
428 1603 631 1641 confirmant.
645 1603 757 1648 Hepar
773 1602 904 1636 enimin
916 1601 951 1633 iis
970 1599 1037 1647 plus
1055 1598 1148 1633 solito
1160 1600 1289 1634 auitum
1303 1598 1350 1632 est
1361 1627 1370 1640 ,
1394 1597 1483 1644 quod
1504 1596 1595 1631 lienis
1613 1608 1728 1634 munus

338 1657 468 1692 obierit.
494 1652 636 1689 Diffeeto
651 1651 718 1698 post
730 1649 864 1698 longum
876 1660 1000 1697 tempus
1015 1647 1190 1683 abdomine
1206 1677 1216 1691 ‚
1238 1646 1319 1683 nihil
1337 1648 1407 1682 vitii
1421 1647 1522 1681 autin
1545 1642 1622 1680 vafis'
1637 1672 1647 1688 ,
1665 1656 1728 1679 .aur

339 1707 371 1741 in
383 1703 589 1752 circumjedkis
601 1698 745 1749 pittibus
754 1702 915 1747 apparuit.
1529 1719 1531 1722 Α
1548 1713 1551 1715 >

376 1759 427 1791 De
437 1753 530 1788 lienis
540 1748 709 1786 affe-§tibus
723 1748 804 1783 nihil
819 1746 964 1783 hocloco
974 1744 1148 1781 dicendum
1161 1757 1238 1793 puto
1248 1759 1257 1781 :
1267 1757 1342 1779 cum
1357 1742 1441 1778 illius
1454 1742 1519 1777 ustis
1532 1744 1674 1779 nondum
1688 1744 1730 1779 sa·

341 1809 380 1840 tis
394 1803 429 1839 sit
442 1801 636 1850 exploratus.
656 1801 736 1846 Qo
747 1801 852 1845 major
862 1796 992 1831 licentia
1004 1794 1170 1844 plerosque
1187 1792 1327 1836 investit,
1345 1804 1380 1827 ut
1390 1790 1570 1838 complures
1584 1791 1729 1836 morbos,

342 1865 481 1901 quorum
499 1848 595 1884 causae
607 1848 674 1882 sunt
687 1846 804 1881 abditae
820 1874 830 1889 ,
845 1848 879 1880 in
892 1845 1010 1879 lienem
1028 1844 1172 1880 referant
1187 1871 1196 1884 ‚
1215 1843 1300 1890 qnasi
1324 1844 1348 1876 is
1372 1841 1406 1875 fit
1424 1841 1647 1875 melancholici
1668 1842 1728 1876 hu-

343 1903 441 1937 moris
454 1899 540 1933 sedes
553 1926 562 1939 ‚
576 1902 608 1932 ὃς
621 1908 656 1929 ex
668 1908 707 1928 eo
718 1896 793 1927 tetri
806 1905 940 1941 vapores
950 1894 989 1926 ad
1009 1905 1063 1926 cor
1073 1898 1105 1928 &
1116 1890 1283 1925 cerebrum
1302 1889 1500 1924 attollantur.
1519 1889 1604 1923 Cum
1617 1901 1729 1926 tamen

342 1950 462 1987 nullum
472 1946 549 1980 sitin
566 1945 627 1978 hoc
643 1942 759 1976 viscere
770 1943 1004 1975 excrementitii
1014 1941 1154 1974 humoris
1164 1938 1412 1986 receptaculum,
1422 1936 1508 1972 nulla
1521 1936 1581 1973 [int
1593 1937 1664 1972 vasa
1674 1950 1729 1973 ex„

344 1999 477 2034 cretoria
489 2005 598 2043 praeter
610 1991 747 2040 lymphae
765 1990 878 2025 duetus
892 2006 901 2032 3
915 2001 973 2024 nec
989 2001 1123 2037 vapores
1134 1986 1250 2035 poffint
1259 1987 1469 2035 diaphragma
1483 2015 1491 2028 ‚
1508 1991 1539 2022 δε
1555 1989 1651 2022 cranii
1666 1986 1731 2023 ossa

343 2044 657 2097 pervadere.Neque
674 2039 822 2074 tamenid
833 2040 1019 2087 negaverim
1040 2036 1151 2071 iisdem
1169 2049 1252 2084 pene
1265 2035 1560 2078 obstrttffionibtns,
1574 2041 1606 2072 &
1621 2048 1729 2080 tumo-

345 2096 431 2132 ribus
446 2123 454 2138 ‚
464 2091 578 2140 quibus
592 2090 689 2139 hepar
702 2088 803 2137 ipsum
813 2117 823 2133 ‚
833 2086 1013 2123 obnoxium
1028 2084 1087 2122 esse
1102 2085 1221 2122 irenem
1233 2115 1243 2131 ‚
1260 2098 1358 2134 atque
1377 2085 1452 2121 hinc
1465 2083 1631 2133 plerosque
1641 2096 1729 2120 mor-

347 2146 408 2182 bos
422 2140 591 2195 proficisci.
1044 2196 1048 2200 Α
