1878 2724
5 139 14 191 z

3 200 14 288 ἓ

8 0 28 62 Γ

25 57 26 65 l

24 119 25 126 l

22 195 24 202 l

488 105 556 139 'DE
591 104 941 142 FOSSILIBUS.
1377 109 1442 152 '405

64 154 182 202 gestum
214 152 355 202 primum
388 152 532 187 medullae
572 153 713 188 colorem
735 182 744 196 ‚
768 165 836 188 tum
864 155 965 200 adipis
992 164 1045 188 aut
1069 152 1180 201 butyri
1211 152 1444 190 consistentiam

64 202 215 249 adeptum
245 202 317 245 est,
342 202 440 248 idque
471 202 566 236 instar
596 202 697 249 adipis
721 204 789 250 igni
811 203 979 237 admotum
1014 201 1221 249 liquescebat.
1251 203 1312 237 Sed
1340 204 1373 236 in
1394 205 1443 251 ip-

63 248 385 297 sasdigestione'vase
411 250 478 297 post
507 249 634 297 aliquot
651 251 718 284 dies
742 250 884 295 recluso,
906 250 1028 298 spiritus
1055 253 1129 285 nitri
1160 262 1265 298 partes
1296 250 1444 287 sulfureas

63 298 208 333 exhalare
226 297 348 334 sinebat
362 328 371 342 ,
401 310 436 332 ut
455 298 564 333 oleum
595 298 714 334 firmius
732 298 807 333 ess'et
829 306 860 336 δε
879 301 1090 346 compaffius.
1116 303 1189 336 Nec
1204 299 1287 335 forte
1303 300 1398 348 adeps
1412 303 1444 336 in

15 404 20 442 g
61 394 207 443 pustula,
221 407 275 430 aut
287 396 392 431 salinae
414 407 517 444 partes
534 395 624 443 ipfius
644 396 797 444 sanguinis
815 409 889 431 cum
908 408 946 430 ea
973 408 1120 431 accurate
1138 395 1318 432 miscentur.
1357 400 1445 433 Hinc

61 443 214 492 pleraque
225 445 491 479 animalia-hieme
504 443 711 493 pinguescunt
722 459 729 480 :
740 445 828 491 quod
847 456 913 479 tum
926 456 1029 492 partes
1039 445 1154 479 oleosae
1172 444 1328 492 sanguinis
1343 449 1444 494 magis

64 494 279 540 coagulentur.
296 495 384 529 Cum
404 495 435 527 in
457 505 541 540 aqua
564 505 674 541 parum
689 491 725 527 fit
743 495 838 535 nitri,
857 493 934 528 hinc
959 493 995 528 fit
1014 505 1049 529 ut
1067 494 1229 541 pinguedo
1253 493 1382 540 piscium
1410 493 1447 529 fit

61 539 192 576 fluidior
207 547 238 578 δι
252 543 353 590 magis
370 540 500 585 oleosa3
517 540 567 576 sed
587 552 674 577 tertre
692 541 922 578 &animalium
958 543 1121 590 pinguedo
1138 543 1246 577 durior
1270 543 1313 577 est
1337 542 1384 577 ob
1402 545 1435 577 ni

60 588 178 624 trosum
196 602 316 626 aetem.
1437 589 1448 594 ”

92 640 172 674 Non
189 637 329 674 diffirnili
339 640 463 675 ratione
476 638 506 674 se
517 639 650 675 resinam
663 638 832 675 artificiose
843 636 1018 689 procreasse
1028 639 1158 675 testatur
1170 668 1179 683 ,
1195 651 1267 675 cum
1276 638 1387 674 oleum
1398 641 1448 673 *ai-

62 685 148 722 trioli
166 686 241 722 oleo
252 687 326 723 anifi
339 691 491 737 guttatim
504 688 661 724 affiidisset
670 717 679 732 ‚
691 694 724 725 &
734 701 879 724 accurate
893 687 1074 725 miscuiffet:
1087 688 1241 736 paulatim
1251 690 1382 723 enimin
1397 699 1447 722 re-

60 734 158 770 finam
175 748 213 770 ea
226 738 352 772 mistura
369 740 412 772 ita
425 737 565 781 coaluit,
582 749 618 772 ut
629 737 780 773 omnibus
799 741 922 786 gummi
936 735 1057 771 resinosi
1070 736 1295 772 affeffionibus
1311 737 1444 785 praedita

61 784 224 820 videretur
235 788 306 821 :vix
320 788 355 820 in
368 798 450 833 aqua
462 784 587 821 dissolvi
597 798 726 834 poterat
737 815 746 829 ‚
759 786 878 834 fragilis
894 797 962 821 erat
972 815 981 828 ‚
998 790 1031 822 &
1042 785 1137 822 facile
1155 784 1408 820 inflammabilis·

96 834 204 880 Atque
218 834 293 868 hinc
307 834 490 883 colligimus
502 837 672 883 gummi&
686 834 818 869 resinam
831 837 863 869 in
877 834 992 883 plantis
1009 846 1044 868 ex
1058 833 1202 882 partibus
1217 833 1329 868 oleosis
1339 839 1373 870 &
1383 835 1448 868 aci-

59 883 107 917 dis
117 882 181 917 una
191 883 365 917 commistis
377 884 516 931 prodire.
538 886 610 920 Nec
636 884 721 919 forte
741 882 900 918 succinum
915 911 924 925 ,
947 882 1044 918 sulfur
1058 912 1068 926 ,
1099 889 1132 920 &
1152 885 1262 918 omnia
1289 882 1448 917 bitumina

60 930 154 966 aliter
165 933 199 966 in
219 942 307 967 terrae
323 931 541 980 penetralibus
556 933 755 972 formantur:
771 944 809 966 ex
827 931 976 980 petroleo
991 931 1288 980 puriorisuccinum‚
1306 931 1359 966 vel
1378 943 1447 965 am-

60 978 153 1014 bram
168 981 316 1028 prodire,
327 992 363 1015 ut
374 993 414 1016 ex
430 980 526 1015 crasso
538 987 571 1018 &
582 984 674 1030 nigro
686 980 846 1016 bitumine
866 982 975 1016 omnia
993 979 1194 1015 concrescere
1215 980 1287 1015 satis
1306 981 1349 1014 est
1364 982 1449 1014 veri-

60 1026 161 1063 simile
173 1056 184 1071 ,
195 1040 298 1075 eaque
313 1032 422 1063 omnia
438 1030 596 1065 mistionis
611 1030 713 1078 gradu
729 1032 835 1077 potius
847 1028 946 1076 quarn
962 1040 1073 1063 natura
1089 1032 1174 1063 inter
1195 1028 1226 1063 se
1239 1029 1401 1064 differunt.

117 1076 228 1112 Sulfur
244 1089 280 1111 ex
301 1080 406 1126 pyrite
420 1078 527 1125 lapide
540 1106 548 1116 ,
581 1090 634 1113 aut
647 1077 808 1112 marcafita
822 1106 830 1120 ‚
856 1089 910 1112 aut
933 1090 1014 1112 vena
1034 1077 1195 1112 metallica
1211 1077 1379 1119 educitur,
1408 1087 1449 1110 eo

59 1126 198 1172 quidem
209 1127 310 1161 modo
324 1138 422 1173 quem
439 1126 506 1161 fuse
516 1129 676 1174 Georgius
693 1126 844 1175 Agricola
860 1126 1008 1174 explicat.
1026 1124 1147 1173 Saepius
1169 1138 1208 1160 ex
1228 1125 1337 1160 iisdem
1355 1127 1449 1160 venis

62 1173 160 1209 sulfur
185 1179 218 1211 &
245 1175 410 1210 vitriolum
420 1187 569 1210 eruuntur
585 1191 596 1218 ·,
611 1175 689 1210 illud
703 1177 785 1223 ignis
800 1174 1013 1210 incumbentis
1025 1177 1063 1210 vi
1081 1187 1137 1222 per
1150 1173 1331 1210 descensum
1346 1173 1449 1208 exstil-

61 1223 163 1267 latur,
186 1234 240 1257 aut
251 1223 474 1259 sublimatione
488 1224 632 1266 elicitur3
648 1223 813 1259 vitriolum
826 1223 943 1257 crebris
959 1222 1136 1258 lotionibus
1147 1250 1157 1265 ,
1170 1234 1204 1257 ut
1225 1222 1302 1257 sales
1312 1222 1427 1269 reliqui
1438 1251 1448 1264 ,

62 1277 98 1308 &
112 1274 346 1320 evaporatione
364 1270 547 1309 concrescit.
567 1273 732 1308 Interdum
747 1271 843 1307 sulfur
866 1273 1026 1320 integrum
1051 1277 1085 1308 &
1097 1284 1209 1320 purum
1224 1271 1243 1306 ὲ
1253 1272 1385 1306 mineris
1397 1270 1448 1304 ef.

57 1319 186 1357 efoditur
198 1349 208 1364 ‚
230 1320 404 1368 praesertim
421 1333 522 1369 prope
540 1333 667 1356 montes
682 1323 866 1370 ignivomos
884 1338 892 1365 3
911 1321 1088 1367 aliquando
1108 1319 1270 1368 lapidibus
1294 1317 1447 1354 adhaeres-

63 1371 265 1414 cit<3interim
277 1382 315 1404 ex
327 1382 410 1417 aqua
423 1369 577 1413 sulfurea,
597 1382 652 1405 aut
675 1372 691 1406 ὲ
712 1369 817 1418 glebis
836 1370 988 1405 educitur.
1011 1368 1119 1403 Sulfur
1144 1368 1230 1403 aliud
1261 1369 1302 1403 est
1333 1371 1449 1404 vivum

58 1423 98 1455 δέ
111 1419 273 1454 cinereum
288 1447 296 1460 ‚
309 1418 402 1465 quale
416 1420 447 1452 in
457 1420 588 1454 mineris
602 1422 758 1462 occurrit3
772 1418 855 1452 aliud
876 1417 1055 1452 subflavum
1075 1423 1108 1453 &
1130 1429 1198 1452 arte
1215 1428 1423 1465 praeparatum
1437 1445 1448 1460 ‚

64 1470 148 1513 cujus
160 1469 284 1515 generis
296 1467 342 1501 est
354 1479 526 1501 commune
552 1467 658 1503 sul-fut.
682 1470 768 1502 Inter
781 1478 952 1513 utrumque
964 1478 1116 1514 magnum
1129 1466 1171 1499 est
1187 1465 1360 1501 discrimen:
1372 1477 1448 1499 nam

56 1514 162 1555 ‚sulfur
189 1517 300 1551 vivum
325 1517 374 1550 cui
395 1528 479 1562 aqua
502 1515 594 1550 fortis
611 1515 780 1550 affunditur
795 1544 804 1558 ,
832 1528 897 1549 non
921 1516 1126 1550 mediocriter
1147 1513 1326 1549 effervescit
1345 1528 1352 1548 :
1371 1512 1448 1546 licet

54 1576 133 1602 ⁴non
149 1564 252 1598 statim
265 1593 273 1606 ,
288 1564 340 1598 sed
354 1566 524 1612 interjeoffi
538 1564 649 1609 aliquo
665 1575 813 1611 tempore
837 1562 890 1597 illa
916 1562 1065 1597 ebullitio
1083 1564 1226 1610 incipiat.
1265 1562 1328 1596 Sed
1348 1560 1446 1595 sulfur

65 1624 237 1647 commune
247 1612 335 1646 nullo
346 1613 443 1646 modo
462 1612 642 1648 intumescit
655 1641 665 1655 ,
683 1624 737 1647 aut
747 1614 901 1659 agitatur:
921 1610 960 1645 sic
975 1611 1149 1645 arsenicum
1162 1609 1271 1646 album
1282 1638 1291 1652 ‚
1316 1622 1371 1644 aut
1390 1609 1448 1644 fla-

65 1673 142 1695 vum
157 1672 216 1694 nec
228 1659 304 1694 sales
325 1660 416 1694 alcali
428 1689 436 1703 ,
448 1674 506 1695 nec
519 1662 717 1695 acidicomm
731 1673 831 1695 ovent
851 1674 858 1695 :
872 1661 958 1707 quod
973 1661 1020 1694 vis
1048 1672 1160 1693 eorum
1178 1672 1242 1694 non
1259 1670 1324 1693 tam
1341 1660 1375 1693 in
1387 1657 1448 1692 sale

52 1708 166 1756 squam
186 1711 217 1742 in
229 1710 371 1756 quodam
390 1709 504 1744 sulfure
521 1708 621 1757 posita
642 1709 694 1752 fit,
721 1721 754 1744 ut
771 1713 811 1744 D.
829 1710 943 1741 Grevv
959 1711 1022 1743 cite
1040 1706 1233 1742 observavit.

112 1760 152 1795 M
161 1770 235 1805 igna
252 1758 297 1791 est
310 1757 506 1792 bituminum
518 1761 666 1794 varietas,
676 1761 764 1794 Nam
775 1758 837 1792 alia
848 1757 916 1792 sunt
927 1756 1059 1803 liquida,
1070 1761 1103 1792 δε
1119 1755 1195 1791 oleo
1205 1755 1447 1802 fimillinia‚qiise

65 1808 154 1853 aquis
169 1808 316 1841 innuant
330 1824 338 1850 3
352 1807 411 1840 alia
423 1807 550 1841 duriora
564 1835 573 1849 ‚
587 1820 658 1854 quse
671 1809 687 1843 ὲ
707 1818 794 1840 terrae
811 1804 952 1840 faucibus
966 1817 1118 1840 eruuntur
1129 1834 1138 1847 ,
1161 1817 1296 1852 quaeque
1319 1803 1447 1838 diversis

18 358 22 394 f
63 346 251 382 animalibus
268 359 306 382 ex
328 359 418 395 parte
432 346 537 382 oleosa
553 348 708 396 sanguinis
725 348 819 382 aliter
830 347 1003 383 concrescit
1022 361 1032 383 :
1051 348 1128 384 cum
1140 347 1257 383 nitrosa
1273 351 1353 382 aeris
1372 362 1445 383 cor-

16 493 19 508 l

14 545 16 572 l

9 707 13 723 l

9 738 12 793 ἰ

41 1858 44 1862 ’
63 1853 225 1902 signantur
235 1854 432 1890 nominibus.
447 1857 596 1891 Bitumen
607 1856 776 1891 candidum
787 1860 819 1891 δε
829 1853 942 1889 subtile
952 1854 1094 1901 naphtha
1106 1854 1232 1898 dicitur3
1245 1852 1451 1901 nigrum‚foe-

62 1913 139 1938 -tens
153 1908 187 1939 &
196 1903 521 1946 amarum,biturninis
534 1917 653 1940 nomen
666 1907 791 1940 retinet.
803 1907 838 1938 In
849 1903 1005 1938 Palaestina
1014 1914 1097 1950 pene
1111 1903 1153 1936 est
1172 1914 1364 1950 purpureum
1378 1929 1388 1944 ,
1402 1903 1452 1936 id-

67 1963 132 1997 que
157 1950 336 1997 asphaltiun
357 1964 493 1995 vocant,
514 1965 579 1999 quo
595 1966 683 1988 mare
703 1964 863 1988 mortuum
884 1980 892 1994 ‚
920 1949 969 1985 seu
981 1950 1063 1986 lacus
1081 1951 1273 1999 Asphaltites
1291 1949 1448 1986 abundat.

69 2001 122 2034 Sic
133 1998 363 2046 pilsasphaltum
377 2001 510 2035 dicitur:
528 2002 616 2047 quod
630 2014 668 2035 ex
677 2005 748 2048 pice
762 1998 947 2047 &asphalto
963 1999 1172 2046 compositum
1190 2010 1360 2047 appareat:
1382 2012 1451 2033 non

52 2048 156 2094 ,quod
169 2046 205 2081 fit
220 2048 346 2082 mistura
367 2060 405 2082 ex
429 2051 502 2097 pice
521 2054 551 2085 δε
571 2048 730 2085 bitumine
755 2064 762 2085 :
795 2048 845 2084 sed
859 2051 931 2096 quia
946 2060 1152 2084 communem
1163 2050 1290 2095 utrique
1316 2047 1451 2081 odorem

71 2095 212 2131 exhalat.
739 2128 745 2133 .

111 2146 196 2180 Cum
209 2146 301 2179 instar
311 2146 375 2180 olei
391 2145 539 2182 bitumen
555 2146 707 2193 liquidum
721 2146 785 2188 est,
807 2145 988 2193 petroleum
1002 2148 1161 2181 vocitatur
1175 2163 1184 2188 3
1205 2158 1275 2179 cum
1297 2145 1388 2179 instar
1412 2143 1450 2177 li-

54 2192 253 2233 smicraffum
267 2195 382 2237 existit,
398 2195 554 2229 maltham
566 2197 739 2230 nominant.
753 2196 900 2229 Bitumen
917 2195 1030 2230 durum
1054 2200 1086 2231 &
1101 2193 1238 2241 politum
1257 2204 1387 2240 gagates
1402 2192 1452 2225 di-

64 2243 161 2277 *citur-
174 2244 224 2276 Sic
234 2242 332 2277 carbo
345 2243 456 2278 foffilis
469 2244 514 2277 est
526 2243 690 2290 quoddam
701 2242 866 2277 bituminis
882 2255 988 2289 genus.

108 2292 227 2337 Neque
236 2291 298 2325 alia
307 2292 349 2329 est
362 2321 370 2335 ‚
389 2304 425 2326 ut
436 2290 702 2334 diximus‚succini
715 2302 840 2334 natura,
855 2302 907 2325 aut
921 2293 1014 2340 origo
1029 2304 1035 2324 :
1051 2290 1092 2323 est
1109 2292 1195 2323 enim
1208 2288 1311 2322 succus
1322 2287 1456 2322 bitumi-

70 2338 163 2374 nosus
176 2339 327 2377 &fossilis
343 2369 352 2384 ‚
370 2354 436 2376 uon
450 2340 553 2376 succus
564 2339 684 2374 arboris
699 2350 753 2374 aut
776 2342 919 2387 gummi,
938 2352 971 2375 ut
990 2339 1136 2386 plerique
1157 2339 1337 2383 opinantur.
1363 2339 1452 2373 Nam

1180 2388 1205 2421 E
1221 2397 1237 2418 e
1251 2397 1267 2419 e
1290 2387 1322 2433 iij
