1878 2724
552 112 629 150 DE
663 111 967 149 METEORIS.
1120 129 1124 131 >
1371 113 1442 164 395

69 160 92 218 li
106 172 144 196 ex
155 157 272 209 duplici
280 156 477 196 refrafflone
491 157 526 197 in
541 163 640 210 guttis
651 160 816 206 roridis‚ut
834 163 866 198 in
874 159 984 209 phiala
995 159 1098 197 vitrea
1107 170 1162 197 aut
1172 160 1206 198 in
1216 161 1297 198 iride
1307 161 1371 212 ipsa
1389 167 1447 200 de-

70 209 245 247 mantua*
630 258 687 291 De
702 256 870 307 parhems.

102 356 208 403 Major
217 365 274 389 nos
290 365 400 390 manet
409 356 448 391 de
457 355 607 404 parheliis
619 382 629 397 ,
647 366 722 389 curn
735 352 853 389 scilicet
862 352 968 402 plures
978 352 1058 388 soles
1074 365 1231 403 apparent
1249 359 1281 393 in
1295 358 1444 404 nubibus,

65 401 251 438 difficultas:
265 401 328 437 five
342 405 375 438 in
390 403 533 440 denfiore
542 432 552 446 ,
563 410 597 441 &
609 401 758 449 aequabili
770 401 858 437 nube
883 403 962 436 radii
972 400 1044 437 solis
1054 404 1186 438 refradffi
1198 405 1238 439 ad
1249 407 1357 442 oculos
1371 420 1445 457 per-

65 453 200 486 veniant
221 467 230 494 ;
260 450 323 486 five
343 464 379 487 ur
393 454 524 488 videtur
544 449 689 486 Cattefio
704 478 714 493 ‚
729 450 775 485 sol
792 449 874 485 nubi
890 450 1079 498 congelatae,
1094 456 1127 487 &
1145 452 1252 499 politae
1266 458 1441 504 imaginem

63 498 151 535 suam
168 501 343 548 imprimat.
358 501 474 537 Nubes
484 501 617 548 quidem
626 498 861 547 conglaciatur‚
878 496 953 533 cum
968 497 1074 532 calore
1088 498 1190 534 soluta
1201 506 1372 550 repentino
1386 505 1443 539 fri..

63 560 143 598 gore
158 550 327 596 corripitur
342 548 498 597 :glaciem
510 560 589 584 veto
598 548 685 583 illam
701 550 737 582 in
754 558 826 581 aere
836 546 1040 594 suspendunt,
1054 559 1108 582 aut
1121 560 1256 596 vapores
1273 554 1327 599 qui
1338 556 1444 588 conti-

63 607 178 632 nenter
189 597 207 631 ὲ
221 606 304 631 tetra
320 608 508 644 erumpunt,
522 605 577 632 aut
586 598 679 631 venti
691 598 749 643 qui
759 597 791 629 in
803 594 928 630 sublimi
939 594 1160 630 vehementius
1172 597 1300 645 spirant.
1316 602 1368 635 Sic
1382 605 1442 645 vis,

62 656 117 679 aut
127 647 261 691 impetus
281 646 374 680 venti
390 646 545 681 dracones
558 644 631 680 illos
646 644 792 680 volantes
801 655 971 691 puerorum
987 643 1124 679 ludibria
1134 649 1255 682 tamdiu
1269 650 1300 683 in
1312 661 1385 684 aere
1397 650 1442 685 sii·

64 692 160 728 stinet
174 709 184 735 3
200 703 255 727 aut
274 691 362 727 forte
377 705 512 741 corpora
527 697 634 730 minus
653 695 825 741 gravitant,
837 704 902 738 quo
916 692 1040 775 lonffiius
1061 692 1081 728 ὲ.
1092 704 1174 729 terra
1192 695 1367 734 discedunt.

98 744 222 777 Verum
239 752 274 776 ut
292 741 477 790 Philosophi
489 746 521 779 in
536 743 626 790 hujus
642 743 784 777 Meteori
797 740 900 776 causas
917 753 960 789 po
989 752 1038 775 int
1054 743 1234 789 inquirere,
1257 745 1289 780 id
1308 746 1443 782 necessa-

61 791 143 825 rium
166 789 314 833 videtur,
339 802 374 825 ut
392 793 484 827 varia
497 791 593 826 villius
614 791 826 838 phaenomena
854 800 929 824 ante
957 787 1125 825 observata
1144 792 1240 839 paulo
1262 793 1441 842 diligentius

63 840 254 874 examinent
265 849 318 874 :ut
328 850 366 874 ex
382 841 419 874 iis
431 841 514 874 inter
528 839 559 874 se
572 839 790 885 collatis,quae
803 836 861 873 sint
873 850 985 872 eorum
999 838 1107 883 causae,
1119 843 1309 890 conJedkuris
1331 843 1443 880 saltem

61 887 264 933 assequantur.
283 889 392 934 Atque
408 900 444 923 ut
453 887 751 936 omitam‚parhelia
760 899 832 933 quae
849 899 935 921 anno
951 899 962 921 x
972 887 1031 931 629
1047 887 1098 922 die
1110 903 1129 932 9
1144 891 1255 924 Martii
1273 892 1388 927 Romae
1398 895 1442 928 vi-

61 934 111 979 sa,
129 935 148 970 ὲ
165 934 308 970 Cartefio
321 934 391 970 sunt
406 936 564 972 delineata
575 965 584 979 ‚
595 942 629 972 &
643 948 681 971 ea
690 947 760 982 quae
768 937 819 971 vir
836 933 957 970 docum
978 937 1012 972 P.
1034 935 1061 968 le
1079 939 1167 983 Boffu
1179 950 1264 973 anno
1280 941 1353 977 1666
1368 942 1440 985 ,die

61 998 81 1029 9
93 983 209 1031 Aprilis
220 996 320 1032 prope
331 985 510 1020 Carnutum
527 984 714 1020 observavit
729 1013 739 1027 ,
753 996 889 1031 quaeque
913 986 1072 1018 acerrimo
1084 987 1134 1019 vir
1155 987 1284 1033 ingenio
1298 994 1332 1025 δε
1352 993 1451 1025 omni'

64 1032 245 1068 eruditione
263 1033 407 1080 ptaestans
418 1036 463 1070 D.
476 1035 598 1068 Gallois
612 1045 681 1068 tum
691 1036 723 1068 in
740 1033 937 1067 eruditorum
951 1031 1178 1079 Ephemerides
1201 1036 1312 1072 retulit
1333 1038 1384 1072 die
1399 1052 1437 1075 io

62 1081 146 1115 Maii
160 1084 223 1116 :Ex
240 1080 347 1115 multis
359 1110 367 1124 ‚
380 1094 452 1128 quae-
466 1084 546 1116 circa
563 1081 624 1116 hoc
641 1081 877 1129 phaenomenon
894 1081 1064 1116 adnotavit
1080 1083 1112 1117 P.
1129 1082 1158 1115 le
1173 1084 1262 1130 Boffu
1273 1113 1285 1128 ‚
1305 1098 1441 1134 qnaeque

59 1128 144 1164 olim
159 1128 326 1164 nobiscum
342 1129 484 1178 benigne
503 1131 758 1165 communicavit
769 1157 778 1171 ,
795 1140 894 1175 pauca
915 1131 1093 1176 attingam.-

101 1191 124 1214 1.
147 1180 288 1213 Exeunte
301 1180 425 1213 Martio
436 1207 445 1221 ‚
461 1181 638 1214 &ineunte
656 1177 756 1226 Aprili
766 1177 963 1224 frequentius
977 1177 1142 1221 visuntur,
1157 1178 1264 1216 hieme
1277 1181 1346 1217 fere
1364 1195 1439 1219 nun.

60 1237 161 1273 quam
176 1255 185 1267 ‚
203 1227 304 1260 aestate
325 1227 483 1261 interdum
495 1223 920 1274 conspiciuntur-,praefertim
931 1225 953 1261 fi
968 1238 1043 1274 vere
1056 1229 1186 1262 ineunte
1198 1229 1257 1265 v1s1
1272 1230 1399 1267 fuerint.

96 1286 130 1310 2'.
150 1277 215 1309 Vix
224 1275 365 1323 parhelia
384 1286 553 1310 cernuntur
564 1303 573 1317 ‚
591 1278 667 1322 quin
683 1274 771 1310 simul
792 1286 911 1310 corona
928 1276 1010 1308 circa
1023 1273 1122 1309 solem
1133 1304 1143 1318 ‚
1156 1289 1259 1324 eaque
1275 1281 1363 1313 iridis
1384 1292 1440 1314 co.

64 1322 184 1358 loribus
203 1325 302 1358 tincta
316 1336 478 1372 appareat.
496 1326 546 1358 Sic
559 1327 593 1358 in
609 1323 754 1372 parheliis
769 1324 789 1359 a
800 1321 943 1358 Cartefio
954 1322 1117 1370 descriptis
1132 1325 1248 1373 duplex
1260 1339 1331 1362 erat
1349 1328 1438 1372 halo,

63 1376 147 1420 cujus
164 1373 304 1405 medium
315 1372 356 1406 sol
371 1371 559 1420 occupabat.
572 1372 672 1416 Qod
685 1372 705 1407 ἐι
720 1373 754 1406 P.
765 1372 794 1404 le
811 1372 897 1418 Boffu
915 1370 1014 1405 visum
1029 1372 1074 1406 est
1099 1373 1151 1406 die
1174 1388 1193 1418 9
1217 1376 1335 1423 Aprilis
1351 1388 1438 1411 anno

64 1427 153 1464 1666,
168 1425 201 1457 δε
215 1422 308 1455 tertio
320 1421 391 1468 post
403 1421 455 1455 die
479 1421 498 1456 a
511 1424 560 1456 D.·
572 1420 736 1467 Stephano
748 1449 757 1463 ‚
767 1418 909 1456 Ecclesiae
926 1420 1128 1455 carnutensis
1150 1435 1231 1458 nunc
1244 1425 1416 1459 Canonico
1429 1439 1438 1461 :

64 1479 236 1515 utrumque
249 1497 257 1510 ‚
273 1471 405 1516 inquam
421 1482 500 1505 ,cum
520 1469 637 1516 duplici
653 1468 923 1516 haloneapparuit.
937 1469 998 1503 Sed
1014 1472 1149 1503 exterior
1159 1470 1235 1505 halo
1247 1485 1314 1507 erar
1326 1485 1440 1508 excen-

65 1519 168 1554 tricus.
182 1519 228 1552 Ac
240 1517 307 1552 fere
318 1519 439 1565 semper
454 1518 518 1553 duo
538 1517 628 1565 spurii
641 1515 718 1551 soles
737 1518 769 1552 in
782 1518 933 1551 exteriori
948 1529 1064 1550 corona
1077 1518 1149 1552 hinc
1164 1521 1238 1554 inde
1257 1533 1439 1557 cernuntur:

66 1567 149 1600 adeo
160 1578 194 1600 ur
204 1565 273 1600 satis
283 1565 318 1600 fir
332 1565 497 1601 verisimile
510 1566 645 1599 eandem
655 1577 737 1613 pene
751 1565 811 1599 effe
820 1567 899 1600 aeris
909 1564 1146 1612 dispositionem
1161 1569 1193 1602 in
1210 1568 1358 1615 parheliis
1368 1582 1438 1616 quae

65 1616 98 1649 in
111 1616 238 1649 coronis
250 1617 387 1649 cernitur
402 1629 410 1650 :
424 1613 495 1648 raro
509 1613 584 1648 halo
602 1612 706 1648 solaris
717 1615 855 1647 cernitur
869 1642 879 1656 ,
897 1615 974 1660 quin
987 1625 1025 1648 ex
1039 1625 1174 1662 utraque
1185 1628 1276 1663 parre
1297 1617 1438 1665 parhelia

63 1661 172 1697 saltem
190 1662 338 1697 inchoata
356 1675 509 1709 tanquam
524 1661 605 1696 alba:
615 1661 743 1696 maculae
759 1660 1003 1708 conspiciantur.

102 1712 189 1746 Hinc
199 1714 241 1746 D.
260 1713 420 1745 Marione
439 1713 571 1758 conjicit
589 1710 730 1758 parhelia
743 1738 752 1752 ‚
768 1721 804 1744 ur
817 1723 950 1746 coronas
970 1712 1002 1745 in
1019 1722 1172 1758 vaporum
1190 1712 1349 1759 particulis
1359 1726 1437 1749 con-

65 1759 207 1807 glaciatis
226 1765 257 1795 δε
271 1759 434 1807 diaphanis
448 1758 485 1794 fic
495 1760 674 1798 formarint
685 1771 754 1806 quae
769 1758 917 1805 prismata
929 1755 1072 1793 efficiunt
1085 1759 1225 1805 parhelia
1237 1790 1245 1803 ‚
1258 1762 1369 1796 eadem
1381 1761 1439 1798 sint

64 1812 195 1855 majora,
208 1807 322 1842 melius
335 1808 489 1852 formata3
502 1819 639 1854 cumque
651 1820 720 1855 pars
734 1806 833 1841 altera
849 1806 883 1841 sit
899 1807 1001 1841 levior
1013 1836 1022 1849 ,
1042 1807 1182 1843 infistant
1201 1810 1242 1843 ad
1265 1812 1438 1857 perpendi-

65 1856 182 1892 culum.
193 1856 294 1892 Unde
309 1870 373 1891 non
390 1859 502 1891 mirum
514 1855 533 1889 si
544 1858 645 1890 minus
656 1856 769 1890 durent
785 1854 882 1902 quam
891 1868 1018 1891 coronae
1032 1883 1042 1898 ‚
1066 1862 1098 1892 &
1120 1855 1141 1890 si
1155 1858 1325 1892 vividiores
1346 1859 1438 1893 colo-

66 1915 115 1937 res
130 1907 290 1939 emittant.
308 1908 394 1941 Nam
409 1917 476 1951 quae
487 1905 582 1938 irides
600 1907 631 1938 in
643 1916 764 1952 vapore
779 1902 963 1950 aquoso‚aut
976 1906 1009 1940 in
1024 1904 1142 1939 nebula
1160 1906 1328 1948 videntur,
1350 1909 1438 1943 unius

66 1951 135 1986 fere
147 1950 218 1987 sunt
228 1953 362 1995 coloris,
376 1954 463 1999 quod
483 1951 622 1987 debilior
646 1952 681 1987 fit
700 1952 828 1987 luminis
846 1952 1006 1988 refraffio.
1034 1953 1117 1998 Qae
1141 1966 1273 1989 coronas
1297 1952 1439 1991 efficiunt

65 1999 213 2048 prismata
225 2013 296 2035 cum
308 2004 421 2049 exigua
430 2000 488 2037 fint
499 2029 509 2044 ,
524 1999 641 2035 diutius
661 2003 694 2036 in
715 2013 788 2035 aete
801 1999 941 2050 suspensa
959 2013 1165 2050 permanent,
1188 2003 1240 2038 sed
1264 2001 1438 2039 debiliores

71 2048 195 2082 colores
207 2048 372 2084 exhibent.

102 2111 125 2142 3.
152 2099 240 2144 Saepe
254 2098 368 2131 accidit
382 2108 418 2131 ut
438 2108 552 2144 praetet
572 2097 724 2132 halonem
740 2097 900 2146 duplicem
916 2098 1050 2134 circulus
1079 2098 1171 2133 albus
1188 2098 1350 2134 horizonti
1366 2099 1437 2134 fere

66 2144 236 2193 parallelus
248 2175 257 2188 ‚
274 2148 396 2192 quique
411 2157 466 2193 per
490 2157 637 2179 centrum
651 2145 720 2179 solis
734 2145 842 2181 transit
855 2175 865 2188 ,
877 2159 1029 2194 appareat
1041 2175 1050 2189 ‚
1068 2149 1101 2182 in
1119 2159 1224 2194 eoque
1243 2146 1338 2194 spurii
1356 2146 1437 2181 soles

67 2193 251 2230 videantur:
263 2206 297 2229 ur
311 2196 421 2229 evenit
444 2194 475 2227 in
490 2195 527 2226 iis
552 2194 699 2240 parheliis
711 2206 846 2240 quorum
858 2197 1074 2230 meminimus.
1092 2196 1254 2230 Interdum
1266 2205 1373 2228 tamen
1384 2195 1437 2230 hic

67 2241 199 2276 circulus
210 2243 308 2278 deest.
320 2245 371 2277 Sic
383 2254 467 2276 anno
478 2247 554 2277 1666
571 2242 623 2276 die
636 2244 770 2290 14Junii
783 2244 864 2277 circa
876 2243 988 2278 horam
1000 2243 1166 2290 septimam
1177 2244 1366 2276 matutinam
1380 2254 1436 2277 co-

68 2301 180 2325 ronam
192 2290 322 2325 solarem
336 2291 418 2325 vidit
431 2291 480 2323 vir
491 2290 687 2337 pereruditus
705 2290 725 2324 ὲι
737 2289 830 2325 nobis
846 2291 989 2326 laudatus
1009 2295 1049 2327 D.
1067 2290 1248 2338 Stephanus
1259 2317 1268 2331 ‚
1289 2288 1387 2325 solem
1401 2293 1436 2326 in

67 2338 173 2374 medio
182 2367 193 2384 ‚
209 2345 242 2376 δε
252 2341 331 2376 duos
340 2338 418 2375 soles
433 2338 550 2388 spurios
561 2338 743 2375 ediametro
754 2337 812 2374 fibi
825 2338 987 2388 oppositos
998 2357 1009 2385 3
1021 2350 1101 2376 unus
1112 2338 1435 2424 aigsgpitentrionem²

1255 2399 1276 2434 ¹]
