1878 2724
376 167 440 201 204
761 149 1012 188 PHYSICAE
1049 151 1393 189 GEN-ERA'LIS

373 201 616 251 utquafiinvita
626 211 662 235 ea
671 210 808 248 corpora
818 200 997 248 pervadat:
1018 213 1131 250 corpus
1151 204 1238 237 enim
1258 201 1391 239 fluidum
1415 208 1448 241 &
1472 212 1569 239 tenue
1590 214 1655 251 qua
1672 213 1764 254 patet

373 253 478 287 aditus
497 281 506 295 ‚
522 248 672 284 velutsua
686 247 798 296 sponte
811 250 941 298 irrepit,
961 260 997 285 ut
1009 252 1043 285 in
1053 262 1137 298 aqua
1147 250 1213 299 ipsa
1230 254 1400 290 cernimus.

409 297 614 349 Opp.2.Cr*1m
633 296 770 332 scintilla
783 300 867 347 ignis
877 301 912 336 in
921 310 1074 335 acervum
1086 298 1230 348 pulveris
1264 303 1326 348 yrii
1337 302 1465 351 delapsa
1480 313 1555 338 eum
1568 303 1764 348 accendit‚&

372 350 538 391 nitefacit,
557 358 665 383 motus
680 346 736 382 ille
745 376 754 391 ‚
774 359 830 383 aut
843 348 1016 386 rarefae‘tio
1028 348 1049 384 ὲ
1071 350 1207 384 materia
1248 349 1345 384 ubtili
1370 350 1529 399 proficisci
1554 365 1622 388 non
1643 354 1759 401 pote'st.

373 399 465 444 Qid
476 397 518 432 est
536 399 623 432 enim
633 397 722 444 quod
741 408 814 433 earn
825 397 972 448 impellat
985 400 1156 433 materiam
1167 427 1177 441 ‚
1192 409 1248 433 aut
1258 409 1347 434 tanta
1358 402 1392 434 vi
1406 403 1507 449 agitet
1518 430 1527 445 ,
1538 414 1612 437 curn
1626 403 1701 438 anre·
1716 402 1765 438 es-

370 447 415 481 set
427 448 540 494 quieta
550 455 560 482 ὲ
571 458 625 481 aut
634 446 808 494 ,quomodo
823 448 855 483 id
868 460 942 483 curn
957 458 1075 484 natutae
1086 446 1213 497 legibus
1222 475 1231 490 ‚
1250 452 1285 484 &
1299 459 1448 484 motuum
1465 453 1765 488 communicatione

369 496 525 540 cohaeret,
539 507 581 531 -ut
593 497 678 545 ignis
686 494 822 531 scintilla
840 496 921 533 nihil
931 497 971 532 de
987 496 1043 532 suo
1054 508 1147 532 motu
1156 498 1328 533 remittens
1337 527 1347 541 ‚
1361 497 1419 534 ·vel
1437 497 1505 534 solo
1519 501 1680 535 contactu·
1690 512 1764 536 tan-

370 556 437 580 tam
448 545 575 594 pulveri
589 547 683 594 pyrio
701 547 915 595 agitationem
928 548 1118 596 impertiat?
1133 545 1219 581 unde
1230 545 1317 583 illius
1330 549 1377 584 vis
1388 558 1422 583 ut
1435 559 1525 583 arces
1540 547 1632 597 ipsas,
1641 554 1675 586 &
1687 563 1765 599 pro-

369 595 550 643 pugnacula
569 594 709 642 disjiciat
725 609 732 631 :
748 606 785 630 ut
803 598 836 631 in
849 596 1005 632 cuniculis
1022 596 1184 640 videmus,

403 644 491 693 Resp.
502 656 576 680 eum
586 643 741 680 effictum
755 646 788 679 vi
804 644 935 681 elasticae
949 643 1071 681 accenfi
1085 643 1227 693 pulveris
1249 645 1447 693 potissimum
1463 645 1524 683 esse
1538 647 1763 685 referendumt

370 704 439 728 tum
452 696 540 729 enim
554 692 702 729 accensus
718 693 824 742 pulvis
835 697 892 741 qui
902 699 1065 742 majorem
1075 694 1184 730 locum
1199 694 1341 742 postulat
1355 725 1365 739 ,
1390 699 1482 731 omni
1494 707 1642 746 exparte
1657 700 1764 746 parie-

369 742 458 777 tibus
470 745 598 779 innixus
608 770 619 787 ,
631 754 696 791 qua
711 754 802 791 parte
813 746 916 779 minus
927 742 1098 789 obsistitur,
1115 755 1156 779 ea
1166 746 1308 792 erumpit
1319 760 1329 789 ς
1340 743 1492 782 dilatatio.
1503 744 1680 796 successim
1689 745 1763 795 pul-

353 794 457 829 ›veris
481 795 549 829 vim
574 790 779 842 percussionis
798 804 907 842 auget.

762 937 875 974 “DIS
891 937 913 971 S
929 935 1145 974 ERTAT
1161 940 1175 973 1
1192 939 1226 974 O
1278 939 1336 974 11,

631 1037 687 1072 De
705 1032 919 1086 qualitatibus
927 1035 1058 1082 aHuvsts
1066 1064 1075 1076 ‚
1089 1049 1153 1085 quae
1163 1049 1203 1071 ex
1214 1044 1300 1072 motu
1313 1033 1490 1085 profluunt.

367 1133 491 1218 DE
503 1135 715 1183 qualitatibus
726 1146 898 1184 corporum
916 1133 1087 1183 separatim
1101 1134 1218 1170 dicturi
1229 1163 1239 1177 ,
1258 1133 1351 1168 abiis
1362 1143 1429 1181 quae
1442 1129 1512 1166 sunt
1529 1133 1632 1181 magis
1647 1138 1758 1172 mani-

468 1183 553 1220 festae
566 1214 575 1229 ‚
610 1185 794 1229 ordiemur,
817 1197 884 1220 non
908 1194 943 1219 ut
953 1185 994 1219 de
1004 1182 1158 1219 omnibus
1171 1212 1179 1227 ,
1194 1184 1227 1218 id
1248 1185 1338 1219 enim
1356 1193 1441 1231 pene
1467 1178 1631 1218 infinitum
1652 1183 1757 1229 foret,

367 1232 420 1266 sed
437 1243 471 1267 ut
491 1232 532 1267 de
544 1236 658 1281 primis
674 1246 712 1268 ac
728 1234 890 1282 praecipuis
903 1260 914 1276 ‚
939 1245 983 1269 ex
998 1231 1114 1279 quibus
1127 1232 1256 1280 teliquae
1275 1232 1346 1267 fere
1363 1239 1477 1266 omnes
1498 1229 1654 1267 ducuntur
1666 1261 1676 1276 ,
1688 1233 1757 1268 ‘hoc

364 1281 655 1329 *locodisputemus
670 1280 816 1318 Primum
827 1283 939 1328 itaque
948 1281 1122 1329 qualitates
1134 1309 1144 1325 ,
1157 1282 1298 1316 calorem
1318 1279 1476 1328 imprimis
1487 1305 1498 1320 ‚
1519 1283 1553 1315 δι
1567 1278 1756 1328 frigus‚quae

367 1328 515 1365 latiffime
525 1342 658 1380 patent,
677 1341 747 1367 tum
761 1330 838 1365 alias
861 1327 1116 1379 persequemurj
1142 1329 1281 1380 reliquas
1301 1341 1372 1378 qux
1388 1324 1552 1364 adsensus
1567 1330 1757 1379 pertinent,

367 1380 402 1413 in
419 1377 518 1416 alium
542 1379 651 1417 locum
670 1380 876 1418 reservamus.

882 1476 928 1514 »C
949 1477 980 1514 Ἀ
1006 1479 1031 1514 Ρ
1055 1478 1090 1515 U
1110 1479 1147 1514 T
1200 1480 1227 1513 1.

939 1575 1002 1610 -De
1012 1576 1141 1612 Calore.

365 1673 488 1758 DE
498 1673 605 1710 calore
614 1675 679 1710 duo
693 1672 764 1711 stmt
772 1672 867 1710 nobis
876 1674 1082 1717 excutienda,
1096 1687 1117 1710 1.
1128 1675 1163 1709 in
1175 1685 1241 1721 quo
1250 1673 1335 1709 illius
1348 1684 1460 1711 natura
1470 1673 1574 1723 potita*
1583 1674 1631 1720 fit,
1643 1689 1671 1712 2.
1680 1686 1750 1723 quae

466 1721 524 1758 fint
542 1727 708 1771 praecipuae
723 1729 788 1772 ejus
798 1724 997 1759 differentiae.
1015 1725 1066 1758 Ac
1079 1724 1119 1757 de
1131 1722 1246 1757 caloris
1266 1734 1378 1757 natura
1396 1735 1515 1771 magna
1533 1726 1746 1759 contentione

364 1783 505 1806 certatur
518 1785 526 1806 :
546 1771 647 1819 vulgo
657 1775 745 1807 enim
754 1774 838 1807 inter
852 1772 1032 1805 accidentia
1045 1800 1054 1814 ,
1071 1781 1128 1805 aut
1140 1770 1311 1816 qualitates
1322 1782 1508 1806 numeratur
1521 1788 1530 1813 3
1545 1772 1612 1806 sunt
1623 1774 1679 1820 qui
1693 1784 1747 1806 ca-

363 1820 468 1856 lorem
484 1820 565 1855 nihil
577 1819 638 1855 effe
661 1832 775 1869 putent
786 1831 897 1868 praetet
909 1818 1076 1854 effiuvium
1095 1821 1269 1865 ignitarum
1280 1829 1488 1862 atomorum3
1505 1819 1651 1867 plerique
1671 1833 1747 1856 eum

363 1881 456 1904 motu
468 1869 610 1917 quodam
620 1872 780 1905 contineri
794 1880 908 1918 putant
927 1881 935 1904 :
954 1880 1015 1904 nec
1027 1866 1144 1904 dubito
1174 1869 1251 1915 quin
1274 1869 1356 1902 inter
1373 1878 1428 1902 eos
1446 1866 1542 1902 facile
1553 1868 1648 1917 poffit
1665 1882 1746 1905 con-

364 1930 488 1954 venite.

399 1968 447 2002 Est
466 1969 555 2002 eni-m
572 1965 658 2001 calor
674 1969 706 2001 in
716 1979 816 2002 manu
827 1979 916 2016 v.gr.
932 1964 1237 2014 exceptus‚fimu1-&
1248 1963 1423 2001 substantia
1440 1994 1449 2009 ‚
1470 1970 1505 2002 &
1517 1965 1678 2009 accidens,
1692 1965 1746 2001 ve'l

363 2016 500 2063 qualitas
518 2034 526 2060 3
543 2027 604 2050 nec
621 2014 683 2050 fine
696 2019 844 2050 motione
865 2017 1005 2064 quadam
1019 2016 1205 2063 concipitur.
1233 2017 1322 2050 Nam
1339 2013 1550 2050 minutiffirnae
1564 2017 1746 2062 atomiquae

359 2065 434 2114 jugi.
444 2062 531 2099 fluxu
543 2065 560 2099 ὲ
577 2063 697 2111 pabulo
711 2064 766 2100 suo
784 2065 952 2100 dimanant
961 2092 971 2108 ‚
981 2063 1061 2100 nihil
1072 2063 1143 2098 sunt
1154 2059 1212 2100 nisi
1227 2062 1445 2100 substantiales
1456 2061 1588 2099 effluxus
1602 2076 1654 2100 eac
1665 2063 1745 2100 nibil

361 2115 436 2149 astu
449 2112 589 2148 calidum
599 2113 824 2160 est,quodnon
842 2114 931 2148 idem
947 2115 1155 2148 continenter
1173 2111 1352 2161 dissipetur.

398 2163 446 2198 Est
461 2161 574 2197 itidem
585 2162 674 2196 calor
687 2164 834 2198 accidens
851 2162 1017 2209 quoddam
1047 2176 1055 2196 τ
1079 2174 1153 2197 nam
1175 2161 1320 2209 ίῐὼῇεᾶο
1333 2192 1342 2207 ‚
1366 2174 1403 2197 ut
1415 2163 1520 2197 manui
1536 2161 1654 2195 accidit
1670 2178 1679 2204 ·,
1697 2161 1742 2195 est

362 2212 477 2252 itidem
497 2210 590 2246 velut
600 2213 790 2262 peregrinus
803 2240 812 2255 ‚
824 2216 856 2248 &
870 2210 1004 2259 separari
1019 2210 1060 2246 ab
1078 2223 1120 2246 eo
1132 2213 1252 2259 potest:
1265 2212 1343 2248 *hinc
1357 2210 1492 2259 qualitas
1508 2210 1638 2252 dicitur,
1655 2210 1743 2258 quod

362 2259 540 2309 subjeetum
557 2259 644 2295 suurn
662 2260 728 2295 tale
745 2261 935 2296 denominet
952 2266 1014 2303 ,ἃ
1025 2260 1163 2295 alterum
1177 2259 1307 2296 afficiat.

397 2309 444 2344 Est
454 2309 595 2356 denique
607 2308 694 2344 calor
702 2312 808 2345 motio
819 2310 968 2357 quaedam
981 2321 1049 2344 turn
1061 2312 1093 2344 in
1103 2322 1138 2344 re
1148 2322 1220 2357 quae
1234 2309 1383 2344 calefacit
1393 2337 1402 2351 ,
1422 2318 1488 2342 tum
1507 2309 1538 2341 in
1552 2305 1618 2354 ipso
1632 2305 1740 2342 sensus

362 2370 494 2405 organo.
509 2358 572 2392 Sed
581 2357 621 2392 de
630 2358 738 2394 calore
753 2371 838 2395 nunc
853 2361 976 2407 agimus
986 2370 1021 2393 ut
1032 2360 1064 2393 in
1076 2358 1106 2393 se
1119 2360 1162 2393 est
1174 2387 1183 2402 ,
1205 2371 1270 2393 non
1281 2369 1316 2391 ut
1330 2355 1452 2392 {mobis
1469 2358 1655 2404 percipitur.
1667 2358 1741 2391 Nec

364 2405 497 2442 dubium
509 2407 551 2443 est
563 2410 685 2456 quinin
695 2420 736 2445 eo
754 2407 852 2457 posita
862 2404 897 2443 fir
910 2406 1023 2444 caloris
1034 2419 1144 2449 natura
1154 2437 1163 2453 ‚
1175 2407 1263 2455 quod
1273 2403 1482 2455 sempetcum
1496 2417 1536 2440 eo
1547 2405 1593 2439 est
1605 2409 1740 2452 conjun-
