1878 2724
418 169 472 202 3⁵7¹-
728 147 1504 189 PHYSICAEPARSSECUNDA.

417 219 458 242 ne
474 203 532 240 fint
547 210 630 253 pene
641 200 830 250 incognitae,
845 212 882 235 ut
896 212 938 236 ex
946 200 1075 235 erudito
1084 201 1157 236 viro
1169 228 1181 244 ,
1197 213 1294 248 quem
1312 201 1493 236 identidem
1520 199 1717 238 laudavimus
1729 231 1741 247 ,
1751 211 1819 240 nus

420 267 476 303 per
491 254 679 300 accepimus.
695 251 789 285 Vidit
802 261 912 285 tamen
929 262 970 285 eo
984 248 1048 284 loci
1064 249 1286 294 naves-malis,
1305 250 1427 287 &velis
1447 249 1592 299 disruptis
1611 263 1674 299 prae
1691 253 1818 301 impetu
1844 264 1847 290 ρ

417 303 572 351 typhonis
599 302 658 347 qui
675 311 728 334 eas
744 301 828 335 circa
844 298 1016 334 secundum
1037 298 1218 334 latitudinis
1232 299 1367 348 gradum
1376 298 1541 335 invaserat.
1553 300 1654 348 quue
1665 299 1818 337 observa.

417 364 486 386 tum
499 351 561 385 fuit
571 349 712 384 eundem
723 351 779 396 qui
791 361 879 384 anno
892 352 970 394 1669
979 377 989 392 ‚
1000 348 1107 383 mense
1119 346 1306 396 Septembri
1315 350 1348 384 in
1357 349 1410 384 his
1420 347 1604 398 regionibus
1615 349 1700 384 adeo
1707 348 1818 396 saeviit,

415 402 499 435 circa
521 401 553 434 S.
565 397 796 447 Christophori
809 426 821 440 ,
836 403 871 434 &
883 400 1005 433 vicinas
1026 396 1143 433 Insulas
1164 396 1216 432 sex
1233 408 1309 432 ante
1327 398 1439 434 diebus
1451 410 1571 447 magno
1593 398 1701 434 furore
1715 398 1819 436 obvia

415 460 550 497 quaeque
565 445 713 482 evertiffe
727 475 737 490 ,
756 459 801 481 ac>
815 446 885 482 fere
898 445 1049 482 sex—horis
1063 444 1151 495 prius
1169 446 1346 494 R1upellam
1361 447 1461 495 qulam
1471 446 1603 483 Patifios
1613 448 1816 497 pervenisse:

415 510 492 535 nam
502 495 556 532 sub
573 495 719 532 occasum
734 494 806 531 solis
825 496 873 530 ibi
889 495 998 531 furere
1012 498 1146 544 incoepit
1159 513 1168 539 3
1182 508 1256 530 curn
1270 497 1354 530 circa
1369 497 1512 532 mediam
1525 496 1657 532 noctem
1673 498 1816 534 Lutetiae
1849 514 1852 530 l

413 546 559 584 saevierit.
579 548 670 594 Saepe
681 544 849 580 etiam-hos
864 544 1010 580 turbines
1023 557 1112 581 terrae
1127 556 1236 580 motus
1248 547 1457 583 comitantur.
1476 546 1574 580 Circa
1591 558 1684 581 novae
1695 547 1814 597 Hispa..

414 599 478 640 niae
494 625 504 640 ‚
525 601 559 633 &
571 596 712 631 l’eruviae
731 594 841 630 littora
854 594 969 630 bisunt
981 606 1071 643 ⁴pene
1089 596 1250 643 incogniti
1268 608 1276 630 ε
1299 595 1388 643 quod
1414 607 1529 631 ventus
1552 593 1574 631 ὲ.
1590 606 1674 630 terra
1694 594 1815 645 spir-ans

414 658 489 681 eum
506 644 647 693 generali
661 655 762 680 vento
777 656 844 680 non
857 643 1036 679 collidatur.
1051 646 1088 678 In
1109 645 1236 692 patenti
1248 645 1394 680 Oceano
1407 644 1570 694 typhones
1580 655 1636 680 aut
1652 656 1715 679 rari
1723 643 1812 690 sunt,

413 707 471 730 aut
481 697 586 730 minus
597 705 740 730 nocent:
755 693 813 728 hos
826 691 973 728 insidiosa
982 693 1198 740 tranquillitas
1207 694 1288 728 aeris
1302 721 1313 736 ,
1337 698 1374 730 &
1391 696 1486 729 maris
1506 692 1698 742 plerumque
1717 705 1814 730 ante.
1855 733 1857 739 ,

413 745 503 779 cedit
520 758 528 780 z
554 742 643 792 quod
666 742 752 779 forte
765 743 860 779 venti
872 744 1024 777 contrarii
1041 741 1099 778 fint
1110 741 1196 791 quasi
1212 745 1246 777 in
1264 740 1456 790 aequilibrio.
1479 743 1614 780 anthat
1633 741 1756 792 Anglus
1769 745 1812 782 R.

414 793 529 828 Bohun
540 823 549 837 ‚
563 794 622 840 qui
630 804 745 841 praetet
762 802 896 833 caeteros
908 792 949 826 de
965 803 1140 827 ventorum
1154 792 1281 841 origine
1292 791 1361 827 fuse
1375 796 1410 828 &
1421 803 1570 828 accurate
1588 791 1717 839 scripfit,
1731 793 1814 828 mul-

415 853 462 877 tas
476 844 509 877 in
521 842 606 878 hanc
619 841 726 877 rema
741 840 901 889 praefectis
918 842 1052 876 navium
1065 853 1212 890 acceptas
1224 840 1327 876 refert
1341 840 1505 878 historias.-
1517 841 1620 893 Qod
1632 852 1751 878 autem-
1760 842 1814 878 af.

413 892 480 927 fert
494 904 566 939 pag.
578 892 654 934 286⁴,
667 891 802 928 videtur
810 887 1075 929 consideratione
1093 891 1226 938 dignum
1240 918 1251 934 ,
1271 892 1308 925 in
1326 890 1502 927 noviluniis
1517 889 1688 939 *typhones
1709 893 1814 928 noclku

412 942 557 989 incipere
572 969 582 984 ,
606 936 884 989 in‘pleniluniis‘de
893 938 966 982 die3
980 938 1221 986 frequentiores
1236 938 1297 974 effe
1310 940 1395 974 inter
1405 950 1603 988 aequatorem
1615 968 1626 983 ,
1645 942 1813 989 &Tropi..
1860 936 1862 942 ⁸

414 1002 491 1025 cum
507 990 649 1033 Cancri,
666 990 799 1024 rariores
810 986 1028 1034 abaequatore
1040 989 1081 1027 ad
1094 990 1273 1037 Tropicum
1284 988 1475 1037 Capricorni
1491 1006 1501 1034 3
1517 988 1701 1037 typhonem
1722 1001 1811 1026 anno
1860 1030 1862 1032 v

413 1047 494 1083 1670
508 1066 519 1082 ,
537 1041 568 1075 18
583 1038 714 1087 Augusti
726 1038 875 1086 regiones
887 1036 1042 1072 Carib'aeis
1055 1039 1216 1085 proximas
1233 1049 1305 1085 quae
1321 1038 1361 1073 ad
1371 1049 1477 1074 ortum
1485 1039 1682 1085 diriguntur,
1699 1038 1813 1074 vastas-

413 1088 446 1123 se
455 1117 465 1131 ,
477 1100 549 1122 cum
566 1086 791 1135 Hispaniolam
805 1114 815 1130 ‚
835 1084 965 1122 Cubam
975 1115 985 1129 ‚
994 1087 1176 1135 jamaicam
1189 1097 1232 1122 ne
1246 1085 1361 1122 laefisset
1371 1087 1516 1135 quidem.
1534 1085 1606 1125 Ubi
1620 1097 1734 1122 ventus
1746 1089 1811 1123 cir-

413 1138 595 1185 cumagitur
607 1136 647 1171 ad
661 1138 762 1171 varias
778 1134 856 1169 coeli
869 1133 995 1183 plagas,
1012 1146 1080 1170 tum
1091 1135 1235 1170 futurum
1246 1135 1429 1184 typhonem
1451 1138 1645 1173 ominamur.
1663 1136 1754 1183 Qiin
1775 1142 1811 1175 &

411 1197 489 1221 aves
509 1187 675 1221 turmatim
686 1183 707 1220 ἐι
720 1183 888 1220 montibus
903 1186 936 1218 in
951 1183 1051 1219 valles
1062 1185 1222 1220 interdurn
1240 1185 1436 1234 confugiunt
1450 1215 1460 1230 ,
1479 1198 1554 1220 cum
1570 1197 1616 1220 eae
1635 1185 1810 1234 tempesta-
1860 1203 1861 1206 ¹

413 1247 462 1270 tes
472 1236 656 1270 imminent.
676 1235 768 1270 Forte
784 1236 884 1269 etiam
900 1235 1079 1268 Barometri
1095 1246 1160 1281 ope
1176 1246 1222 1268 eae
1241 1234 1398 1282 praesagiri
1417 1233 1555 1283 possunt.
1581 1232 1671 1269 Cum
1695 1234 1810 1282 pluvia
1860 1243 1862 1272 ζ

413 1294 469 1318 aut
484 1282 557 1317 salsa
568 1295 623 1318 aut
635 1295 742 1318 amara
762 1283 884 1317 decidit
899 1309 909 1324 ,
932 1294 1008 1317 mox
1033 1281 1174 1317 futuram
1216 1283 1442 1331 tempestatem
1470 1285 1660 1332 praenuntiat
1681 1297 1690 1320 :
1717 1284 1810 1332 quod

414 1331 540 1380 spiritus
553 1331 725 1369 minerales
738 1360 748 1377 ,
769 1337 803 1369 &
818 1329 975 1380 sulphurei
985 1330 1179 1380 plerumque
1194 1330 1250 1366 has
1266 1333 1421 1370 excitent.

899 1429 931 1465 C
947 1431 976 1467 A
991 1431 1016 1465 P
1032 1429 1066 1465 U
1080 1430 1110 1463 T
1170 1433 1201 1465 V
1214 1432 1226 1464 1
1241 1433 1287 1467 11.

859 1528 914 1562 De
932 1539 1102 1565 ventorum
1122 1526 1349 1576 affefflonibus.

416 1630 448 1714 I
464 1631 498 1665 D
515 1639 613 1664 unum
629 1627 722 1662 restat
737 1637 773 1661 ut
790 1636 962 1662 ventorum
977 1625 1151 1675 qualitates
1172 1625 1318 1661 breviter
1333 1626 1588 1675 perstringamus,
1621 1628 1802 1675 Atque-eae

465 1678 536 1714 sunt
565 1675 618 1711 vel
647 1675 826 1711 manifestae
840 1705 850 1719 ,
874 1687 914 1711 ut
936 1676 1025 1711 calor
1039 1705 1048 1719 ,
1066 1675 1164 1724 frigus
1180 1703 1190 1718 ,
1219 1675 1394 1719 ficcitas,&
1408 1675 1583 1711 humiditas
1596 1705 1607 1721 ,
1621 1676 1679 1712 vel'
1692 1675 1803 1711 occul-

414 1730 511 1762 tiores
525 1726 584 1762 :de
602 1724 664 1759 illis
681 1723 864 1759 summatim
880 1737 1024 1774 agamus,
1044 1729 1091 1760 Ac
1106 1727 1212 1773 primo
1231 1727 1321 1760 venti
1333 1737 1406 1759 eam
1425 1723 1600 1761 sortiuntur
1624 1735 1779 1772 naturam,
1791 1753 1802 1768 ,

412 1789 484 1823 quae
499 1776 639 1810 matetiae
652 1785 767 1821 ex-qua
780 1775 942 1821 prodeunt
955 1775 1111 1808 convenit
1122 1801 1131 1816 ,
1150 1785 1248 1820 quam
1260 1776 1292 1808 in
1309 1773 1377 1821 ipso
1395 1786 1525 1820 quoque
1553 1778 1668 1810 itinere
1688 1775 1802 1820 acqui-

412 1837 487 1860 runt
498 1854 506 1867 ,
524 1825 599 1858 dum
611 1822 674 1857 alia
692 1821 772 1871 saepe
785 1821 954 1858 offendunt
967 1822 1094 1856 effluvia
1106 1851 1115 1864 ,
1133 1820 1250 1869 quibus
1262 1821 1491 1858 consociantur.
1511 1824 1623 1868 Quare
1642 1835 1675 1858 ut
1686 1834 1799 1857 ventus

413 1877 445 1910 iu
460 1872 606 1920 aeolipilis
627 1884 701 1906 eum
721 1871 858 1905 odorem
876 1870 992 1919 spargit
1016 1882 1070 1905 aut
1085 1871 1280 1917 jucundum,
1298 1882 1353 1904 aut
1369 1870 1540 1905 molestum
1556 1876 1642 1920 juxta
1663 1871 1796 1918 liquoris

413 1921 522 1956 inclusi
538 1932 685 1956 naturam
699 1933 707 1953 :
727 1930 825 1965 atque
842 1930 878 1953 ut
895 1931 950 1952 aer
962 1917 1098 1954 follibus
1115 1931 1172 1966 per
1194 1918 1310 1952 tubum
1320 1918 1551 1966 oblongiorem
1568 1921 1641 1955 nive
1653 1919 1798 1968 &glacie

411 1971 593 2005 obdudrum
603 1969 741 2015 erumpit
756 1967 903 2014 frigidior
916 1984 925 2009 5
937 1966 976 2002 fic
990 1979 1164 2002 ventorum
1174 1967 1342 2014 qualitates
1355 1967 1406 2002 vel
1418 1979 1457 2001 ex
1469 1970 1506 2002 iis
1517 1968 1798 2017 corpusculi5‚quae

412 2020 453 2053 ad
473 2031 586 2053 eorum
599 2015 868 2064 compositionem
879 2018 1059 2063 pertinent,
1075 2016 1127 2051 vel
1142 2029 1180 2051 ex
1195 2028 1307 2052 natura
1322 2016 1387 2051 loci
1409 2029 1508 2064 quem
1528 2017 1721 2065 pervadunt,
1732 2029 1799 2052 ma-

411 2081 475 2117 gna
492 2081 528 2103 ex
543 2077 632 2115 parte
648 2065 801 2112 pendent.
829 2065 939 2111 Qare
957 2064 1158 2109 subs0¹anus‚
1177 2066 1226 2101 seu
1240 2065 1421 2101 Orientalis
1435 2078 1552 2102 ventus
1569 2079 1608 2102 ex
1629 2066 1800 2102 Aristotele

411 2117 532 2152 calidus
551 2116 613 2157 est,
630 2119 665 2150 δε
680 2113 783 2148 siccus.
802 2116 838 2148 In
853 2113 900 2148 his
918 2125 1028 2149 tamen
1048 2114 1233 2162 regionibus
1245 2117 1285 2150 -in
1300 2114 1426 2156 Gallia,
1441 2115 1557 2162 Anglia
1572 2144 1582 2157 ‚
1599 2115 1712 2164 Belgio
1728 2114 1797 2164 ple-

412 2177 549 2213 rumque
567 2165 611 2198 est
622 2163 755 2211 frigidus
767 2191 776 2205 ,
789 2163 876 2210 quod
895 2163 914 2198 ἐι
934 2165 1113 2198 Germania
1126 2193 1134 2206 ,
1154 2163 1290 2200 Polonia
1302 2193 1311 2206 ‚
1333 2169 1366 2200 &
1386 2162 1453 2197 aliis
1475 2163 1694 2213 frigidioribus
1717 2164 1796 2199 locis

411 2216 557 2264 prodeat.
577 2215 650 2247 Imo
661 2212 776 2261 plantis
786 2240 796 2255 ‚
810 2217 844 2248 &
858 2211 1027 2253 frmitibus,
1045 2217 1078 2247 &
1090 2212 1284 2248 animalibus
1295 2213 1342 2247 est
1362 2212 1502 2255 infestus,
1515 2225 1552 2248 ac
1565 2214 1641 2247 teste
1657 2213 1796 2248 Vetula..

411 2267 479 2299 mio
495 2274 644 2308 magnam
655 2272 819 2295 erucarum
833 2264 962 2308 copiam
979 2260 1084 2296 affert.
1099 2264 1137 2298 ln
1155 2263 1245 2297 ltalia
1261 2261 1340 2309 saepe
1351 2262 1393 2295 est
1403 2261 1575 2305 humidior,
1591 2262 1713 2309 quon
1722 2275 1795 2298 ma.

410 2315 436 2347 ti
456 2303 618 2348 Adriatico
633 2310 737 2358 spiret.
751 2312 789 2344 ln
805 2311 896 2343 India
908 2310 1114 2345 Occidentali
1126 2324 1161 2347 ut
1171 2311 1344 2359 plurimum
1357 2311 1400 2344 est
1416 2308 1578 2354 salubrior,
1592 2318 1624 2347 ὃ(
1636 2311 1794 2360 frigidior.

410 2363 535 2396 Contra
548 2363 579 2395 in
595 2359 732 2402 Arabia,
747 2363 780 2395 &
797 2357 905 2394 Africa
923 2359 1008 2393 adeo
1027 2359 1145 2395 calidus
1159 2362 1201 2395 est
1220 2389 1229 2402 ,
1245 2365 1278 2396 &
1302 2358 1396 2393 siccus
1416 2387 1425 2401 ,
1449 2371 1484 2393 ut
1502 2361 1554 2393 vix
1571 2360 1650 2395 ferri
1675 2359 1792 2407 possit-⁴:

411 2411 502 2457 quod
516 2408 661 2445 arenosas
672 2437 682 2452 ‚
696 2413 729 2446 δ(
741 2407 861 2451 calidas
880 2410 1027 2457 regiones
1040 2408 1199 2447 decurrat.
1223 2412 1260 2444 ln
1286 2419 1383 2443 zona⁴
1395 2408 1515 2447 torrida
1528 2436 1537 2452 ,
1549 2415 1581 2448 ὅ(
1594 2409 1727 2446 fervidis,
1736 2420 1795 2447 re-
