1878 2724
0 54 4 71 i

0 104 3 114 ι

0 162 3 180 l

0 184 2 214 l

0 245 3 261 l

0 267 2 281 l

0 292 2 318 l

430 129 791 168 TRACTATUS
824 127 1093 165 TERTIUS.
1392 140 1404 163 1

97 182 179 225 Uno
191 183 295 220 verbo
314 179 482 218 facultates
506 183 538 216 in
561 179 657 216 rebus
678 181 829 215 animatis
843 177 885 213 ab
903 177 968 226 ipsa
986 178 1094 212 anima
1107 174 1176 212 suut
1194 176 1371 215 indiscretae
1386 148 1446 222 ,ξιξ

58 235 160 271 ⁴rebus
173 235 247 269 vitae
260 230 445 281 expertibus
464 229 485 265 si
501 230 631 278 quando
649 229 670 264 ὲ
682 232 729 264 rei
749 227 925 264 substantia
937 226 1189 275 distinguuntur,
1211 228 1245 261 id
1266 239 1307 262 eo
1327 233 1446 268 accidit

113 281 224 318 od-fint
234 285 267 318 in
283 292 377 318 motu
386 279 494 329 positae
506 308 516 323 ,
529 290 563 314 ut
575 278 681 321 calor,
700 277 754 313 lux
765 307 775 322 ‚
802 280 941 325 impetus
957 304 968 319 ‚
990 288 1061 323 quae
1074 276 1246 323 qualitates
1260 276 1413 316 distinaae
1426 281 1446 318 ὲ

79 332 240 368 abstantia
251 329 351 380 vulgo
361 329 540 364 creduntur.
557 331 738 375 Utcunque
752 338 789 361 ea
803 337 852 360 tes
863 324 898 359 sit
908 337 977 372 quae
986 337 1052 359 non
1065 325 1111 359 est
1131 328 1238 374 magni
1263 332 1446 375 momenti,

64 382 100 417 id
117 392 242 416 certum
262 381 386 416 videtur
402 376 570 427 plerasque
598 375 776 425 qualitates,
798 374 817 411 ὲ
834 374 940 410 forma
962 372 1156 408 substantiali
1180 387 1246 410 non
1271 376 1445 413 dimanare.

65 428 187 467 Utrum
200 428 281 465 vero
291 427 515 464 abelementis
525 426 624 476 ipsis,
647 437 704 462 aut
723 424 744 461 a
761 424 999 474 Chymicorurn
1020 424 1187 472 principiis
1217 422 1276 459 sint
1297 437 1448 474 repeten-

66 479 116 515 dae
141 479 324 516 videamusi
359 478 408 513 Sit
428 477 539 525 igitur·

567 573 713 609 S'ecunda
731 574 760 608 C
760 569 902 619 onclnfio.
920 596 922 599 -

64 673 73 678 '
107 672 290 721 Qalitates
314 674 477 711 nonnullae
493 673 514 710 ὲ
536 668 857 721 vulgatiselementis
874 701 885 716 ‚
905 683 960 708 aut
985 672 1004 708 ἓι
1027 673 1192 722 principiis
1211 673 1450 722 Chymicorum

68 724 216 758 oriuntur
236 750 246 766 ‚
260 721 313 757 sed
327 738 394 769 non
409 735 533 759 omnes,
575 756 582 761 .

107 773 184 807 Pars
201 771 412 810 conclusionis
426 775 515 823 prior
528 770 601 806 satis
621 770 667 805 est
685 770 864 805 manifesta.
890 768 979 805 Nam
996 770 1084 806 calor
1111 768 1152 805 ab
1172 772 1247 820 igne
1259 800 1270 814 ,
1297 771 1416 808 siccitas
1432 774 1452 809 ὲ

71 831 157 855 terra
169 836 178 863 3
193 818 416 871 saper'magna
428 830 472 856 'ex
481 832 572 870 parte
585 818 680 855 {xsale
690 847 701 861 ,
715 827 754 852 ut
764 819 882 853 'odores
895 846 905 861 ‚
919 821 1049 855 &vires
1068 816 1220 868 specificae
1233 817 1275 855 ab
1287 822 1362 857 oleo
1374 852 1384 866 ‚
1399 831 1453 858 a'ut

68 868 217 918 sulphure
229 898 238 913 ,
256 882 312 906 aut
327 870 520 909 interdum&
532 868 593 904 sale
605 866 733 903 volatili
751 865 824 901 satis
833 868 1006 902 commode
1018 869 1176 904 ducuntur
1188 883 1208 913 ⁷,
1227 870 1325 918 idque
1347 885 1385 907 ex
1407 874 1455 907 in-

69 919 120 954 fra
129 918 274 953 dicendis
287 919 344 955 fiet
361 921 512 969 apertius.
535 918 599 954 Sed
619 929 691 952 cum
717 915 863 964 vulgares
880 916 1007 951 Medici
1023 930 1135 953 omnes
1156 930 1262 954 rerum
1279 921 1458 967 qualitates

71 979 113 1002 ex
121 966 372 1004 soliselementis
384 998 394 1014 ‚
411 968 610 1017 &Chymici
623 978 663 1002 ex
671 964 742 1001 ⁴suis
761 966 925 1014 principiis
942 964 1014 1002 illas·
1031 967 1246 1016 depromunt,
1264 970 1301 1004 iis
1315 969 1457 1006 assentiri

71 1015 169 1052 nullo·
182 1017 281 1052 modo
293 1016 460 1067 possumus
478 1040 482 1043 -
681 1042 687 1047 -

106 1063 217 1101 Primo
228 1068 316 1102 enim
325 1068 443 1102 eaedem
454 1065 644 1115 pleniusque
660 1063 846 1112 qualitates,
855 1075 891 1099 ut
902 1068 1045 1113 'gravitas
1056 1096 1065 1111 ‚
1082 1066 1302 1116 perspicuitas,
1315 1079 1368 1102 aut
1378 1081 1457 1117 opa-

72 1116 152 1148 citas
175 1129 185 1155 3
208 1112 313 1149 fixitas
325 1143 337 1158 ‚
353 1124 407 1150 aut
421 1115 600 1151 volatilitas
618 1113 789 1149 elementis
801 1142 811 1156 ,
835 1118 869 1150 &
883 1116 991 1149 mixtis
1012 1114 1199 1163 corporibus
1223 1128 1315 1164 aeque
1334 1129 1457 1152 conve-

74 1165 250 1198 niunt-imo
257 1173 372 1199 aurum
389 1172 468 1214 v,g1··.
479 1165 607 1212 gravius
618 1163 670 1206 est·
679 1173 875 1210 quocunque
889 1161 1056 1198 elemento
1069 1175 1123 1199 aut
1139 1166 1378 1212 principi03nec
1392 1167 1464 1200 dici'

74 1210 142 1246 ullo
154 1211 613 1261 modolpotest,hydratgytum
623 1210 664 1245 ab
677 1221 762 1257 aqua
770 1210 823 1245 vel
835 1218 919 1245 tetra
934 1213 1162 1246 tantummodo
1172 1214 1297 1260 pondus
1307 1217 1456 1249 mutuari:

73 1261 179 1294 cumis
190 1259 297 1295 multo
311 1260 346 1296 sit
362 1264 492 1311 gravior
511 1275 519 1297 ε
537 1273 615 1309 ergo
625 1261 765 1309 gravitas
775 1288 785 1303 ‚
805 1259 916 1295 ‹sealiae
928 1259 1021 1307 hujus
1038 1263 1164 1308 generis
1179 1260 1352 1307 qualitates
1367 1272 1466 1298 com:

76 1320 188 1343 munes
201 1307 326 1346 habe'nt
342 1339 353 1354 ,
366 1316 400 1348 &
414 1312 514 1359 magis
529 1305 726 1345 universales
745 1307 849 1343 causas
861 1335 871 1350 ,
888 1307 988 1355 quarn
1001 1308 1166 1346 elementa
1187 1309 1274 1357 ipsa,·
1294 1321 1348 1345 aut
1367 1313 1459 1361 Chy-

76 1359 233 1392 micorum
247 1361 401 1408 principia
412 1389 422 1404 ‚
437 1370 543 1406 eaeque
565 1370 633 1393 non
652 1356 719 1391 aliae
733 1354 804 1392 sunt
819 1356 920 1403 quam
937 1356 1127 1394 affectiones
1140 1359 1346 1395 mechanicae;

92 1433 95 1435 >
115 1421 146 1443 2.
162 1406 348 1453 Qialitates
366 1408 509 1457 plurima:
525 1408 634 1442 mixtis
647 1405 749 1440 insunt
763 1405 952 1453 corporibus
968 1406 1071 1441 multo
1085 1409 1264 1456 vegetiores
1281 1437 1290 1452 ,
1308 1407 1408 1455 quam
1423 1412 1458 1445 in

78 1454 150 1504 ipsis
159 1454 350 1500 elementis,
367 1469 424 1492 aut
444 1457 622 1505 principiis,
645 1455 698 1488 Sic
719 1453 858 1488 fluiditas
879 1454 1091 1505 hydrargyri‚'
1115 1466 1171 1491 aut
1182 1453 1306 1504 spiritus
1325 1459 1393 1492 vini
1414 1457 1457 1492 ab

78 1505 766 1553 aquanonducitur:cum-hi-liquoresprae
790 1501 881 1540 nullo
895 1502 1016 1552 frigore
1035 1504 1227 1554 congelari,
1250 1517 1306 1541 aut
1317 1504 1375 1541 sisti
1387 1506 1459 1556 pos-

80 1551 152 1589 fint.
453 1591 457 1593 ,
559 1588 563 1591 «
835 1596 838 1597 ⁷
1077 1584 1095 1600 ,-
1122 1583 1144 1596 ⁷-

117 1600 349 1651 Confirm.Jam
359 1605 391 1637 in
405 1599 512 1651 primo
527 1598 664 1638 traciam
679 1597 928 1637 demonstratum
944 1602 964 1638 ἐι
977 1601 1073 1638 nobis
1086 1602 1170 1646 fuit,
1194 1606 1348 1652 principia
1366 1604 1459 1653 Chy-

81 1652 240 1686 micorum
250 1650 396 1686 non-esse
408 1653 514 1700 prima
531 1663 588 1686 aut
607 1648 828 1699 simpliciffima
844 1665 852 1686 :
877 1651 928 1685 sed
953 1650 1012 1686 esse
1027 1651 1178 1698 quasdam
1203 1652 1460 1701 corpusculorum

81 1701 306 1734 concretiones
319 1729 327 1743 ,
341 1711 410 1746 quae
421 1699 464 1734 ‘ab
475 1696 705 1736 affectionibus
715 1699 910 1735 mechanicis
927 1728 936 1743 ‚
949 1701 1170 1748 magnitudine
1185 1703 1334 1736 nimirum
1348 1730 1357 1745 ,
1381 1700 1438 1738 situ
1450 1732 1460 1746 ‚

82 1747 225 1796 figura&
239 1759 331 1783 motu
343 1750 497 1796 pendent.
521 1749 621 1784 Unde
639 1761 678 1783 ex
691 1750 828 1782 mixtura
850 1753 883 1785 &
902 1751 1141 1797 temperatione
1161 1752 1388 1798 principiorum
1408 1763 1462 1786 aut

83 1807 253 1844 corporum
270 1796 351 1845 saepe
368 1796 538 1844 qualitates
559 1799 703 1832 oriuntur
720 1807 831 1845 przeter
849 1799 1109 1845 expediationem
1126 1798 1365 1846 Chymicorum
1378 1828 1388 1843 ‚
1406 1805 1472 1835 au’t'

82 1846 380 1893 Peripateticorum.
401 1849 453 1881 Sic
462 1847 622 1881 interdurn
632 1847 698 1880 duo
712 1854 847 1894 corpora
857 1848 931 1881 aEtu
948 1846 1063 1894 frigida
1074 1846 1164 1881 simul
1186 1850 1288 1882 mixta
1303 1847 1462 1884 intensum

85 1902 255 1940 procreant
267 1894 408 1929 calorem
420 1895 501 1939 3du0
511 1895 633 1941 liquida
642 1895 756 1929 durum
773 1907 886 1942 corpus
904 1892 1051 1930 efficiunt
1067 1912 1077 1939 3
1094 1907 1133 1930 ex
1145 1895 1270 1931 duobus
1287 1896 1464 1933 ductilibus

87 1940 201 1988 fragile
213 1953 327 1990 corpus
345 1942 496 1979 efficitur.
515 1946 649 1990 Qque
669 1955 708 1978 ex
730 1942 794 1977 illis
812 1943 983 1979 elementis
998 1972 1008 1987 ,
1033 1956 1089 1979 aur
1109 1946 1274 1993 principiis
1291 1945 1464 1994 qualitates

89 2000 205 2022 omnes
214 1993 341 2035 repetit,
362 1992 448 2026 idem
459 1991 538 2026 facit
547 1992 681 2036 homini,
698 1994 753 2039 qui
763 1994 874 2027 omnia
892 1992 1053 2042 horologii
1071 1993 1231 2042 portatilis
1249 1993 1466 2043 phaenomena

89 2037 168 2072 hinc
185 2036 343 2083 explicare
353 2041 510 2074 niteretur
520 2069 530 2083 ‚
543 2040 632 2087 quod
643 2052 717 2075 rotae
728 2040 798 2076 aliae
811 2040 869 2076 sint
881 2054 919 2076 ex
931 2054 1030 2090 cupro
1043 2069 1052 2084 ‚
1065 2043 1133 2077 aliae
1142 2055 1181 2076 ex
1195 2042 1282 2078 ferro
1295 2043 1441 2079 conflatae
1455 2063 1464 2087 ς

90 2084 161 2119 aliae
179 2085 335 2120 catenulis
366 2090 483 2129 aureis,
514 2088 584 2133 aliae
597 2089 787 2125 intestinulis
801 2092 885 2125 inter
903 2090 934 2125 se
951 2091 1175 2127 devinciantur
1194 2106 1202 2128 ε
1220 2104 1293 2128 cum
1311 2092 1417 2141 palam
1429 2091 1465 2127 sit

91 2146 157 2170 non
173 2145 239 2170 tam
258 2146 298 2169 ex
311 2138 443 2171 materia
461 2135 546 2184 ipsa,
565 2135 664 2184 quam
683 2149 722 2172 ex
733 2142 886 2186 partium
905 2143 1112 2189 coaptatione
1141 2151 1248 2178 motus
1265 2152 1378 2177 ornnes
1391 2142 1466 2175 duci

93 2186 253 2230 oportere.

109 2264 111 2266 .
135 2232 362 2282 Qamobrem
373 2246 437 2268 non
454 2235 589 2269 omnino
607 2232 756 2268 assentior
773 2236 943 2283 Chymicis
956 2265 966 2280 ,
999 2240 1056 2283 qui
1080 2249 1115 2273 ut
1132 2238 1295 2284 eleganter
1315 2235 1394 2271 olim
1405 2238 1466 2272 Vir

94 2284 218 2319 summo
242 2284 396 2330 ingenio,
421 2282 605 2330 summaque
623 2282 769 2316 doCtrina
788 2286 927 2322 Huetius
949 2285 1086 2334 scripsit,
1114 2298 1153 2321 ex
1178 2284 1279 2320 tribus
1301 2287 1465 2335 principiis

95 2343 266 2381 corporum
281 2334 426 2368 omnium
443 2331 632 2369 affestiones
652 2331 780 2367 ducunt.

1179 2380 1238 2418 Bb
1274 2384 1294 2429 ij
