1878 2724
426 160 493 200 366
754 151 1006 190 PHYSlCAE
1047 151 1210 188 PARS
1244 152 1524 189 SECUNDA.

439 214 547 251 partes
566 201 713 237 feruntur
731 204 820 236 venti
835 216 842 237 :
858 214 932 236 nam
952 204 1007 249 qui
1021 200 1138 236 leviori
1160 200 1258 235 halitu
1271 201 1396 235 co..stat
1410 213 1524 235 ventus
1537 229 1548 245 ,
1567 198 1733 235 sublimior
1750 201 1797 236 est
1808 229 1820 247 ,

439 263 490 286 nei
511 250 605 285 facile
616 249 799 287 delabitur:
818 253 945 285 iuterim
958 251 1088 299 proprio
1099 249 1241 297 pondere
1261 251 1291 282 in
1311 261 1426 283 terram
1443 262 1578 297 praeceps
1590 251 1654 284 mit
1669 277 1677 291 ,
1702 255 1734 286 ὅ(
1757 250 1818 284 sta-

440 301 497 333 tim
509 297 603 332 rcfilit
615 325 624 340 ,
640 297 692 332 vel
708 302 902 347 praeimpetu
919 311 1017 346 quem
1032 297 1198 346 acquisivit
1214 314 1222 341 3
1237 298 1292 333 vel
1307 299 1380 344 quia
1394 310 1458 332 vna
1475 298 1637 334 exhalatio
1652 298 1746 332 aliam
1767 310 1819 333 ur.

436 358 492 396 get
505 351 536 382 ὃ(
554 344 738 393 insequitur.
755 348 931 395 Contingit
942 347 1116 395 aliquando
1125 359 1160 381 ut
1173 359 1226 381 aer
1237 344 1365 381 infimus
1381 345 1470 380 nullo
1482 359 1583 382 vento
1604 346 1819 395 perturbetu13

436 406 507 428 cum
537 393 639 429 nubes
661 393 829 431 celerrime
846 408 1098 443 promoveantur
1116 410 1123 431 ι
1143 396 1304 430 interdum
1327 396 1425 429 etiam
1442 398 1530 430 venti
1550 398 1632 430 vires
1650 397 1819 440 acquirunt

434 442 543 477 eundo
555 457 563 478 :
575 455 639 486 quo
651 445 740 478 enim
754 445 858 492 plures
878 446 1194 492 impriumnturietus
1206 473 1215 487 ,
1235 456 1276 477 eo
1293 445 1393 491 magis
1406 442 1515 478 crescit
1531 446 1669 492 impetus
1683 442 1753 478 :sed
1771 457 1819 480 ta-

433 503 508 525 men
522 505 593 526 cum
613 492 796 540 longiorem
815 496 952 529 :metum
963 495 1136 529 decurrunt
1150 523 1161 538 ,
1177 505 1250 541 pars
1268 492 1384 527 melior
1406 491 1619 531 exhalationis
1631 491 1820 542 plerumque

433 538 600 588 diffipatur.

480 591 593 623 Motus
612 592 704 625 venti
722 590 791 625 fere
806 604 872 626 non
896 593 1138 639 interrumpitur
1147 620 1156 635 ‚
1169 589 1225 626 nifi
1237 589 1360 625 denfior
1371 601 1426 624 aer
1436 600 1601 633 occurrat,
1616 600 1672 624 aut
1682 602 1820 636 montes,

432 649 487 671 aut
503 637 608 672 iusulae
621 667 630 681 ‚
644 651 698 674 aut
712 643 955 688 promontoria:
973 641 1059 675 unde
1074 642 1108 674 in
1125 640 1236 674 medio
1249 642 1329 674 mari
1346 650 1450 673 motus
1462 639 1517 673 ille
1536 641 1635 688 magis
1652 639 1696 673 est
1712 652 1819 687 aequa..

432 684 507 720 bilis
519 715 528 730 ,
539 701 606 722 non
616 688 776 723 'intercisus
791 717 800 730 ‚
820 701 876 723 aut
894 688 1098 724 undulationi
1111 687 1216 723 similis
1227 718 1237 732 ‚
1254 687 1310 724 nisi
1321 686 1378 722 ubi
1395 687 1500 722 insulae
1520 687 1650 723 obstant
1673 700 1728 723 aut
1743 701 1819 737 pro-

434 738 612 771 momoria.
641 739 677 771 In
698 737 766 771 lacu
785 740 930 773 Lemano
950 739 1032 771 inter
1047 739 1219 772 Genevarn
1232 766 1240 780 ,
1255 742 1290 773 &
1311 735 1488 772 Lausanarn
1508 737 1573 771 duo
1591 738 1817 772 tantummodo

433 787 523 819 venti
542 796 613 819 toto
629 798 711 833 pena¹
732 798 818 820 anno
828 797 963 834 regnant
978 787 1063 832 quod
1077 786 1150 820 binc
1162 787 1236 820 inde
1248 785 1331 820 lacus
1343 797 1400 832 per
1412 785 1561 820 uleucas
1570 785 1642 819 altis
1656 788 1816 821 montium

428 834 510 879 Jugis
530 832 616 879 quasi
630 831 766 868 vallatus
782 846 955 869 ventorum
971 835 1184 870 direeh'onem
1197 834 1237 869 fic
1256 833 1403 869 inflectat
1423 861 1432 877 ,
1455 846 1493 869 ur
1507 833 1629 882 semper
1644 833 1817 871 secundum

431 885 496 928 e'Jus
513 881 748 929 longitudinem
766 882 915 918 ferantur.
941 883 1033 929 Qin
1056 885 1156 917 etiam
1173 895 1211 917 ut
1234 881 1445 930 atmosphaera
1461 894 1516 918 aut
1540 881 1664 917 densior
1678 883 1721 917 est
1732 911 1743 926 ‚
1759 895 1819 922 aut

429 928 534 963 levior
551 941 624 971 ·‚aut
635 943 726 965 novae
742 930 962 966 exhalationes
983 933 1017 965 in
1039 929 1106 979 ipso
1131 933 1245 966 itinere
1262 942 1433 966 occurrunt
1445 958 1454 972 ,
1475 943 1528 967 aut
1547 934 1701 967 contrarii
1717 933 1816 968 etiarn

431 980 520 1012 venti
534 977 575 1012 ab
589 977 739 1026 oppositis
753 979 805 1014 vel
819 979 838 1014 ὲ
848 979 975 1015 diversis
988 979 1089 1028 plagis
1100 981 1244 1015 oriuntur
1253 1009 1261 1023 ,
1279 991 1392 1014 ventus
1404 991 1457 1013 aut
1469 980 1656 1022 reflectitur,
1676 991 1732 1014 aut
1747 980 1819 1015 alio·

430 1026 582 1071 divertit,
600 1033 634 1064 δε
648 1040 885 1076 nonnunquam
903 1041 942 1064 ex
963 1029 1087 1064 duobus
1103 1027 1160 1064 sibi
1174 1041 1288 1065 mutuo
1308 1029 1477 1063 contrariis
1497 1027 1688 1078 compositus
1707 1031 1816 1064 exori-

429 1085 488 1110 tur.

463 1124 548 1158 Cum
568 1123 676 1160 fervet
692 1124 760 1159 dies
776 1153 785 1168 ,
799 1124 992 1174 plerumque
1017 1125 1222 1173 tranquillum
1241 1125 1288 1160 est
1305 1125 1420 1161 coelum
1435 1140 1443 1163 :
1461 1126 1551 1174 quod
1563 1127 1698 1162 nimium
1715 1139 1812 1164 exte.

425 1174 514 1210 nuati
530 1172 645 1208 halitus
659 1186 793 1209 ventum
807 1188 874 1210 uon
888 1187 998 1210 creent
1012 1188 1020 1210 :
1041 1176 1211 1210 mediocris
1228 1177 1317 1210 enim
1329 1174 1536 1211 condensatio
1552 1176 1592 1210 ad
1611 1187 1745 1212 ventum
1760 1189 1812 1212 re-

427 1222 577 1267 quiritur.
594 1224 683 1257 Hinc
702 1223 860 1257 Australes
874 1225 965 1258 venti
982 1223 1090 1272 saepius
1102 1225 1142 1258 de
1160 1225 1256 1259 noete
1270 1236 1368 1271 quam
1381 1225 1422 1258 de
1438 1225 1490 1258 die
1500 1224 1635 1272 spirant:
1648 1225 1736 1272 quod
1747 1224 1808 1260 fri·

423 1281 502 1317 gore
518 1271 679 1305 nocturno
692 1271 807 1305 halitus
821 1273 854 1306 in
867 1271 995 1306 fervidis
1006 1271 1192 1320 regionibus
1205 1273 1288 1306 unde
1305 1272 1465 1319 prodeunt
1475 1301 1486 1316 ‚
1497 1275 1594 1308 nimis
1616 1276 1782 1308 extenuati
1797 1303 1809 1318 ,

423 1317 595 1353 moderato
613 1321 718 1354 noetis
736 1319 856 1368 frigore
874 1320 1054 1357 densentur.
1072 1323 1180 1368 Atque
1191 1333 1263 1355 eam
1277 1320 1321 1355 ob
1334 1322 1493 1356 rationem
1506 1334 1582 1356 vere
1597 1327 1631 1358 &
1653 1333 1810 1358 autumno

425 1369 515 1401 venti
528 1366 597 1402 sunt
615 1367 790 1403 crebriores
807 1383 816 1405 :
834 1382 905 1404 cum
932 1371 1070 1405 nimium
1084 1369 1253 1406 densantur
1271 1382 1427 1418 vapores,
1446 1371 1480 1405 in
1495 1369 1638 1418 pluviam
1661 1369 1783 1407 abeunt
1797 1389 1809 1417 ;

425 1427 500 1449 cum
515 1418 610 1451 nimis
630 1428 843 1453 extenuantur
854 1447 864 1460 ,
882 1419 1002 1468 stagnat
1013 1431 1077 1454 aer.

459 1463 634 1512 Qousque
650 1478 759 1500 autem
778 1469 868 1502 venti
883 1466 1072 1511 ascendant,
1083 1466 1217 1502 definire
1228 1479 1293 1502 non
1311 1465 1471 1514 possumus
1486 1482 1494 1505 z
1508 1470 1657 1511 vixenim
1669 1472 1702 1507 in
1711 1471 1807 1507 Euro-

422 1524 464 1559 pa
479 1512 530 1547 vel
544 1513 676 1562 praecelfi
686 1514 843 1551 montesa
853 1519 957 1551 ventis
972 1515 1160 1552 suntliberi.
1179 1519 1280 1551 Mons
1298 1516 1341 1549 est
1355 1519 1389 1552 in
1403 1517 1562 1553 Azoribus
1574 1546 1583 1560 ,
1597 1519 1696 1567 vulgo
1709 1520 1740 1553 le
1751 1523 1807 1555 Pie

422 1560 462 1593 de
474 1561 510 1593 T
506 1563 624 1607 enam'fe
634 1591 644 1605 ,
660 1562 729 1602 sunt
741 1567 820 1599 item
835 1567 869 1600 in
882 1567 1030 1600 America
1040 1567 1209 1600 Peruviani
1222 1575 1350 1599 montes
1362 1564 1404 1599 ab
1423 1569 1514 1601 omni
1531 1577 1631 1601 vento
1650 1570 1722 1604 tuti.
1736 1570 1804 1604 Re-

421 1608 488 1643 fert
511 1613 668 1646 Varenius
685 1611 946 1649 observationem
964 1614 1101 1648 Davidis
1115 1614 1411 1660 Fraelichiiquicum
1428 1627 1513 1650 anno
1523 1616 1630 1662 1615ad
1645 1615 1805 1654 summum

420 1669 575 1695 cacumen
588 1663 707 1695 montis
719 1662 877 1710 Carpathi
893 1665 925 1697 in
939 1664 1107 1710 Hungaria
1117 1676 1236 1711 magno
1260 1661 1372 1696 labore
1398 1663 1591 1711 penetrasset
1603 1693 1612 1708 ,
1624 1665 1706 1701 adeo
1719 1679 1823 1703 tran--

421 1706 557 1753 quillum
584 1714 617 1745 &
646 1709 798 1745 subtilem
809 1723 917 1746 aerem
938 1710 986 1745 ibi
1005 1710 1161 1755 offendit,
1176 1723 1210 1746 ut
1227 1723 1269 1746 ne
1291 1710 1347 1757 pili
1362 1713 1493 1759 quidem
1507 1724 1635 1748 motum
1653 1712 1803 1752 sentiret:

420 1767 492 1789 cum
505 1758 587 1790 inter
598 1757 831 1794 ascendendum
843 1788 852 1802 ,
874 1762 905 1794 in
919 1759 1161 1807 depressioribus
1180 1758 1342 1794 montibus
1363 1772 1496 1796 ventum
1514 1762 1744 1799 vehementem
1756 1765 1806 1802 es-

419 1802 467 1837 set
475 1816 620 1851 expertus
638 1824 648 1850 3
663 1818 762 1854 atque
774 1819 808 1842 ut
821 1808 884 1855 ipse
896 1820 1044 1842 autumat
1055 1837 1064 1850 ‚
1079 1808 1162 1843 illius
1179 1810 1296 1842 montis
1308 1807 1444 1842 altitudo
1461 1810 1500 1843 ad
1514 1809 1652 1844 milliare
1665 1813 1802 1848 Germa.-

421 1854 531 1886 nicum
543 1853 667 1902 assurgit
682 1869 690 1890 t
704 1868 778 1889 curn
795 1855 899 1890 nubes
910 1868 987 1902 quas
998 1855 1106 1899 subiit,
1119 1858 1172 1890 vix
1186 1855 1283 1890 effent
1298 1855 1434 1890 dimidio
1455 1857 1584 1892 milliari
1604 1860 1801 1897 Germanico

418 1899 561 1936 altiores.
590 1902 731 1950 Explofit
754 1906 788 1938 in
803 1915 841 1937 ea
862 1915 953 1950 parte
974 1903 1150 1951 sclopetum
1163 1933 1173 1947 ‚
1188 1905 1276 1951 quod
1294 1916 1359 1938 non
1379 1909 1536 1952 majorem
1562 1908 1663 1942 edidit
1687 1907 1799 1946 sonum

417 1960 516 1996 quam
526 1948 546 1982 fi
565 1948 717 1985 bacillum
731 1951 954 2000 confregisset:
971 1951 1019 1985 secl
1032 1953 1099 2000 post
1112 1952 1244 2000 aliquod
1260 1955 1414 2000 temporis
1427 1955 1645 1999 intervallum,
1658 1970 1801 1994 murmur

417 1997 579 2044 prolixum
603 1999 688 2033 adeo
706 1999 862 2043 invaluit,
875 2012 908 2035 ut
930 2000 1096 2035 inferiores
1117 2004 1236 2036 montis
1262 2013 1367 2049 partes
1387 2003 1619 2044 ‚&convalles
1639 2006 1800 2054 implerer,

416 2048 505 2079 Inter
522 2046 780 2082 descendendum
792 2061 847 2095 per
858 2048 988 2083 annosas
1001 2052 1091 2086 nives
1108 2053 1225 2085 iterum
1239 2049 1416 2098 sclopetum
1433 2050 1583 2100 explosit:
1597 2052 1650 2087 sed
1661 2057 1797 2092 cumin-

416 2096 506 2141 genti
531 2094 679 2143 fragore,
695 2097 826 2142 qualem
844 2100 897 2132 vix
918 2110 1114 2134 tormentum
1135 2098 1289 2133 bellicum
1313 2102 1497 2143 emitteret,
1517 2100 1603 2148 isque
1645 2114 1678 2136 er
1701 2103 1798 2139 semi..

416 2143 628 2188 quadrantem
649 2145 734 2179 horae
749 2146 887 2181 duravit.
911 2150 1066 2195 Expertus
1082 2161 1210 2195 quoque
1232 2148 1278 2181 est
1294 2149 1326 2182 in
1349 2147 1436 2184 celsis
1459 2151 1496 2183 iis
1514 2115 1678 2184 montibus
1696 2155 1794 2190 etiam

414 2191 522 2225 media
533 2192 643 2226 :estate
660 2196 794 2242 ningere
807 2223 816 2236 ,
827 2207 882 2229 aut
895 2197 1084 2244 grandinare
1096 2226 1105 2239 ,
1125 2211 1197 2231 cum
1211 2200 1242 2231 in
1259 2195 1396 2241 subjesta
1415 2197 1548 2245 planitie
1569 2198 1704 2243 plueret.
1728 2202 1792 2237 sed

413 2239 453 2272 de
473 2239 566 2275 caufis
578 2247 736 2279 &natura
750 2254 923 2280 ventorum
942 2244 1116 2282 haetenus:
1137 2259 1221 2283 nunc
1233 2247 1404 2294 praecipuas
1425 2256 1535 2283 eorum
1553 2245 1670 2295 species
1684 2249 1791 2297 perse-

411 2298 556 2334 quamur.

1871 389 1878 504 Ὦνι-ῌΑ
1871 226 1878 389 -ν-.---..,-.-
1869 0 1878 219 -ᾓῌ-ῌ-
