1878 2724
348 128 404 163 6¹8
867 116 891 151 Ρ
912 116 946 151 Η
972 117 1002 152 Y
1025 117 1046 151 S
1062 118 1077 150 1
1095 115 1127 151 C
1143 117 1188 151 υἱ

347 175 470 222 magnis
495 172 636 217 corporis
649 166 811 202 exercitiis
838 167 958 212 primus
979 167 1119 214 impetus
1131 164 1208 213 saepe
1222 163 1264 198 ab
1279 163 1326 199 his
1344 164 1396 200 vel
1415 164 1477 200 illis
1495 165 1642 202 musculis
1656 165 1739 203 inci-

349 225 399 270 pit
410 251 419 265 ,
437 233 504 255 tum
521 219 591 253 aliis
602 217 729 265 organis
740 215 807 251 ictu
818 214 904 249 oculi
915 216 1010 251 citius
1024 226 1154 264 propter
1165 226 1318 262 magnum
1333 226 1440 249 catum
1452 217 1591 264 partium
1602 216 1736 252 consen-

349 271 415 306 sum
437 268 698 304 communicatur,

385 319 474 352 Cum
489 314 653 363 respiratio
663 324 713 349 tot
728 314 857 362 organis
875 315 908 347 in
926 322 1026 347 unum
1042 309 1299 360 conspirantibus
1314 309 1497 359 perficiatur
1510 340 1520 356 ,
1535 324 1602 347 non
1622 314 1738 349 mirum

349 369 397 402 est
412 365 431 401 fi
450 378 515 400 tam
533 363 630 399 facile
646 363 713 398 laedi
726 375 780 397 aut
792 362 941 410 impediri
956 361 1064 396 soleat.
1081 361 1254 398 Pulmones
1270 359 1408 409 quisunt
1426 361 1523 396 instar
1545 361 1614 395 telae
1623 373 1662 396 ex
1689 365 1740 397 in-

349 417 489 451 numeris
510 412 598 452 fbris
612 418 646 449 &
664 410 741 447 vasis
755 440 764 455 ‚
783 424 853 460 quae
867 414 953 446 inter
966 409 995 445 se
1007 409 1097 444 mille
1108 410 1212 444 modis
1224 409 1460 457 complicantur
1474 438 1483 454 ‚
1497 412 1668 453 contexti,
1678 411 1739 445 du.

347 465 423 513 plici
439 463 564 498 muneri
586 461 726 496 serviunt
738 489 747 504 ,
762 466 796 497 δ(
815 454 962 495 ducendo
972 458 1090 508 spiritui
1105 464 1138 496 &
1155 459 1344 506 trajiciendo
1354 456 1525 508 sanguini&
1535 459 1650 494 dextro
1664 471 1738 494 cor.

348 514 398 547 dis
413 511 478 548 sinu
496 515 527 547 in
538 510 691 546 sinistrum
703 540 711 553 ,
722 511 756 544 in
769 511 886 557 quibus
902 511 968 544 vita
981 506 1175 555 potiffimum
1186 507 1334 547 confistit.
1352 509 1462 543 Tanto
1482 509 1579 542 etiam
1602 520 1738 553 organo-

347 575 416 598 rum
428 573 583 610 apparatu
601 565 633 597 δε
646 558 789 609 partibus
806 570 873 594 tam
889 557 1039 594 tenuibus
1065 557 1209 592 constant
1220 587 1229 601 ,
1245 569 1281 592 ut
1301 559 1410 592 mirari
1432 555 1502 591 satis
1524 569 1590 592 non
1604 547 1716 605 pdffim
1734 583 1747 601 ‚

346 611 438 660 quod
448 623 485 645 ea
498 622 580 659 pene
592 610 752 658 praecipua
764 620 834 656 pars
855 609 997 655 corporis
1012 618 1061 641 tot
1075 608 1197 656 injuriis
1213 605 1365 655 expolita,
1378 617 1515 654 quaeque
1525 604 1659 641 aliatum
1667 618 1740 642 ma.

349 661 381 696 le
394 659 582 695 affectatum
597 670 710 707 poenas
726 657 802 701 luit,
822 657 946 692 tamdiu
956 657 1081 704 integra
1095 661 1128 691 δε
1144 654 1215 690 sana
1232 653 1325 704 poffit
1341 653 1522 690 consistere.

399 711 543 744 Primum
555 710 645 744 enim
658 705 678 741 fi
692 719 747 741 aer
759 718 860 755 quem
877 706 1021 740 ducimus
1036 716 1092 739 aut
1105 702 1230 740 craffior
1247 703 1282 740 fit
1294 733 1305 749 ,
1317 716 1374 739 aut
1386 703 1531 753 frigidior
1543 732 1554 747 ,
1567 714 1621 738 aut
1633 714 1739 740 vene.

349 769 428 793 nato
453 757 555 792 halitu
583 757 770 804 inquinatus
781 784 791 799 ,
817 757 842 789 is
861 766 918 803 per
947 753 1084 789 tracheae
1114 752 1273 789 bronchia
1299 753 1340 788 ad
1363 752 1514 789 vesiculas
1537 751 1636 799 usque
1667 764 1741 800 pei·-

348 819 481 842 manaus
495 806 675 854 sanguinem
689 805 793 840 statim
807 802 925 840 inficit.
935 803 1037 850 quue
1050 804 1082 837 iri
1094 801 1219 838 morbis
1236 803 1422 849 epidemicis
1439 807 1472 839 ὃ(
1495 799 1719 850 pestilentibus
1729 828 1759 846 ‚,

348 857 383 890 in
397 855 475 890 locis
489 867 623 903 quoque
636 846 829 902 palustribus
840 864 894 887 aut
910 850 1062 886 conclusis
1073 857 1105 888 δε
1121 865 1188 887 non
1196 850 1339 900 perstatis
1349 853 1543 900 experimuiu

388 919 412 940 2.
447 906 580 952 Sanguis
603 903 669 951 ipse
682 904 737 949 qui
751 901 771 937 ἒι
785 902 899 936 dextro
916 900 1021 934 cordis
1045 898 1110 933 finu
1124 912 1179 948 per
1192 902 1341 934 arteriam
1355 900 1518 948 pulmonis
1534 899 1739 934 continenter

350 952 523 1001 expellitur
533 981 542 995 ,
579 950 710 987 serofior
735 950 897 985 interdum
918 951 950 984 in
983 946 1051 996 ipso
1073 960 1130 996 per
1157 947 1328 996 pulmones
1354 945 1483 984 tranfitu
1506 946 1644 982 serosum
1677 946 1741 981 hu-

351 1014 477 1036 morem
487 1003 521 1036 in
538 999 607 1048 ipsis
623 1003 707 1035 inter
720 997 873 1034 vesiculas
890 997 1065 1032 interstitiis
1086 997 1224 1043 deponit
1239 1024 1249 1039 ‚
1267 999 1324 1042 qui
1350 1009 1415 1031 non
1435 995 1490 1032 1‘
1511 1008 1585 1030 curn
1602 994 1741 1030 molesta

350 1048 421 1085 tussi
440 1062 496 1097 per
510 1048 687 1090 bronchia,
702 1046 856 1083 fibrarum
865 1057 939 1094 ope,
949 1047 982 1079 in
997 1043 1211 1093 exspiratione
1225 1043 1289 1080 una
1303 1056 1376 1079 cum
1387 1055 1460 1078 aere
1473 1043 1662 1092 exploditur.
1676 1045 1742 1079 Aut

352 1098 373 1134 fi
389 1097 516 1133 craffior
534 1096 569 1132 fit
580 1126 589 1140 ,
607 1099 710 1132 varias
723 1095 960 1131 obstructiones
975 1105 1062 1128 creat
1073 1121 1083 1137 ‚
1094 1104 1164 1140 quae
1187 1089 1374 1128 anhelosam
1388 1093 1625 1141 &impeditam
1643 1091 1742 1141 respi-

350 1150 512 1182 rationem
533 1143 683 1183 efficiunt.
709 1146 810 1182 Unde
828 1156 900 1179 cum
910 1142 1032 1192 sanguis
1050 1144 1202 1191 contagio
1214 1142 1384 1191 pestilente
1403 1143 1586 1189 inquinatus
1598 1153 1743 1177 corrum-

353 1199 406 1246 pi,
425 1199 499 1234 &in
515 1209 646 1245 grumos
660 1193 861 1231 concrescere
875 1194 1001 1240 incipit,
1016 1191 1117 1226 statim
1127 1191 1336 1238 pulmonibus
1349 1191 1558 1227 affeetionem
1574 1188 1658 1224 suam
1670 1202 1744 1239 pra.

354 1258 430 1281 vam
447 1248 590 1294 impertit
606 1273 616 1289 ,
631 1256 667 1279 ut
685 1246 717 1279 in
731 1243 817 1291 peste
834 1271 844 1286 ,
865 1242 995 1277 variolis
1017 1245 1051 1280 δε
1070 1239 1219 1290 malignis
1237 1239 1394 1277 febribus.
1423 1242 1510 1276 Hinc
1528 1237 1742 1275 inflammatio

356 1294 548 1345 pulmonum
559 1324 567 1338 ‚
583 1300 615 1331 ὅ(
631 1291 768 1328 difficilis
781 1291 953 1328 anhelitus-

406 1357 430 1388 3.
457 1344 545 1378 Cum
559 1343 682 1393 sanguis
694 1342 738 1377 est
751 1353 807 1376 aut
823 1339 987 1389 aquofior,
1001 1351 1056 1375 aut
1073 1338 1237 1389 spirituum
1252 1339 1344 1388 inops
1355 1366 1366 1382 ,
1380 1349 1436 1373 aut
1448 1339 1505 1385 qui
1524 1337 1656 1373 terrenis
1668 1348 1743 1386 pat.

353 1393 460 1428 ticulis
470 1392 614 1428 abundet
627 1422 636 1436 ‚
646 1404 712 1427 non
722 1390 863 1426 sulfureis
876 1395 909 1427 &
921 1388 1090 1439 spirituosis
1099 1417 1109 1432 ,
1125 1401 1184 1437 per
1196 1389 1302 1424 εῐᾶος
1328 1387 1517 1436 pulmonum
1535 1386 1649 1422 dustus
1674 1399 1744 1422 non

354 1441 424 1476 satis
441 1442 593 1490 expedite
609 1442 764 1487 trajicitur
776 1468 786 1482 ‚
810 1439 890 1488 saepe
908 1441 942 1475 in
958 1441 995 1474 iis
1015 1438 1134 1482 haeret,
1151 1442 1185 1474 &
1204 1438 1296 1473 instar
1310 1435 1378 1471 limi
1394 1448 1449 1471 eos
1466 1435 1618 1471 occludit.
1643 1435 1745 1472 Unde

355 1503 428 1525 cum
439 1491 506 1539 post
525 1503 652 1526 motum
667 1491 809 1538 corporis
828 1490 1076 1523 concitatiorem
1098 1486 1217 1534 sanguis
1233 1488 1268 1522 in
1282 1485 1452 1534 pulmones
1474 1485 1611 1534 rapidius
1629 1484 1743 1528 fertur,

357 1551 425 1575 tum
443 1539 523 1585 saepe
533 1543 558 1574 is
577 1542 612 1576 in
628 1537 833 1589 pulmonibus
849 1537 992 1586 stagnat,
1007 1542 1042 1574 &
1060 1535 1228 1571 difficilem
1244 1547 1343 1583 atque
1359 1532 1545 1569 anhelosam
1562 1532 1745 1582 respiratio-

355 1601 432 1624 nem
442 1588 559 1625 efficit:
582 1589 669 1637 quod
685 1590 798 1635 utique
812 1589 845 1622 in
858 1587 1048 1623 cachefflcis
1062 1615 1072 1630 ,
1086 1585 1140 1622 seu
1152 1597 1252 1635 pravo
1265 1585 1405 1634 corporis
1422 1582 1538 1619 habitu
1552 1582 1676 1618 affectis
1686 1586 1744 1626 ,δε

354 1640 388 1673 in
404 1641 441 1673 iis
458 1641 513 1686 qui
530 1639 676 1687 hydrope
697 1636 866 1680 laborant,
879 1638 1076 1685 experimur.

397 1702 434 1726 4.
457 1691 549 1736 Saepe
565 1691 677 1722 evenit
695 1699 730 1721 ut
744 1683 952 1730 respiratione
968 1698 1034 1734 prae
1053 1682 1160 1719 subito
1174 1682 1293 1732 frigore
1311 1681 1465 1730 impedita
1477 1709 1487 1723 ‚
1508 1679 1610 1715 serum
1632 1680 1744 1727 super-

357 1736 454 1772 fluum
468 1750 524 1786 per
539 1739 618 1772 cutis
631 1748 727 1785 poros
741 1734 856 1769 difflari
881 1734 1009 1769 solitum
1032 1736 1068 1769 in
1092 1732 1253 1781 sanguinis
1269 1730 1397 1767 mairam
1413 1730 1590 1773 redundet,
1605 1729 1693 1776 quod
1706 1731 1741 1764 in

359 1785 546 1834 pulmonum
556 1786 701 1832 anqustiis
716 1784 869 1833 deponit:
889 1780 1062 1818 hinctuss'is
1083 1787 1116 1819 δέ
1135 1781 1281 1816 catharri.
1312 1781 1402 1815 Idem
1420 1779 1612 1828 plerumque
1626 1778 1743 1812 accidit

359 1847 399 1869 ex
414 1838 483 1869 vini
501 1826 654 1870 tenuioris
666 1839 700 1870 ὅ(
710 1835 848 1881 pomatii
863 1832 915 1867 usu
925 1861 935 1875 ,
947 1834 1086 1867 maxime
1097 1843 1169 1864 cum
1184 1829 1307 1877 sanguis
1318 1833 1383 1876 jam
1399 1829 1438 1862 ad
1459 1827 1646 1860 ariditatem
1670 1836 1742 1859 ver-

359 1886 407 1931 git
417 1913 426 1926 ,
438 1895 473 1918 ut
486 1886 617 1917 ineunte
633 1883 851 1916 hieme.1dem
868 1882 1019 1914 evenitin
1034 1880 1160 1926 magnis
1174 1880 1255 1911 aeris
1270 1874 1517 1918 mutationibus,
1532 1875 1628 1922 idque
1640 1875 1743 1909 maxi-

359 1944 411 1966 me
429 1945 500 1966 cum
516 1944 570 1965 aer
582 1943 621 1965 ex
639 1929 718 1964 sicco
735 1928 773 1964 fit
789 1929 962 1963 humidior.

401 1996 422 2028 5.
448 1981 535 2016 Cum
553 1979 674 2027 sanguis
695 1976 740 2013 ob
761 1976 929 2013 craffitiem
941 1976 1054 2011 duetus
1073 1973 1279 2023 pulmonares
1294 1986 1361 2008 non
1384 1974 1499 2021 trajicit
1517 2001 1527 2017 ,
1553 1971 1745 2021 plerumque

358 2029 574 2067 extravasitus
589 2028 685 2063 haeret
696 2029 728 2063 in
741 2025 810 2076 ipfis
827 2025 976 2062 vasorum
988 2025 1174 2060 interstitiis.
1187 2026 1275 2059 Hinc
1288 2021 1447 2072 phlogosis
1461 2050 1471 2064 ‚
1489 2021 1540 2056 seu
1562 2020 1744 2056 inflamma-

359 2079 691 2128 tio,peripneumonia
706 2106 715 2120 ‚
734 2082 767 2113 &
777 2076 943 2124 respiratio
955 2073 1114 2122 impedita
1127 2102 1136 2116 ‚
1150 2073 1276 2122 sputum
1285 2072 1438 2121 sanguinis
1451 2073 1565 2107 :mitto
1577 2080 1718 2105 tumores
1731 2098 1744 2113 ‚

361 2129 545 2170 tubercula,
564 2129 790 2163 concretiones
801 2124 945 2159 arenosas
957 2123 1142 2170 &lapideas
1157 2152 1165 2165 ,
1180 2134 1278 2168 atque
1295 2121 1356 2156 alia
1373 2121 1462 2168 hujus
1479 2122 1604 2169 generis
1622 2118 1720 2157 multa
1731 2146 1743 2161 ,

359 2189 432 2226 quae
443 2178 520 2212 dum
533 2175 692 2225 sanguinis
704 2172 868 2210 transitum
880 2173 1079 2222 impediunt,
1090 2170 1333 2222 respirationem
1345 2167 1488 2206 efficiunt
1506 2166 1695 2204 laboriosam
1707 2173 1742 2205 δε

358 2226 531 2263 difficilem.
995 2257 1002 2263 ,

400 2275 493 2313 Nihil
503 2276 609 2310 dicam
621 2274 661 2308 de
677 2272 781 2309 setoso
791 2273 928 2309 humore
943 2299 950 2313 ‚
971 2272 1027 2317 qui
1043 2282 1109 2305 non
1122 2269 1142 2306 ὲ
1155 2268 1302 2312 cerebro,
1317 2279 1352 2302 ut
1368 2264 1466 2316 vulgo
1484 2266 1641 2309 creditur,
1656 2264 1707 2300 sed
1721 2263 1743 2300 ὲ

357 2324 512 2375 glandulis
522 2337 592 2372 quae
604 2327 635 2359 in
646 2322 835 2359 membrana
844 2320 957 2369 asperae
965 2321 1088 2353 arteriae
1099 2325 1133 2356 &
1145 2318 1370 2353 bronchiorum
1384 2319 1497 2351 intima
1508 2314 1576 2350 sunt
1587 2314 1741 2361 plurime,

357 2386 410 2421 aut
420 2375 439 2409 a
452 2372 601 2422 languine
611 2375 706 2410 nimis
718 2372 822 2408 diluto
833 2371 1012 2407 excernitur
1025 2381 1034 2404 z
1051 2380 1088 2404 ut
1101 2380 1226 2404 taceam
1248 2368 1288 2403 de
1311 2366 1453 2415 lympha:
1471 2363 1619 2401 ductibus
1631 2392 1641 2407 ‚
1659 2375 1741 2411 quos
