1878 2724
429 120 789 161 TRACTATUS
837 121 1155 161 SECUNDUS.
1418 128 1470 160 13

138 188 170 221 3.
199 173 301 212 Globi
332 174 380 218 A,
415 178 449 211 δε
464 174 508 217 Β,
532 171 671 221 aequales
683 200 694 215 ,
715 169 768 206 sed
1430 134 1451 166 4

94 224 245 273 inaequali
266 222 443 260 velocitate
479 223 563 258 moti
588 249 598 265 ,
649 222 695 254 ita
727 231 765 254 ut

81 273 212 323 -globus
237 274 266 309 A
285 272 462 308 velocitate
474 272 502 307 A
518 274 550 307 D
562 299 572 315 ‚
598 275 632 307 &
655 267 774 317 globus

96 325 122 359 B
146 321 323 358 velocitate
353 323 377 357 B
393 324 424 358 D
444 349 454 364 ‚
479 319 538 355 fibi
562 330 676 355 mutuo
717 329 775 352 oc.

95 382 224 407 currant
238 400 249 415 ,
295 371 364 420 post
388 368 585 404 collifionem
614 366 775 403 velocita-

97 429 146 454 tes
168 418 236 456 suas
264 418 494 468 permutabunr
511 429 519 451 :
545 417 628 452 adeo
648 426 685 450 ut
705 414 778 463 glo-

93 466 156 503 bus
173 470 201 504 A
213 470 324 503 redeat
341 480 415 503 cum
428 466 605 503 velocitate
623 466 647 499 B
659 466 691 499 D
707 492 718 508 ,
740 467 774 500 ὅ(

94 516 214 566 globus
236 519 259 552 B
273 529 346 552 cum
358 516 536 551 velocitate
555 514 584 548 A
597 516 639 549 D.

137 568 228 602 Nam
245 564 313 614 quo
331 565 474 600 velocius
504 561 623 611 globus
648 561 671 595 Β
693 572 769 595 mo-

92 614 265 658 vetur‚h<¹>c
275 611 393 648 fortius
407 615 439 648 in
450 610 615 646 collisione
625 611 768 657 percutit

92 662 229 713 globum
245 665 273 698 A
285 691 295 706 ,
316 668 350 699 &
360 659 494 697 viciffim
507 675 515 697 :
526 660 602 695 hinc
612 657 770 694 velocita-

94 723 143 747 tes
154 710 221 746 suas
236 721 448 746 commutant.

104 773 144 806 4.
160 761 194 795 Si
203 759 266 795 duo
276 758 404 808 globuli
413 761 489 803 A,&
502 760 526 794 B
539 756 675 805 aequales
688 761 722 793 δι
733 755 952 806 elastici,quod
962 756 1083 804 semper
1100 752 1474 801 supponimus‚movean-

95 819 148 844 tur
168 810 202 843 in
224 808 353 844 easdem
375 819 482 856 partes
498 836 508 851 ‚
532 805 585 841 sed
606 805 782 841 velocitate
796 806 966 854 inaequali,
979 817 1016 840 ut
1032 801 1246 840 Avelocitate
1262 801 1288 835 A
1301 801 1325 834 Β
1336 828 1346 842 ,
1357 803 1391 836 &
1403 798 1475 847 glo-

91 856 152 893 bus
162 859 186 892 B
201 857 376 893 velocitate
392 859 415 892 Β
430 858 480 902 C,
497 856 566 905 post
577 853 775 892 collisionem
790 858 824 894 in
833 856 961 892 easdem
969 865 1076 904 partes
1096 851 1238 887 ferentur
1253 878 1264 894 ,
1286 848 1340 884 sed
1353 847 1472 884 veloci-

93 917 173 942 tates
199 906 440 955 permutabunt.

124 957 215 992 Nam
228 954 249 989 fi
260 955 376 1005 g10b¹¹⁵
388 957 412 990 Β
427 953 504 991 effet
514 955 641 1002 queffls
653 981 662 996 ,
676 952 793 1002 globus
807 954 837 988 A
849 966 981 990 ornnem
992 953 1081 988 suum
1099 961 1225 986 motum
1241 951 1275 984 in
1286 959 1359 982 eum
1370 956 1473 980 trans-

90 1003 190 1040 ferret
200 1033 210 1048 ,
226 1009 260 1042 δε
276 1017 391 1053 corpus
406 1006 435 1040 A
451 1002 640 1051 quiesceret.
654 1003 740 1038 Cum
753 1005 850 1052 igitur
864 1002 981 1052 globus
995 1005 1018 1037 B
1029 1011 1217 1042 moveatur,
1238 997 1314 1033 licet
1331 991 1451 1030 tardius
1464 1022 1474 1037 ‚

91 1064 217 1089 tanturn
227 1053 376 1089 detrahet
385 1054 546 1101 devquiete
561 1054 837 1102 integracorporis
852 1055 881 1088 A
899 1082 910 1096 ,
932 1065 1087 1101 quantum
1104 1048 1206 1085 habet
1223 1057 1352 1088 motu53
1368 1046 1473 1078 minus

91 1103 181 1137 enim
189 1100 301 1136 resistit
310 1114 422 1150 corpus
435 1104 458 1136 B
469 1114 541 1136 cum
550 1111 715 1142 movetur,
733 1104 859 1150 corpori
873 1103 902 1135 A
915 1129 924 1145 ,
935 1099 1066 1149 quim-isi
1074 1110 1149 1135 anre
1162 1095 1360 1132 collisionem
1370 1089 1475 1139 quies-

92 1161 181 1194 ceret
200 1166 210 1193 ·,
232 1150 330 1198 idque
347 1163 406 1199 pto
427 1151 555 1184 ratione
571 1147 739 1183 suimotfis
751 1151 782 1185 in
798 1150 926 1186 easdem
938 1162 1055 1199 partes.
1092 1149 1203 1193 Atque
1219 1156 1255 1180 ur
1275 1154 1389 1191 corpus
1407 1142 1430 1175 B
1451 1138 1476 1176 ss

93 1202 269 1234 immotum
291 1197 388 1243 effer,
413 1201 560 1245 quietem
583 1197 670 1231 suam
691 1210 766 1233 cum
791 1211 885 1234 motu
902 1201 1043 1247 corporis
1064 1199 1093 1233 A
1117 1204 1315 1244 permutaret
1332 1209 1341 1235 ς
1362 1187 1475 1225 sicubi

91 1259 254 1291 movetur,
265 1247 341 1282 licet
351 1246 483 1290 εειτάίιῖε,
494 1257 619 1282 motum
629 1245 742 1281 itidem
753 1248 843 1284 suurn
854 1260 925 1283 cum
946 1259 1041 1283 motu
1065 1246 1209 1292 corporis
1227 1245 1257 1278 A
1281 1248 1471 1276 commutat.

125 1312 154 1345 5-
170 1298 203 1331 Si
213 1296 384 1345 inaequales
398 1295 457 1331 (int
469 1294 614 1345 globuli,
626 1299 660 1331 &
676 1294 867 1337 velocitates
883 1297 1053 1345 inaequales
1064 1323 1074 1339 ‚
1095 1292 1147 1329 sed
1160 1303 1268 1326 tamen
1285 1285 1473 1338 corporibus

91 1348 262 1393 reciprocae
273 1373 282 1388 ,
308 1345 370 1381 hoc
387 1345 434 1380 est
444 1356 598 1393 quantum
614 1341 730 1392 globus
744 1352 774 1387 Α
789 1362 822 1386 v,
833 1359 882 1396 gr.
899 1346 1024 1396 superat
1039 1343 1184 1394 pondere
1199 1340 1337 1390 globum
1349 1342 1387 1383 B,
1402 1347 1474 1373 tan-

94 1405 164 1429 tum
179 1394 333 1430 velocitas
346 1395 377 1429 C
389 1396 412 1428 B
427 1392 720 1442 superetvelocita-

95 1454 163 1478 tem
180 1443 209 1479 A
238 1445 336 1479 13:111
352 1442 373 1478 fi
392 1440 634 1489 AduplusfirB
650 1469 659 1483 ‚
679 1439 720 1476 fic

94 1491 250 1527 velocitas
272 1494 297 1526 -B
315 1492 345 1527 C
360 1491 457 1540 dupla
471 1490 508 1527 fit
531 1489 717 1526 velocitatis
1046 1477 1117 1550 Ξ
1130 1495 1162 1532 3
1294 1507 1300 1517 .

96 1543 126 1577 A
139 1543 182 1584 B,
207 1540 314 1588 palam
339 1537 392 1575 eff
408 1541 479 1576 fore
499 1551 534 1574 ut
560 1537 660 1574 ambo
701 1541 722 1576 ὲ
803 1521 862 1552 A
873 1531 1289 1553 ...............................
1293 1509 1356 1549 ac

96 1588 294 1638 percuffione
307 1591 445 1624 omnino
469 1587 606 1622 resiliant
628 1599 702 1620 cum
1331 1621 1337 1627 ι
1394 1619 1400 1624 ,

95 1639 210 1672 eadem
223 1637 331 1672 motus
350 1639 530 1684 quantitate
541 1648 640 1683 quarn
651 1632 842 1669 habuerunt.
853 1627 916 1663 Sed
929 1639 993 1675 qua
1008 1627 1221 1675 proportione
1233 1620 1416 1656 velocitatis
1427 1629 1477 1652 re-

97 1686 200 1722 siliant
212 1715 221 1729 ,
237 1699 304 1721 non
316 1688 400 1720 inter
417 1685 446 1720 se
460 1684 662 1720 consentiunt
671 1684 726 1730 qui
741 1679 805 1714 haec
822 1678 862 1712 ad
877 1679 990 1711 vivum
1003 1674 1157 1710 resecant.
1176 1675 1215 1709 Et
1232 1669 1365 1718 quidem
1380 1664 1479 1701 sicor-

97 1747 177 1784 pora
190 1748 258 1769 non
276 1732 375 1770 essent
392 1732 600 1782 elastica,post
617 1730 813 1766 collisionem
829 1727 965 1761 omnino
982 1723 1202 1771 quiescerent,
1221 1730 1256 1755 ur
1270 1717 1360 1765 supra
1370 1715 1480 1770 ostem

97 1785 210 1819 dimus.
230 1783 405 1818 Elaterium
426 1781 503 1818 vero
518 1781 631 1817 eadem
647 1783 676 1815 vi
689 1776 818 1827 repellit
828 1805 837 1819 ,
850 1786 912 1822 qua
925 1770 1135 1821 compreffum
1150 1770 1214 1805 fuit
1233 1782 1240 1805 :
1259 1767 1342 1822 unde
1357 1763 1426 1798 satis
1438 1765 1481 1821 eit

97 1831 269 1882 probabile
284 1845 349 1868 non
362 1833 535 1880 permutari
551 1830 742 1865 velocitates
757 1856 766 1871 ‚
784 1826 836 1861 sed
847 1834 1019 1871 utrumque
1029 1819 1164 1871 globum
1175 1818 1289 1854 eadem
1299 1828 1333 1850 vr
1343 1814 1481 1863 regredi,

97 1893 163 1930 qua
176 1882 210 1918 in
224 1893 337 1928 corpus
355 1880 491 1916 obvium
505 1881 652 1928 impegit.
1450 1913 1456 1918 ,

147 1928 272 1965 Verum
286 1931 342 1965 has
361 1929 550 1965 subtilitates
561 1931 683 1964 omitto
696 1944 706 1971 3
725 1927 824 1973 idque
839 1925 872 1960 in
888 1918 1068 1957 universum
1078 1917 1220 1966 spectare
1234 1924 1366 1963 oportet
1376 1942 1385 1956 ,
1403 1911 1482 1959 quid

100 1978 261 2012 accideret
271 1977 293 2012 fi
304 1991 438 2027 corpora
449 1977 570 2014 nullam
581 1976 739 2012 haberent
750 1977 817 2010 vim
829 1973 999 2013 elasticam,
1012 1980 1081 2004 turn
1093 1966 1172 2015 quid
1184 1963 1303 2000 efficiat
1311 1962 1481 1997 elaterium

98 2031 185 2076 juxta
198 2025 285 2074 leges
303 2039 382 2073 quas
399 2027 576 2062 attulimus,
599 2027 650 2060 Sic
662 2041 695 2062 v.
707 2038 753 2075 gr.
772 2036 845 2059 cum
854 2032 969 2069 corpus
982 2018 1146 2054 elasticum
1164 2016 1199 2050 in
1210 2015 1372 2055 mimz&
1386 2012 1481 2058 (ψίθ-

100 2087 171 2110 tum
189 2076 320 2109 incurrit
332 2103 342 2118 ,
356 2075 434 2109 illud
444 2089 509 2110 non
518 2075 693 2122 regreditur
707 2104 715 2118 ‚
731 2073 782 2108 sed
791 2072 922 2108 ulterius
937 2067 1102 2118 procedit,
1115 2068 1274 2113 majorem
1292 2072 1402 2096 tamen
1423 2071 1481 2094 ve-

98 2124 267 2160 locitatem
280 2125 398 2158 minori
420 2122 556 2165 tribuit,
581 2135 679 2170 quam
695 2121 816 2158 habeat
833 2149 843 2164 ,
857 2133 923 2156 non
942 2122 1098 2167 majorem
1126 2113 1236 2148 motfis
1251 2113 1479 2159 quantitatem.

101 2175 225 2209 Contra
240 2173 355 2207 accidit
369 2185 442 2207 cum
457 2173 560 2206 minus
578 2183 690 2219 corpus
708 2174 740 2205 in
752 2174 888 2216 majus&
900 2169 1050 2215 quietum
1066 2164 1210 2199 incurrit.
1236 2163 1324 2196 Nam
1338 2157 1479 2214 regredi7

101 2226 204 2264 tur‚&
223 2223 383 2256 minorem
397 2233 494 2268 quam
506 2218 625 2255 habeat
640 2219 849 2254 velocitatem
872 2220 902 2252 ei
920 2216 1138 2251 communicat
1157 2225 1166 2246 t
1183 2219 1340 2258 quantum
1353 2219 1431 2241 vero
1446 2216 1479 2238 el

100 2269 222 2308 tribuat
238 2283 363 2313 motus,
378 2270 471 2304 nostri
484 2281 548 2303 non
564 2268 607 2302 est
627 2268 758 2302 instituti
772 2269 853 2301 inire
864 2265 1030 2301 calculum-

143 2327 170 2355 6.
184 2321 214 2353 Si
226 2318 342 2366 globus
361 2322 395 2354 in
413 2318 519 2367 plures
531 2316 610 2351 alios
628 2315 681 2351 sibi
694 2317 861 2363 contiguos
874 2325 1019 2348 occurrat
1033 2341 1041 2354 ,
1059 2320 1172 2344 omnes
1186 2305 1351 2354 quiescent
1367 2312 1479 2351 praetet

99 2365 254 2407 ultimum
264 2371 318 2415 qui
331 2369 444 2403 eadem
459 2363 828 2401 celeritatemovebitur.
840 2362 967 2398 Globus
988 2364 1012 2395 A
1035 2363 1169 2394 incurrat
1186 2358 1219 2391 in
1240 2355 1343 2404 plures
1366 2350 1484 2402 globos
