1878 2724
375 180 433 214 ,Μ
916 156 1225 195 nursicus

375 210 644 250 cuintranssatam
661 207 946 257 subsequitur-,vel
958 210 1106 244 motione
1128 209 1276 257 imaginis
1295 209 1328 244 in
1350 210 1474 253 tetina;
1494 208 1547 245 vel
1566 208 1706 260 denique
1727 219 1771 248 e!

378 263 623 311 comparatione
645 259 785 305 quadam
812 256 932 307 objecti
950 256 1083 292 mobilis
1102 258 1142 292 ad
1165 257 1227 291 alia
1244 257 1475 307 circumpofita.
1500 259 1652 311 Qndiu
1678 264 1766 296 enim

379 311 466 347 idem
476 308 548 344 situs
564 306 618 342 visi
637 309 777 355 corporis
792 319 863 342 cum
874 309 986 343 vicinis
998 335 1008 350 ,
1020 317 1117 354 atque
1128 307 1215 341 idem
1230 306 1312 341 ordo
1322 309 1515 356 percipitur,
1533 309 1653 344 tamdiu
1666 310 1763 345 idim-

378 371 505 396 motuni
526 356 702 406 judicamus
719 369 727 392 :
752 355 875 392 tametsi
886 355 1020 405 petsaepe
1034 355 1107 391 loco
1132 366 1294 391 movetur.
1314 358 1365 391 Sic
1379 357 1441 392 uua
1454 370 1525 393 curn
1543 359 1619 392 navi
1638 356 1766 406 abrepti

377 407 434 442 arb
442 418 514 442 ores
533 412 567 443 δε
586 405 710 452 reliqua
728 418 861 454 corpori
876 408 972 448 cieri,
984 418 1041 440 nos
1053 407 1183 440 interim
1197 405 1276 439 stare
1292 403 1494 442 arbitramur.
1513 406 1600 441 Cum
1613 418 1721 441 autem
1733 409 1767 442 in

376 455 518 502 aliquod
533 467 647 503 corpus
659 455 756 504 longe
768 455 788 492 ὲι
801 454 1043 491 nobisdiffitum
1058 456 1159 489 aciem
1172 455 1365 489 intendimus
1379 484 1389 498 ‚
1406 467 1440 490 nt
1451 457 1484 490 in
1502 454 1610 491 lunam
1620 484 1629 497 ,
1650 466 1719 490 tum
1735 455 1771 490 id

377 517 493 552 corpus
508 504 585 539 stare
596 503 690 539 nobis
703 507 850 540 videtur:
869 505 957 552 quod
973 515 1077 539 motus
1088 502 1186 538 oculis
1200 505 1319 551 percipi
1334 516 1399 539 non
1413 503 1580 553 poffit,nec
1594 516 1656 553 prce
1671 506 1769 538 nimia

378 553 533 590 distantia
546 564 650 602 partes
666 566 838 603 peragratae
850 554 1072 588 animadverti.
1086 554 1220 588 Interim
1230 563 1339 588 tamen
1350 552 1452 588 nubes
1471 555 1582 603 agitari
1600 553 1749 587 videntur
1758 579 1775 597 ,f

377 603 468 650 quod
489 602 573 637 suam
584 614 712 637 mutent
728 604 747 638 ἐι
758 604 831 638 luna
844 604 1035 637 distantiam.

417 654 581 701 Qaeritur
596 658 639 689 60.
656 664 708 686 cur
721 651 869 687 nonrmlli
879 651 1007 701 objesta
1019 651 1073 687 nisi
1088 654 1214 699 propius
1227 650 1326 685 oculis
1343 651 1475 686 admota
1487 651 1638 686 distinete
1654 651 1770 685 intueri

379 713 446 736 non
457 699 574 749 poffint
585 715 592 736 :
602 713 672 735 cum
687 700 757 744 alii,
768 713 803 736 ut
812 699 898 737 senes
910 701 1021 749 procul
1031 700 1072 736 ab
1090 713 1126 735 ea
1138 700 1236 736 oculis
1248 712 1417 736 removere
1430 712 1582 749 cogantur
1596 699 1658 735 :illi
1672 713 1774 747 myos

382 761 453 797 pes,
471 751 501 784 hi
516 749 676 798 presbytae
687 750 844 786 dicuntur.

416 799 507 848 Resp.
526 799 560 833 [d
570 801 686 846 utique
701 812 768 835 non
784 799 912 835 aliunde
926 798 1024 846 quam
1036 798 1056 835 ὲι
1065 797 1236 847 crystallini
1249 796 1346 846 figura
1358 801 1443 835 oriri.
1456 801 1542 835 Nam
1554 808 1689 844 myopes
1698 808 1771 846 cry.

379 846 537 882 stallinum
553 847 676 884 habent
686 847 904 896 globofiorem
913 877 922 892 ‚
934 853 967 885 δε
985 848 1112 883 oculum
1123 847 1200 895 saepe
1210 848 1425 895 prominu'urn
1439 861 1446 883 :
1463 847 1548 882 unde
1562 844 1690 894 objecita
1702 859 1770 882 non

379 896 492 931 vident
508 895 636 944 longius
652 896 754 933 diffita
764 926 773 940 ,
783 897 871 944 quod
885 898 964 931 radii
977 899 1110 932 nimium
1121 896 1249 931 refracti
1260 895 1353 931 citius
1365 899 1479 931 coeant
1492 926 1501 940 ‚
1519 906 1627 942 neque
1639 893 1770 929 ordina-

379 954 446 978 tam
457 947 615 992 picturam
631 947 663 980 in
681 945 786 980 fundo
803 945 908 988 oculi,
929 944 980 980 sed
991 947 1068 980 citra
1086 974 1095 989 ‚
1111 947 1143 979 in
1154 947 1259 980 vitreo
1271 946 1422 979 nimirum
1437 945 1571 979 humore
1584 942 1778 980 exhibeant.-

379 995 442 1028 His
458 994 541 1028 adeo
555 994 738 1042 conspicilia
761 1007 840 1028 cava
853 993 919 1029 usui
935 993 1003 1029 sunt
1022 1008 1030 1029 ε
1046 1006 1119 1029 nam
1136 993 1241 1027 radios
1255 993 1426 1029 distrahunt
1443 1022 1452 1037 ,
1470 992 1535 1041 quo
1554 990 1672 1027 tardius
1690 1003 1769 1028 cou-

380 1054 522 1077 currant.
539 1044 636 1077 Senes
653 1045 668 1079 ὲ
683 1042 808 1077 diverso
823 1041 940 1090 quibus
956 1041 1127 1091 crystallini
1143 1041 1322 1089 superficies
1334 1044 1435 1089 magis
1453 1041 1659 1090 complanata
1672 1041 1718 1075 est
1734 1046 1770 1077 &

379 1089 512 1124 flaccida
527 1119 535 1133 ‚
551 1104 616 1125 non
628 1088 822 1126 contuentur
832 1091 960 1139 objecta
972 1119 981 1134 ,
994 1091 1050 1126 nisi
1066 1091 1179 1125 eadem
1190 1089 1248 1125 fint
1262 1090 1429 1137 aliquanto
1440 1093 1613 1125 remotiora
1628 1088 1770 1137 :conspi-

380 1138 461 1173 ciliis
475 1140 558 1173 adeo
569 1151 724 1175 convems
741 1141 908 1190 indigent,
922 1139 1042 1188 quibus
1061 1140 1142 1173 radii
1158 1141 1294 1174 nimium
1306 1138 1399 1175 diffiti
1415 1141 1448 1174 in
1459 1140 1616 1189 angustius
1633 1137 1777 1186 spatium

380 1199 535 1235 cogantur
551 1215 561 1231 ,
574 1194 606 1226 ὃ(
620 1191 714 1224 citius
723 1192 848 1226 coeant.
863 1192 914 1224 Sic
925 1192 955 1223 in
967 1187 1100 1223 obscuro
1110 1187 1274 1231 cubiculo,
1293 1187 1360 1236 quo
1371 1188 1437 1223 lens
1455 1199 1599 1225 convexa
1608 1185 1772 1234 globosiov

382 1237 424 1270 est
437 1265 446 1279 ,
463 1236 516 1271 seu
529 1239 658 1272 minoris
668 1238 761 1286 globi
771 1241 880 1287 portio
893 1267 902 1282 ,
915 1236 976 1273 hoc
992 1235 1122 1285 propius
1136 1237 1250 1271 chartre
1260 1236 1304 1272 est
1319 1238 1522 1274 admovenda
1538 1253 1546 1275 ε
1570 1234 1662 1272 εἰιίιῖε
1674 1237 1770 1284 qnip-

381 1297 422 1332 pe
441 1286 522 1320 radii
535 1287 666 1322 refracti
680 1290 807 1325 co'c'unt.
823 1288 887 1322 Sed
897 1288 936 1322 de
949 1286 996 1321 his
1009 1285 1106 1335 paulo
1120 1282 1249 1321 uberit‘is
1264 1287 1434 1335 agendum.

862 1385 893 1421 C
915 1386 944 1420 A
967 1385 990 1420 P
1013 1385 1048 1421 U
1070 1385 1101 1419 T
1145 1386 1193 1419 VI
1212 1385 1261 1420 11.

527 1481 673 1530 Qaedam
682 1484 768 1517 circa
779 1483 1029 1531 perspiciliorum
1042 1481 1082 1517 (ῥ’
1094 1482 1286 1530 microscopii
1299 1483 1384 1529 ufitm
1402 1483 1620 1532 explicantur.

475 1578 532 1617 Uo
544 1581 664 1614 vitrum
675 1590 859 1614 convexum
870 1579 913 1614 est
929 1581 1063 1615 minoris
1084 1580 1209 1629 sphaerae
1222 1584 1330 1628 portio
1342 1612 1351 1626 ,
1371 1581 1434 1618 hoc
1450 1581 1530 1616 radii
1547 1582 1663 1618 cadunt
1684 1582 1774 1619 obli->

381 1582 571 1678 Qquius
585 1657 594 1671 ‚
613 1630 715 1676 magis
734 1628 816 1662 adeo
832 1625 1072 1677 infringuntur,
1100 1635 1134 1667 &
1148 1628 1242 1664 citius
1253 1634 1373 1668 co'e'unt.
1391 1634 1477 1667 Hinc
1486 1642 1591 1666 rerum
1608 1633 1774 1680 imagines·

379 1679 458 1714 fiunt
470 1678 662 1726 angustiores
676 1695 685 1720 ·,
702 1677 888 1712 concursum
904 1681 991 1712 enim
1006 1679 1166 1714 radiorum
1179 1678 1211 1712 id
1230 1682 1348 1715 vitrum
1364 1683 1463 1730 magis
1483 1678 1654 1716 accelerat.
1680 1682 1769 1717 Hinc

378 1726 495 1775 quibus
516 1726 598 1762 oculi
613 1726 812 1774 crystallinus
824 1727 866 1760 est
877 1725 1057 1775 globofior,
1073 1729 1095 1760 ii
1111 1730 1286 1763 remotiora
1302 1729 1432 1778 objecta
1447 1728 1594 1763 distinete
1607 1742 1672 1764 non
1689 1741 1768 1776 con⁴

380 1788 530 1819 tuentur,
553 1775 642 1822 quod
662 1774 778 1811 eversae
794 1776 978 1824 pyramides
991 1774 1049 1812 sint
1061 1775 1246 1821 breviores,
1278 1790 1339 1813 nec
1354 1779 1394 1815 ad
1408 1778 1545 1816 fundum
1565 1776 1662 1825 usque
1677 1778 1763 1822 ocul,

378 1826 582 1873 perveniant.
1753 1828 1764 1848 ¹

414 1876 448 1907 Si
475 1873 568 1907 radiis
587 1883 644 1919 per
661 1873 778 1907 vitrum
789 1884 970 1908 convexum
980 1903 989 1918 ,
999 1885 1033 1909 ut
1043 1885 1100 1922 per
1112 1885 1261 1909 corneam
1273 1875 1380 1911 fractis
1395 1903 1405 1918 ,
1419 1881 1452 1912 ει
1462 1880 1529 1923 jam
1538 1874 1763 1913 annuentibus,

377 1920 557 1970 priusquam
567 1932 773 1963 concurrant,
795 1920 881 1955 aliud
897 1924 1015 1956 vitrum
1035 1922 1148 1957 itidem
1170 1934 1351 1957 convexum
1372 1923 1526 1958 adhibeas
1538 1933 1594 1966 ‚ut
1609 1922 1764 1972 crystalli-

377 1983 454 2005 nurn
470 1969 638 2004 humorem
652 1981 659 2003 ε
672 1967 734 2002 hoc
747 1970 857 2014 utique
874 1971 997 2004 vitrum
1012 1968 1193 2005 concursum
1208 1971 1368 2007 radiorum
1381 2000 1390 2015 ‚
1406 1971 1458 2007 seu
1471 1974 1628 2020 picturam
1639 1972 1766 2007 aeccle-

377 2016 465 2053 rabit
482 2047 490 2061 ‚
504 2029 565 2053 nec
581 2015 670 2051 ficum
680 2017 843 2052 radiorum
856 2018 1085 2054 commutabit.
1113 2020 1202 2054 Hinc
1217 2018 1305 2055 senes
1319 2050 1328 2062 ,
1349 2023 1404 2068 qui
1415 2033 1465 2055 res
1482 2023 1601 2056 vicinas
1613 2032 1697 2069 aegre
1714 2022 1765 2056 di-

378 2067 524 2102 scernunt
537 2096 546 2110 ‚
563 2064 741 2114 perspicilia
756 2065 913 2102 adhibent
929 2079 1075 2103 convexa
1089 2095 1098 2110 ,
1119 2079 1191 2115 quae
1201 2069 1305 2103 radios
1317 2069 1397 2105 ultra
1417 2072 1555 2105 retinam
1572 2072 1715 2105 coituros
1732 2073 1768 2107 in

378 2119 530 2152 interiora
544 2126 707 2150 revocant.
727 2116 805 2159 Qo
819 2127 926 2150 autem
944 2117 1063 2152 vitrum
1072 2117 1114 2152 est
1126 2117 1291 2152 rotundius
1303 2130 1359 2153 aut
1367 2120 1498 2154 minoris
1510 2118 1636 2168 sphaerae
1644 2122 1764 2167 portio,

379 2166 441 2200 boc
460 2167 592 2200 vicinius
607 2162 740 2211 objecto
757 2164 868 2199 fistitur
882 2178 889 2200 :
901 2177 968 2200 tum
981 2168 1068 2201 enim
1081 2167 1158 2200 radi¹¹
1171 2168 1275 2202 minus
1288 2167 1424 2214 oblique
1439 2167 1525 2204 effiifi
1538 2181 1604 2203 non
1618 2179 1686 2202 tam
1696 2171 1766 2203 cito

377 2215 509 2250 refraffl
528 2225 730 2249 concurrunt·
753 2213 891 2262 Specilla
905 2226 1012 2249 autem
1030 2227 1176 2251 convexa
1193 2227 1264 2250 raro
1282 2216 1419 2266 objectis
1440 2230 1513 2263 quae
1530 2219 1652 2252 eminus
1665 2215 1763 2266 pofita

376 2262 448 2298 sunt
459 2293 466 2307 ,
483 2262 671 2298 contuendis
683 2262 878 2298 adhibentur
895 2277 902 2298 :
917 2264 1005 2310 quod
1023 2277 1135 2300 eorum
1148 2266 1304 2313 imagines
1317 2278 1371 2302 aut
1387 2265 1534 2301 luminosi
1543 2266 1622 2300 radii
1635 2264 1680 2300 {at
1695 2267 1762 2300 cito

376 2312 567 2393 lciomgamur
576 2341 586 2356 ,
604 2323 709 2359 neque
721 2311 803 2348 ultra
814 2313 950 2348 retinam
959 2325 1148 2358 excurrant,
1163 2325 1222 2350 nec
1234 2315 1364 2351 demum
1375 2317 1397 2349 ii
1408 2314 1466 2351 sint
1474 2314 1650 2351 antrorsum
1661 2324 1762 2349 retra-

404 2362 492 2398 endi.

414 2410 705 2459 §perilli-convexi
717 2424 780 2460 ope
790 2423 896 2448 terum
908 2409 1067 2449 simulacra
1079 2423 1235 2462 augentur
1251 2440 1263 2458 ‚
1290 2416 1324 2451 &
1345 2410 1427 2451 fiunt
1449 2412 1618 2449 illustriora
1632 2422 1699 2448 non
1715 2410 1760 2450 ob
