1878 2724
512 132 891 176 TRACTATUS·
915 134 1160 175 PRtans,
1492 151 1528 186 ις,

660 239 777 274 Prima
793 236 969 284 Conclusio.

148 335 234 373 'Tria
247 334 319 372 suut
335 336 556 384 generationis
571 336 732 390 principia
745 365 757 380 ‚
767 339 906 372 materia
917 336 1042 381 ‚forma
1055 367 1064 381 ‚
1078 343 1113 377 ει
1125 340 1279 388 privatio.

150 384 324 423 Probatur.
339 387 522 420 Generatio
534 385 579 420 est
591 388 749 430 tranhtuS,
761 385 816 421 seu
827 389 968 422 mutatio
980 387 1001 422 ἐι
1014 400 1081 424 non
1100 387 1162 423 eise
1172 389 1213 424 ad
1224 386 1284 424 effe
1297 401 1306 423 ε
1323 386 1375 423 sed
1395 391 1427 423 in
1437 401 1512 423 om-

115 437 150 472 ni
164 437 348 471 mutatione
363 436 422 468 tria
432 433 503 469 sunt
520 434 693 470 neceffirio
705 441 739 472 δε
752 434 962 471 effentialiter
980 436 1128 485 requifita
1143 452 1151 474 ε
1169 440 1324 473 terminus
1339 436 1359 473 a
1370 449 1439 485 quo
1462 449 1517 471 re-

115 486 251 527 ceditur,
265 487 384 532 quique
395 486 620 519 inmutatione
630 483 834 520 fiibstanxiali
853 497 977 520 nomen
995 489 1188 533 privationis
1207 487 1352 522 obtinuit
1370 514 1376 524 ,
1394 492 1428 523 &
1450 497 1516 520 ter-

117 537 219 570 minus
231 535 272 568 ad
293 545 394 580 quem
408 533 512 568 tendit
527 530 592 580 ipsa
605 534 765 576 mutatio,
783 534 840 582 qui
852 536 886 568 in
903 537 1118 583 generatione
1132 536 1215 571 nihil
1234 537 1278 571 est
1290 534 1347 571 nisi
1365 534 1428 583 ipsa
1446 535 1518 570 for-

111 597 171 620 -ma
187 595 260 631 quae
274 583 462 629 acquiritur;
472 593 510 615 ac
523 581 657 617 demum
670 580 850 631 subjedmm
862 585 1055 619 mutationis
1066 614 1075 628 ‚
1085 584 1139 620 seu
1154 585 1186 619 id
1201 586 1290 633 quod
1307 586 1439 632 utrique
1451 596 1520 619 ter-

117 635 209 669 mino
221 631 425 668 substernitur
443 629 863 680 fundamentum,quodque
876 636 1014 668 materia
1027 636 1132 683 prima
1149 636 1333 670 vocitatur:
1354 636 1438 683 Ergo
1458 637 1520 668 tria

117 682 211 725 sunt,
236 680 303 716 non
319 679 411 728 plura
439 691 494 715 aut
514 683 665 728 pauciora
678 684 901 731 generationis
919 684 1079 733 principia
1098 702 1109 729 3
1129 695 1192 719 nec
1214 682 1278 719 sine
1297 685 1336 717 iis
1361 681 1519 718 omnibus

116 731 246 778 concipi
267 729 392 778 potest,
412 741 450 764 ac
467 730 600 765 demum
615 729 636 766 fi
661 743 778 767 caetera
790 743 902 769 mente
923 733 1104 769 detraxeris
1119 762 1130 778 ,
1151 733 1216 770 haec
1238 735 1298 769 tria
1312 744 1445 768 omnem
1457 743 1519 781 ge-

114 775 465 817 nerationisessentiam
480 779 688 820 constituent.

153 828 304 874 Confirm.
318 828 404 864 Cum
415 829 540 877 aliquid
552 828 589 865 fit
600 858 610 873 ‚
625 842 681 866 aut
693 842 854 875 mutatur,
877 829 930 867 seu
947 834 981 867 in
1001 832 1068 867 alio
1096 833 1180 868 statu
1195 845 1296 881 quam
1317 833 1404 880 prius
1426 842 1496 866 erar
1508 860 1519 875 ,

107 878 333 915 constituitur:
349 889 385 913 ut
401 891 475 914 cum
490 878 593 914 homo
607 878 646 915 fit
654 880 783 924 doetus,
800 882 860 916 tria
873 893 1001 917 tantum
1009 882 1198 918 considerari
1218 880 1355 931 polsunt.
1369 883 1516 916 Primum

115 927 195 963 illud
205 928 247 962 de
256 940 322 976 quo
333 928 449 963 dicitur
460 928 549 976 quod
564 927 623 965 fiat
632 957 642 972 ‚
656 941 693 965 ut
705 932 738 965 in
750 930 906 979 exemplo
922 930 1088 980 proposito
1102 961 1111 974 ,
1126 932 1227 968 homo
1243 949 1252 975 3
1274 930 1448 966 secundum
1474 931 1520 965 est

114 978 150 1012 id
167 976 270 1025 ipsum
286 977 378 1025 quod
390 976 459 1012 fieri
472 979 588 1013 dicitur
598 1007 608 1022 ‚
621 978 722 1015 homo
733 978 853 1015 scilicet
862 981 979 1016 doctus
995 997 1004 1024 ;
1021 984 1155 1017 tertium
1167 983 1200 1016 id
1220 993 1259 1016 ex
1272 993 1341 1029 quo
1353 980 1458 1015 factus
1469 979 1518 1014 est

107 1025 231 1062 <doctus
244 1054 253 1069 ,
265 1038 384 1075 nempe
394 1039 434 1062 ex
446 1026 592 1062 indocto.
607 1031 651 1064 Ex
666 1028 714 1064 his
729 1028 832 1065 tribus
844 1030 913 1065 duo
925 1029 998 1067 sunt
1020 1042 1167 1066 extrema
1180 1060 1190 1074 ,
1206 1036 1240 1068 ὅ(
1258 1028 1404 1079 opposita
1414 1059 1424 1073 ‚
1448 1028 1519 1063 for-

114 1089 170 1112 ma
186 1087 259 1124 quae
273 1078 451 1123 acquiritur
462 1105 472 1120 ,
483 1077 630 1113 doatina
640 1090 762 1128 nempe
774 1108 784 1123 ,
794 1084 829 1116 &
843 1080 876 1114 id
888 1080 979 1127 quod
991 1080 1180 1128 deperditur
1191 1109 1200 1124 ‚
1224 1091 1303 1128 puta
1321 1080 1519 1126 ignorantia,

117 1138 189 1173 quae
201 1127 342 1173 privatio
355 1125 596 1173 dicitursquod
610 1126 646 1161 sit
656 1130 793 1176 negatio
812 1127 927 1164 foxmae
942 1130 974 1163 in
988 1128 1133 1176 subjecto
1150 1142 1230 1177 apto
1246 1143 1253 1164 ε
1268 1129 1411 1163 medium
1437 1139 1517 1162 vero

117 1175 206 1222 quod
216 1175 344 1220 utrique
354 1172 537 1221 subjicitur,
552 1175 710 1223 quodque
728 1179 864 1212 materia
878 1204 889 1220 ,
904 1188 961 1212 aut
975 1175 1154 1226 subjeetum
1165 1179 1361 1213 nominatur.
1379 1177 1443 1211 Sed
1459 1188 1520 1224 ge-

112 1225 247 1259 iteratio
257 1222 305 1257 est
315 1226 455 1258 mutatio
472 1223 686 1259 substantialis
703 1237 802 1274 :ergo
815 1226 926 1261 triaad
940 1226 1026 1262 illius
1045 1225 1211 1263 effentiam
1236 1229 1404 1275 pertinent
1423 1254 1434 1269 ,
1456 1235 1518 1261 nec

113 1272 208 1321 plura
220 1271 352 1308 suntaut
365 1274 513 1321 pauciora
530 1273 614 1308 illius
638 1275 807 1325 principia.

648 1372 799 1408 Secunda
815 1372 993 1421 Conclusio.

156 1471 236 1516 Duo
249 1469 318 1505 sunt
335 1482 462 1506 tantum
478 1473 635 1521 principia
647 1471 818 1521 eompofiti
831 1501 841 1516 ,
867 1474 1005 1507 materia
1016 1477 1050 1509 &
1069 1472 1185 1508 forma-

158 1520 289 1567 Corpus
299 1533 399 1556 omne
413 1521 617 1570 completum
625 1521 980 1572 quantumvisfimplex
991 1525 1194 1572 concipiatur
1206 1550 1216 1565 ‚
1259 1521 1342 1557 otest
1364 1534 1451 1558 nova
1471 1533 1522 1558 at-

114 1567 246 1615 tributa
264 1572 434 1617 excipere:
451 1582 486 1604 ut
502 1582 585 1617 aqua
598 1583 668 1618 quae
683 1572 812 1606 videtur
832 1570 1057 1619 fimplicissima
1075 1601 1084 1614 ‚
1104 1571 1213 1620 potest
1261 1573 1308 1605 eri
1325 1570 1430 1607 levior
1443 1601 1452 1615 ,
1469 1583 1521 1606 te-

118 1620 213 1652 nuior
227 1645 235 1659 ,
247 1617 382 1652 calidior
393 1647 403 1660 ‚
415 1617 581 1652 mobilior.
596 1621 671 1654 Nec
682 1618 818 1653 dubium
829 1620 874 1653 est
885 1622 964 1665 quin
976 1618 1087 1654 saltem
1101 1631 1159 1667 per
1170 1619 1352 1654 absolutam
1374 1623 1440 1656 Dei
1458 1633 1520 1668 po-

119 1668 259 1701 tentiam
274 1668 306 1701 in
319 1669 425 1701 a'e'reni
436 1669 629 1702 commutari
645 1666 753 1715 poffit.
782 1668 875 1703 Idem
886 1668 1059 1703 dicendum
1070 1668 1111 1702 de
1134 1669 1270 1703 minima
1284 1680 1415 1716 quaque
1441 1680 1521 1704 ato-

120 1728 176 1750 mo
193 1717 339 1763 Epicuri:
359 1715 424 1750 liaec
433 1727 523 1750 emm
535 1716 647 1750 saltem
660 1716 797 1765 figuram
809 1716 896 1752 suam
912 1728 1040 1752 mutare
1049 1716 1173 1764 potest.
1199 1715 1262 1751 Sed
1286 1719 1320 1752 in
1336 1717 1392 1752 illa
1412 1729 1521 1753 muta-

121 1766 214 1799 tione
224 1763 402 1808 subjeetum
415 1764 502 1799 idem
515 1777 626 1801 manet
638 1782 649 1810 3
662 1778 756 1800 novre
767 1777 942 1810 emergunt
954 1768 1169 1815 proprietates
1181 1779 1189 1801 t
1199 1777 1278 1814 ergo
1289 1768 1320 1800 in
1339 1769 1428 1802 omni
1445 1779 1521 1802 cot-

115 1825 200 1861 pote
209 1816 311 1848 etiam
328 1812 557 1862 fiinpiiciffimo
570 1815 636 1850 duo
648 1814 783 1864 {prelati
797 1814 929 1864 poffimt·
941 1824 1096 1862 tanquam
1110 1817 1215 1863 prima
1238 1814 1322 1849 illius
1339 1818 1496 1865 principia
1510 1845 1522 1860 ‚

118 1865 258 1898 inetetia
266 1861 389 1898 scilicet
402 1869 436 1901 ἃ(
445 1863 564 1901 fornia.
579 1867 721 1900 Materia
733 1867 839 1914 prin-fa
855 1867 894 1901 in'
902 1867 994 1901 omni
1007 1865 1090 1900 statu
1097 1866 1215 1899 'eadem
1225 1875 1352 1908 manet,
1361 1879 1522 1914 quocum-

121 1924 188 1961 que
201 1912 303 1948 modo
317 1925 356 1947 ea
373 1915 574 1962 concipiatur
588 1943 598 1958 ,
609 1913 661 1950 seu
672 1926 710 1950 ut
718 1927 894 1953 commune
915 1914 1098 1963 subjectum
1117 1917 1150 1950 in
1170 1925 1285 1949 omnes
1302 1914 1520 1951 dimensiones

122 1960 290 1997 extensum
303 1991 314 2005 ,
331 1960 394 1998 sive
407 1975 442 1998 ut
455 1975 532 2010 pura
550 1967 700 2013 potentia
711 1993 720 2008 ‚
732 1974 806 2013 quae
815 1965 861 2000 est
879 1965 982 2000 modo
992 1973 1090 2014 aqua,
1107 1964 1208 2000 modo
1224 1966 1278 1998 aer
1287 1993 1296 2007 ‚
1306 1976 1443 2013 quaeque
1467 1965 1519 1999 di-

124 2010 218 2045 versis
230 2011 394 2048 attributis
409 2011 565 2062 subjacet.
593 2014 732 2051 Nullum
746 2017 858 2062 itaque
880 2016 927 2050 est
941 2027 1055 2064 corpus
1075 2013 1232 2063 (impleat,
1257 2015 1458 2064 completum
1485 2020 1520 2052 &

120 2058 282 2103 sensibile,
290 2063 386 2108 <quoa
396 2065 542 2110 primum
552 2066 749 2114 principium
762 2065 833 2100 diei
845 2063 941 2115 poffit
950 2093 960 2109 ,
976 2074 1013 2100 a'c
1024 2077 1141 2116 corpus
1155 2072 1257 2099 omne
1273 2075 1314 2098 ex
1329 2067 1466 2101 materia
1485 2069 1520 2102 δε

124 2107 232 2144 forma
246 2113 465 2157 componitur.
584 2110 588 2115 ’
836 2125 839 2129 ’
854 2127 857 2143 τ
967 2115 970 2118 ’

161 2159 253 2194 Hinc
266 2159 455 2195 Aristoteles
477 2160 536 2196 lib.
555 2175 578 2198 ι.
594 2163 688 2213 Phys.
705 2164 850 2208 Omnia,
881 2166 989 2213 inquit
1001 2195 1009 2208 ,
1031 2165 1120 2211 fiunt
1137 2164 1324 2212 exfiebjeflo
1339 2163 1494 2209 &firma
1506 2177 1517 2197 .-

125 2221 200 2242 nam
213 2208 346 2253 musteus
362 2211 480 2246 constat
493 2225 532 2245 ex
546 2211 668 2246 homine
687 2214 725 2249 ὠ
749 2214 872 2259 mustea.
892 2217 932 2250 Et
947 2216 1082 2263 quidem
1101 2213 1139 2250 fic
1165 2214 1346 2250 Aristoteles
1360 2215 1518 2262 principia

127 2269 234 2292 rerum
247 2286 256 2299 ,
269 2262 435 2295 materiam
451 2266 484 2297 δέ
504 2260 643 2296 formam
654 2263 823 2299 universim
832 2264 984 2313 explicat,
999 2277 1033 2299 ut
1051 2277 1088 2299 ea
1103 2267 1136 2300 in
1147 2267 1238 2299 omni
1255 2266 1434 2298 mutatione
1448 2261 1521 2297 sub-

128 2307 264 2342 stantiali
278 2310 513 2345 &accidentali
529 2309 714 2346 confideret>
741 2315 841 2361 Qod
854 2313 873 2348 fi
888 2318 977 2350 enim
997 2315 1028 2349 id
1044 2327 1158 2349 verum
1178 2314 1224 2347 est
1245 2316 1278 2348 in
1299 2314 1389 2346 omni
1411 2324 1518 2347 muta-

128 2358 218 2390 tione
230 2359 443 2394 accidentaria
458 2365 629 2395 materiam
641 2367 674 2398 &
695 2361 834 2398 formam
844 2367 980 2411 repet-iri
991 2393 1000 2406 ,
1025 2365 1055 2398 id
1072 2364 1163 2398 nullo
1178 2362 1280 2396 modo
1301 2361 1443 2396 dubitati
1464 2375 1521 2410 po-

129 2405 192 2440 test
207 2406 248 2442 de
269 2411 462 2454 mutatione,
477 2423 547 2458 quae
556 2413 702 2448 omnium
715 2413 759 2448 est
769 2415 916 2453 maxima.
946 2416 1055 2461 Atque
1067 2425 1100 2452 ut
1113 2410 1326 2459 compositum
1345 2412 1435 2458 quod
1449 2423 1520 2447 me-
