1878 2724
551 120 691 156 PARS
728 118 948 161 TERTIA.
1125 154 1127 157 ,
1415 130 1461 171 5i3

66 177 165 211 velim
182 173 277 218 plexu
288 171 447 206 choro'ide
459 183 500 205 ex
521 167 628 213 fibris,
645 181 767 204 arterns
782 175 811 206 &-
826 184 853 202 v.
869 182 917 204 ms
934 167 1075 204 mirabili
1092 178 1160 204 arte
1188 179 1343 205 contexto
1367 188 1375 213 3
1405 175 1459 209 vel

67 227 100 259 in
119 219 187 269 ipsis
205 219 338 254 demum
353 220 538 253 ventriculis
557 218 690 254 infidere
703 249 712 263 ,
727 224 905 254 utVetercs
915 220 1102 263 credidere,
1124 231 1219 266 quam
1233 222 1264 254 in
1283 218 1458 257 substantia.

68 269 158 320 ipsius
173 266 295 304 cerebri
309 267 421 302 calloo
438 275 468 304 ὃς
486 270 601 303 candid
636 286 645 312 3
663 270 714 302 vel
732 272 761 303 in
786 268 933 303 medullae
960 268 1141 317 oblongatae
1162 268 1303 316 apic:bus
1317 297 1326 311 ,
1353 271 1408 305 vel
1423 274 1458 307 in

67 322 180 356 stmtis
198 317 386 364 corporibus
400 331 468 365 quae
479 320 510 352 in
528 318 662 366 piscibus
674 324 706 354 &
717 318 829 352 avibus
844 318 1057 353 desiderantur
1073 335 1082 360 ·,
1100 318 1152 352 vel
1170 321 1201 352 in
1217 318 1305 365 septo
1315 321 1456 364 quodam

67 369 175 405 lucido
185 368 275 416 quod
287 369 484 403 ventriculos
499 368 697 403 disterminat
710 397 719 411 ‚
736 367 785 401 vel
804 369 837 402 in
854 366 915 401 alia
928 366 1049 401 cerebri
1061 378 1149 416 parte
1160 396 1169 410 ‚
1184 380 1384 414 quaecunque
1403 369 1458 403 illa

66 418 102 455 fit
116 448 125 462 ‚
153 418 355 452 constituere.

108 469 194 516 qu.
211 466 302 502 Nihil
328 467 346 500 a
372 464 466 501 nobis
484 465 525 500 de
540 468 695 514 praecipua
709 468 808 500 animi
820 464 892 500 sede
906 495 915 509 ,
931 478 965 500 ut
982 477 1104 500 certum
1121 471 1153 502 ἃς
1172 464 1385 501 inconcussum
1399 466 1456 501 de-

66 518 153 552 cerni
171 515 255 563 posse
273 529 280 549 ε
297 513 346 548 sed
367 515 443 548 illud
454 526 606 562 tanquam
620 513 790 549 verifimile
804 513 928 558 afferri,
946 514 1153 562 objectorum
1183 513 1405 564 impressiones
1421 519 1457 551 in

68 578 157 614 parte
171 563 295 599 cerebri
306 566 434 599 cinerea
445 569 477 600 δε
493 565 585 599 molli
599 563 768 608 affervati3
790 563 909 599 sensum
927 576 1135 599 communem
1149 568 1180 597 in
1197 577 1233 597 ea
1247 563 1372 598 cerebri
1388 577 1458 611 par·

67 627 99 650 te
110 627 178 662 quae
191 627 364 649 nervorum
380 615 494 660 or=gini
507 612 542 647 fit
556 616 701 662 proxima
713 641 722 655 ,
744 625 945 661 quaecunque
971 613 1024 646 illa
1039 612 1074 647 sit
1086 642 1093 656 ‚
1114 625 1247 660 qnaeque
1269 615 1350 648 inter
1365 625 1457 646 cete-

66 663 159 698 brum
171 692 179 706 ,
196 662 393 696 certbellum
407 691 415 704 ‚
430 663 650 699 &medullam
668 662 881 710 oblongatam
903 663 995 697 fovet
1015 663 1208 696 commercia
1225 691 1233 704 ‚
1259 660 1456 709 potissnium

67 712 211 748 insidere.
223 715 292 748 Nec
307 712 425 746 necell'e
436 712 481 745 est
494 724 527 745 ut
537 725 691 760 organum
703 713 817 745 animae
829 714 1025 760 praecipuum
1037 710 1071 745 lit
1082 709 1224 758 exquisiti
1243 710 1349 745 sensus
1366 725 1372 746 :
1389 713 1456 745 imo

66 762 99 796 id
114 761 358 809 sincerojudicio
376 759 500 795 obess'ct
514 764 655 796 maxime
675 778 683 802 3
701 771 796 807 atque
815 772 848 794 ut
861 759 942 794 visus
963 773 1119 808 organum
1145 762 1250 794 omnis
1269 760 1386 794 colotis
1412 760 1459 793 est

66 824 180 859 expers
191 839 199 853 ,
219 817 248 847 ἃς
259 812 358 859 gustus
372 823 527 857 organum
542 810 629 845 nul³0
648 809 758 858 sapore
775 808 881 844 imbui
898 809 998 844 debet
1014 838 1024 853 ‚
1044 808 1083 843 s1c
1097 821 1272 843 commune
1285 807 1459 845 lenlorium

67 858 223 907 exquisito
236 858 323 894 sensu
337 859 518 893 destitutum
531 871 673 907 oportet.

102 912 175 946 Nec
184 908 280 942 cereb
300 908 488 941 iventriculi
503 907 745 956 sunrspirrruurn
756 906 904 950 officim,
923 905 973 940 sed
988 906 1109 941 cerebri
1130 909 1236 954 potius
1256 907 1458 954 excipiendis

66 960 277 993 excrementis
293 957 508 999 drilitiantrit‚
524 968 577 991 aut
591 969 678 990 certe
693 955 801 990 subtili
821 957 961 1003 quodam
981 969 1053 990 aete
1072 956 1293 990 distenduntur
1308 985 1317 999 ,
1347 958 1402 1003 qui
1427 959 1461 992 vi

66 1007 116 1042 sua
133 1007 256 1041 clastica
271 1006 429 1054 ‘'pirimum
442 1018 569 1041 motum
582 1007 712 1052 adjuvat
723 1034 731 1048 ‚
755 1017 807 1039 aut
822 1018 892 1038 cum
907 1007 942 1038 iis
957 1004 1149 1039 admiscetur
1162 1033 1171 1046 ‚
1188 1017 1242 1039 aut
1258 1018 1286 1039 tn
1303 1005 1380 1038 alios
1392 1005 1459 1040 usus

66 1055 161 1092 nobis
181 1058 361 1104 incognitos
379 1067 419 1088 eo
431 1053 493 1089 loci
509 1055 681 1103 colligitur.
703 1055 792 1089 Hinc
805 1053 955 1088 animalia
969 1056 999 1088 in
1014 1054 1161 1088 machina
1181 1056 1383 1100 pneumatica
1403 1067 1458 1089 ex-

67 1105 176 1141 hausto
189 1117 262 1138 aere
272 1102 493 1138 convulsiones
505 1106 670 1151 patiuntur
681 1132 690 1146 ,
709 1103 796 1149 quod
812 1104 973 1137 interioris
989 1102 1073 1138 forte
1093 1103 1172 1135 aeris
1189 1101 1277 1150 spirae
1298 1102 1436 1137 dilatatae
1448 1132 1458 1147 ,

67 1165 187 1189 nervos
198 1153 374 1187 admodum
385 1153 565 1188 intendant.
578 1155 693 1199 ltaque
708 1150 878 1186 verisimile
898 1152 941 1185 est
963 1150 1160 1199 purissimum
1174 1163 1280 1185 aer<m
1296 1153 1328 1185 in
1348 1153 1386 1185 iis
1406 1164 1460 1186 ce-

66 1201 151 1236 rebri
164 1201 348 1236 ventriculis
363 1202 542 1244 contineri,
561 1201 694 1248 qualem
711 1201 741 1234 in
756 1212 858 1246 aqua,
874 1200 947 1234 dum
962 1199 1151 1247 congelatur
1165 1229 1173 1241 ‚
1191 1199 1285 1233 inesse
1298 1200 1362 1234 alio
1382 1200 1456 1235 loco

67 1251 203 1285 diximus
220 1252 292 1298 ,qui
313 1248 419 1283 cilicet
432 1250 465 1282 vi
479 1248 529 1283 sua
547 1250 673 1283 elastica
685 1249 823 1298 glaciem
839 1249 1026 1296 confringit.
1041 1251 1085 1283 Eo
1098 1249 1227 1293 quidem
1245 1248 1370 1283 nullum
1389 1252 1459 1283 ani-

68 1299 132 1334 mal
148 1311 252 1334 carere
270 1298 390 1347 potest,
409 1296 497 1344 isque
517 1299 560 1333 est
574 1298 728 1347 sanguinis
751 1302 784 1333 &
796 1297 960 1345 spirituum
978 1296 1162 1332 vehiculum
1178 1325 1187 1339 ,
1201 1310 1271 1331 cum
1284 1298 1320 1331 iis
1345 1299 1460 1333 intime

66 1348 289 1383 commiscetur
314 1376 324 1391 ,
350 1352 382 1383 &
407 1349 440 1382 vi
463 1345 514 1383 sua
538 1347 660 1382 elastica
682 1359 788 1382 motus
807 1348 994 1382 animalium
1021 1360 1085 1381 non
1103 1347 1310 1380 mediocriter
1327 1359 1458 1394 promo-

71 1409 135 1434 vet.

106 1449 283 1491 Utcunque
293 1458 329 1480 ea
342 1459 390 1481 res
400 1444 436 1481 sit
446 1474 456 1489 ,
473 1444 550 1479 illud
563 1458 630 1481 non
640 1443 795 1479 abhorret
810 1444 829 1480 a
847 1443 1027 1487 verisimili,
1046 1442 1143 1479 sensus
1153 1445 1321 1479 interiores
1332 1446 1365 1480 in
1382 1444 1452 1480 cal-

69 1495 132 1531 losa
144 1494 342 1543 potiffimtim
353 1501 385 1532 δε
396 1493 569 1530 medullosa
580 1493 704 1528 cerebri
714 1493 882 1528 substantia
900 1496 1026 1542 vigere:
1044 1494 1107 1528 haec
1119 1495 1204 1527 enim
1223 1491 1263 1528 co
1273 1499 1371 1542 major
1391 1495 1459 1538 cst,

70 1545 138 1593 quo
153 1543 251 1579 sensus
267 1547 434 1579 interiores
454 1543 522 1577 sunt
534 1545 671 1576 acriores
684 1572 693 1587 ‚
717 1555 752 1576 ut
770 1545 805 1577 in
828 1543 959 1577 homine
977 1570 986 1584 ,
1001 1540 1086 1577 fimi]
1100 1570 1108 1584 ,
1128 1547 1160 1577 &
1180 1542 1263 1575 aliis.
1290 1545 1324 1577 ln
1343 1542 1458 1578 avibus

73 1597 185 1639 exigua
195 1594 369 1628 admodum
381 1593 423 1627 est
442 1591 494 1626 illa
506 1590 628 1625 cerebri
640 1590 805 1625 substantia
819 1591 963 1625 candida.
977 1593 1025 1625 Sic
1038 1590 1163 1625 Gallina
1179 1592 1282 1636 capite
1297 1603 1354 1625 acu
1367 1592 1459 1627 trans-

71 1634 136 1678 fixo
151 1643 203 1677 diu
217 1643 312 1690 viget
323 1671 331 1685 ‚
349 1642 435 1689 quod
448 1639 539 1675 illaesa
551 1639 721 1674 medullari
732 1638 902 1674 substantia
918 1669 925 1682 ‚
946 1642 1111 1688 pauciores
1125 1639 1257 1684 quidem
1277 1638 1397 1688 spiritus
1412 1644 1462 1689 gi-

70 1704 228 1741 gnantur:
246 1690 297 1725 sed
318 1702 426 1726 tamen
446 1703 511 1725 non
537 1691 721 1737 intercepto
749 1701 860 1723 eorum
878 1700 1087 1731 commeatu,
1113 1689 1178 1722 vita
1208 1700 1273 1722 non
1297 1691 1462 1738 extingui-

72 1752 135 1776 tur.
174 1741 259 1775 Aves
277 1752 373 1787 porro
400 1751 455 1773 aut
477 1736 593 1786 pisces,
617 1749 671 1772 aut
697 1737 876 1773 minusculae
900 1739 1078 1772 animantes
1102 1734 1246 1784 copiosos
1274 1738 1313 1772 ad
1334 1750 1462 1775 motum

72 1787 281 1824 efficiendum
319 1801 410 1835 procr
432 1798 488 1822 ant
519 1785 640 1834 spiritus
662 1816 672 1830 ‚
713 1788 770 1833 qui
812 1788 844 1821 in
880 1786 1061 1822 funffiones
1094 1784 1236 1820 sensuum
1272 1787 1460 1823 interiorum

72 1851 138 1875 non
172 1836 385 1874 absumuntur.
414 1839 501 1872 Hinc
527 1839 629 1883 major
655 1837 688 1871 in
721 1838 759 1870 iis
779 1837 906 1870 corticis
928 1834 1050 1870 cerebri
1075 1865 1084 1880 ,
1119 1833 1170 1869 seu
1195 1837 1292 1882 partis
1329 1838 1462 1872 cinereae

73 1891 177 1931 copia.

101 1938 179 1983 Jim
206 1935 284 1971 vero
297 1936 328 1968 id
346 1932 504 1969 molestius
521 1946 587 1969 non
605 1934 813 1980 inquirimuS,
842 1932 1016 1980 cujusmodi
1038 1931 1095 1969 fint
1114 1933 1173 1968 illae
1190 1933 1307 1982 species
1328 1946 1397 1980 quae
1410 1948 1463 1971 ce-

74 1985 170 2020 rebro
183 1986 431 2031 imprimuntur:
450 1995 491 2017 an
511 1981 633 2029 spiritns
647 1981 777 2017 fibrillas
795 1982 920 2017 cerebri
940 1994 1026 2016 certa
1040 1987 1165 2018 ratione
1178 1983 1300 2018 soleant
1317 1984 1463 2020 intexere

76 2040 108 2070 ὃ(
126 2033 244 2080 fingere
261 2042 271 2067 ?
286 2045 325 2066 an
343 2042 420 2076 quas
439 2042 591 2078 accepere
602 2030 831 2077 impressiones,
843 2033 875 2065 in
888 2029 1084 2067 anfractibus
1098 2039 1131 2069 ὃ(
1144 2031 1264 2067 cel'ulis
1274 2031 1465 2067 cerebricu-

78 2083 218 2117 stodiant
236 2110 244 2122 ,
260 2086 292 2116 &
311 2078 437 2113 easdem
452 2107 460 2120 ,
471 2091 544 2112 cum
555 2091 634 2126 opus
645 2079 710 2122 est,
729 2079 922 2115 exhibeant?
942 2081 993 2115 An
1008 2080 1130 2128 spiritus
1142 2080 1195 2128 ipfi
1212 2093 1276 2116 non
1290 2079 1348 2114 fitit
1358 2081 1464 2116 unius-

78 2131 167 2166 modi
185 2144 192 2165 :
207 2129 259 2164 sed
270 2129 322 2163 alii
334 2126 391 2161 sint
403 2126 569 2168 volatiles,
589 2132 623 2164 &
634 2127 673 2161 ad
685 2140 810 2163 motum
826 2128 974 2163 succincti
992 2158 1001 2171 ,
1013 2129 1063 2163 alii
1083 2129 1209 2164 fixiores
1220 2159 1228 2173 ‚
1248 2134 1282 2166 δε
1295 2132 1394 2176 magis
1404 2143 1463 2164 un-

80 2178 176 2216 &nost
188 2208 196 2222 ,
211 2181 264 2225 qui
278 2181 308 2212 in
321 2174 443 2211 cerebri
454 2175 650 2211 anfracribus
663 2179 890 2213 continentur?
918 2177 970 2212 An
994 2178 1078 2214 forte
1093 2178 1217 2227 spiritus
1237 2179 1297 2213 huc
1318 2177 1391 2212 illuc
1407 2191 1463 2226 pet

80 2228 205 2263 easdem
222 2227 348 2262 semitas
362 2237 585 2260 commeantes
605 2223 699 2261 altius
716 2228 746 2261 in
762 2226 895 2261 cerebro
914 2239 1020 2262 rerum
1040 2239 1132 2263 notas
1148 2227 1286 2274 infigunt
1301 2254 1309 2268 ,
1328 2239 1463 2272 quarum

82 2276 244 2311 occasione
259 2287 347 2310 meus
362 2287 462 2309 novas
473 2274 557 2308 cudit
572 2276 725 2322 imagines
739 2290 746 2310 :
767 2277 821 2310 ista
834 2277 921 2311 enim
934 2289 992 2312 nos
1007 2278 1140 2311 cmnino
1154 2275 1290 2324 fugiunt.
1313 2275 1392 2319 Qio
1405 2288 1463 2310 au-

83 2337 149 2361 tem
161 2325 288 2362 facilius
307 2323 380 2359 cnm
395 2335 433 2357 ea
446 2336 515 2372 quae
529 2323 664 2359 diximus
675 2353 686 2368 ,
705 2335 773 2361 tum
782 2338 852 2374 quae
872 2338 952 2362 mox
963 2326 1078 2361 disturi
1090 2324 1191 2360 sumus
1201 2353 1212 2369 ,
1228 2325 1462 2372 percipiantur,

246 2375 339 2410 Tom.
376 2374 424 2407 II-
1231 2375 1262 2408 T
1276 2383 1289 2407 t
1303 2382 1316 2406 t
