1878 2724
402 163 493 232 ςὲεηῑ
513 207 520 231 ε
544 191 594 230 cui
607 191 652 229 rei
665 200 797 241 quoque
808 188 870 226 alia
890 192 1017 226 ratione
1030 190 1050 227 ἐι
1064 201 1176 227 natura
1194 185 1358 239 provisum
1375 186 1424 224 est
1437 216 1449 233 ,
1463 184 1541 225 dum
1562 186 1632 227 illas
1652 189 1810 241 angustias*

409 242 528 281 bilioso
546 253 752 282 excremento
770 269 779 283 ‚
795 239 885 287 quod
910 238 1041 275 exsudat
1062 238 1105 275 ab
1125 238 1285 275 arteriolis
1306 239 1459 274 munivit.
1479 239 1586 287 Hujus
1606 241 1694 275 enim
1719 241 1810 278 velut

409 305 546 330 amurcae
557 289 716 340 glutinosa
736 289 909 325 substantia
921 318 931 334 ,
950 287 971 325 fi
985 301 1055 337 quae
1075 288 1162 326 forte
1178 319 1188 334 ‚
1206 300 1243 324 ut
1255 288 1421 324 interdurn
1435 290 1548 324 evenit
1559 316 1570 332 ‚
1586 289 1728 337 irrepant
1740 292 1810 326 ani.

409 341 548 378 malcula
562 369 571 384 ,
584 342 676 375 omni
690 351 780 374 arcet
790 337 938 388 ingressu.
949 339 998 375 15st
1010 341 1045 375 in
1056 338 1119 374 hoc
1129 350 1241 374 meatu
1257 339 1418 373 auditorio
1429 349 1504 372 caro
1514 337 1662 385 quaedam
1672 337 1808 386 glandu-

410 389 494 434 losa,
514 402 585 437 quae
602 391 687 425 inter
701 401 813 424 cutem
829 394 864 426 δε
879 389 1102 437 cartilaginem
1127 386 1305 432 delitescit,
1329 399 1368 423 ex
1385 398 1448 436 qua
1463 385 1586 423 flavum
1602 386 1680 421 illud
1697 398 1807 423 exere-

410 451 558 475 mentum
579 436 759 474 secernitur.
778 440 868 475 Nam
894 450 933 474 ex
951 440 1014 473 otis
1027 466 1038 482 ,
1055 440 1123 473 imo
1147 443 1180 476 δε
1200 436 1369 472 oculorum
1385 435 1545 486 glandulis
1570 449 1636 471 non
1654 434 1808 476 dissimilis

410 489 609 537 quandoque
626 487 732 523 succus
747 499 828 522 cerae
846 488 1010 536 proximus
1026 487 1214 523 concrescit.
1228 487 1317 522 Hinc
1331 487 1429 521 etiam
1440 484 1567 532 aquosae
1580 484 1743 520 interdurn
1753 497 1810 521 ex-

410 540 573 573 cretiones
587 539 666 573 citra
680 537 780 572 ullam
797 535 926 572 auditfis
943 535 1104 573 laefionem
1116 549 1173 586 per
1184 548 1274 571 aures
1295 546 1468 584 erumpunt
1483 543 1492 566 ἓ
1518 546 1589 582 quae
1609 535 1664 569 vix
1680 533 1810 570 aliunde

409 589 558 621 oriuntur
572 587 672 635 quam
694 599 733 621 ex
750 587 788 621 iis
802 585 980 636 glandulis:
1005 598 1078 622 cum
1100 597 1293 635 tympanum
1311 584 1404 620 illaeso
1424 584 1537 618 auditu
1572 594 1742 632 penetrare
1757 585 1809 619 vix

409 634 528 685 poffint
543 649 551 671 ε
570 649 631 671 nec
644 649 715 671 raro
729 639 844 672 evenit
859 648 893 671 ut
911 635 1010 670 <iustu
1020 635 1236 685 lymphatioe,
1249 636 1305 683 qui
1316 633 1357 669 ab
1371 632 1502 669 auribus
1513 633 1553 668 ad
1569 644 1661 668 nares
1673 643 1810 669 conten.

408 686 481 729 dit,
499 684 684 729 obstructo,
703 685 818 720 humor
836 688 868 720 in
879 687 961 719 auris
978 687 1132 721 interiora
1152 685 1305 721 exundet.

445 737 521 770 Pars
533 737 675 770 anterior
689 734 781 781 hujus
792 734 921 770 meaios
937 735 979 770 est
990 733 1198 784 cartilaginea
1211 763 1220 779 ,
1238 746 1308 782 quae
1324 735 1357 769 in
1375 730 1493 767 osseam
1507 730 1710 766 substantiam
1730 728 1806 766 defi-

412 784 470 820 nit.
485 783 657 833 Cartilago·
668 784 722 818 illa
735 795 860 832 partem
884 783 1074 819 inferiorem
1086 782 1200 820 ducias
1213 812 1223 827 ‚
1238 795 1293 819 aut
1313 781 1442 819 meatus
1461 781 1614 816 auditorii
1631 777 1729 814 efficit
1744 808 1756 823 ‚
1774 789 1809 814 ut

411 844 484 881 pars
496 831 638 881 superior
649 832 780 881 simplici
793 832 877 880 pelle
895 835 1034 882 tegitur,
1054 845 1126 881 quae
1146 832 1237 868 flavis
1258 831 1417 882 glandulis
1433 843 1506 865 cum
1526 827 1604 865 vafis
1622 830 1810 864 excretoriis

411 881 578 929 conspersa
588 886 740 917 cernitur.
755 883 842 916 Huic
855 882 967 917 duetus
988 880 1087 917 offeus
1106 880 1191 929 quasi
1204 881 1274 917 offis
1288 892 1474 927 temporum
1489 877 1651 928 appendix
1661 877 1810 925 quaeclarn

409 931 610 974 annectitur,
621 933 654 965 in
664 934 754 979 cujus
768 942 915 966 extremo
928 932 971 966 est
985 933 1132 978 tympani
1143 929 1342 966 membrana.
1362 931 1445 964 Haec
1459 930 1572 975 utique
1587 925 1762 975 diligenter
1774 937 1811 960 ut

410 991 542 1014 caeteras
554 979 683 1015 auditus
701 982 814 1028 organi
829 991 935 1028 partes
950 979 1099 1014 describit
1118 983 1270 1014 Vernaeus
1288 1008 1298 1023 ,
1317 980 1373 1026 qui
1391 977 1471 1012 illud
1488 986 1622 1024 quoque
1640 975 1811 1018 admonet,

410 1028 496 1063 hunc
514 1028 647 1064 ductum
661 1026 781 1063 osseum
793 1030 824 1064 in
838 1028 966 1073 adultis,
974 1042 1001 1076 5.
1018 1039 1074 1063 aut
1086 1034 1117 1064 6.
1127 1027 1219 1064 lineis
1233 1027 1414 1077 lonssumjn
1424 1025 1508 1061 foetu
1517 1022 1743 1060 membranam
1752 1024 1813 1068 ada

410 1076 476 1112 huc
490 1077 551 1111 effe
564 1078 735 1112 duriorem.

456 1125 530 1162 Ubi
540 1126 631 1161 sonus
642 1139 699 1174 per
710 1137 760 1162 tot
774 1125 938 1161 anfractus
953 1129 1041 1162 varie
1051 1125 1188 1162 reflexus
1199 1154 1208 1170 ‚
1231 1131 1264 1163 &
1283 1123 1414 1173 quasrin
1425 1122 1503 1158 tuba
1516 1123 1627 1158 aristus
1641 1119 1687 1156 est
1697 1149 1706 1165 ,
1721 1131 1810 1169 tym-

409 1187 530 1224 panum
546 1175 637 1224 ipfius
652 1174 817 1224 percellit:
836 1176 934 1223 idque
948 1175 1026 1211 nihil
1039 1176 1086 1210 est
1096 1174 1151 1211 nifi
1161 1173 1351 1210 membrana
1368 1171 1455 1207 offeo
1467 1172 1586 1207 circulo
1597 1182 1722 1205 annexa
1733 1187 1743 1214 3
1755 1182 1810 1204 ea-

409 1236 476 1271 que
494 1224 578 1260 forte
589 1225 684 1260 instar
695 1223 824 1272 pupilla:
838 1225 982 1259 tenditur
995 1236 1052 1259 aut
1066 1225 1243 1267 relaxatur,
1262 1235 1298 1258 ut
1322 1222 1413 1258 sonus
1428 1220 1566 1257 debilior
1579 1220 1626 1255 est
1641 1230 1697 1254 aut
1711 1219 1810 1267 vehe-

409 1275 563 1309 mentior.
575 1275 653 1309 Haec
666 1271 858 1308 membrana
869 1274 913 1308 est
927 1275 1030 1308 tenuis
1041 1302 1052 1317 ,
1072 1272 1150 1309 sicca
1163 1302 1173 1317 ‚
1193 1271 1264 1321 pers
1287 1273 1356 1306 icua
1374 1299 1383 1314 ,
1401 1283 1438 1304 ac
1460 1272 1596 1305 omnino
1613 1268 1742 1303 videtur
1758 1280 1811 1302 ac-

409 1323 618 1357 commodata
632 1334 668 1357 ut
687 1322 862 1357 tremulum
874 1324 954 1357 aeris
968 1333 1093 1357 motum
1112 1286 1319 1358 interioribus
1340 1318 1485 1368 partibus
1511 1319 1738 1354 communicet.
1768 1319 1808 1354 In

409 1371 496 1406 foeru
507 1377 540 1408 &
549 1384 660 1407 recens
672 1373 754 1407 natis
766 1369 944 1406 infantibus
959 1370 1145 1420 conspicuus
1159 1371 1203 1405 est
1216 1369 1350 1405 annulus
1361 1366 1469 1417 inipso
1484 1369 1633 1417 tympani
1646 1366 1808 1413 aditu‚,qui

410 1419 452 1454 ab
475 1419 540 1469 ipso
553 1433 738 1469 temporum
748 1419 811 1455 osse
831 1419 1112 1457 faciledivellitur.
1127 1422 1214 1456 Huic
1230 1417 1421 1454 membrana
1436 1419 1585 1466 tympani
1597 1416 1636 1452 fic
1647 1413 1805 1464 illigatur,

410 1481 446 1504 ut
464 1471 496 1505 in
516 1469 676 1518 superiore
691 1481 783 1518 parte
801 1471 995 1518 interruptus
1020 1481 1196 1518 appareat,
1213 1480 1248 1503 ut
1273 1470 1306 1502 in
1324 1466 1440 1500 adultis
1457 1483 1467 1510 3
1497 1466 1595 1513 atque
1618 1466 1650 1500 in
1664 1475 1700 1498 ea
1717 1475 1807 1514 parte

410 1517 599 1554 membrana
610 1519 722 1554 duetus
744 1516 819 1553 offei
833 1521 916 1566 parti
935 1531 1085 1553 extrema:
1099 1517 1293 1553 adhaerescit.
1312 1517 1481 1551 Extremus
1495 1514 1585 1563 hujus
1603 1512 1715 1549 annuli
1731 1513 1807 1549 lim-

409 1566 470 1601 bus
482 1567 593 1603 incisus
605 1568 648 1602 est
657 1597 666 1611 ‚
683 1567 740 1601 ubi
754 1566 943 1602 membrana
956 1570 1104 1615 tympani
1114 1565 1395 1613 annuloilligatur.
1414 1564 1502 1599 Cum
1511 1563 1616 1599 infans
1626 1563 1665 1598 ad
1677 1564 1807 1602 tertium

409 1619 565 1664 pervenit
581 1630 702 1652 annum
716 1646 725 1660 ,
738 1615 874 1651 annulus
886 1616 928 1651 ab
942 1615 1004 1652 offe
1016 1628 1200 1665 temporum
1220 1614 1333 1650 divelli
1351 1613 1487 1661 amplius
1506 1626 1575 1648 non
1586 1612 1699 1661 potest.

451 1669 487 1700 In
500 1666 585 1700 hunc
595 1678 728 1714 qnoque
738 1665 825 1700 usum
843 1668 903 1700 tria
916 1665 1045 1701 officula
1058 1668 1142 1700 miro
1157 1662 1299 1699 artificio
1312 1662 1381 1698 sunt
1397 1661 1439 1697 ab
1453 1661 1599 1698 Authore
1618 1672 1739 1696 naturae
1756 1659 1806 1695 fa.

409 1714 543 1758 bricam,
556 1714 723 1749 malleolus
737 1717 888 1749 nimirum
902 1743 910 1757 ,
920 1717 1009 1749 incus
1021 1720 1054 1752 δε
1065 1715 1165 1763 stapes
1176 1743 1185 1757 ‚
1202 1725 1341 1761 quorum
1355 1712 1545 1747 structuram
1561 1723 1628 1746 non
1643 1708 1804 1759 possumus

411 1763 474 1798 hoc
490 1762 563 1798 loso
574 1792 584 1807 ‚
601 1776 637 1799 ut
649 1777 703 1813 par
713 1763 789 1798 esset
799 1793 808 1806 ,
821 1762 1012 1801 describere.
1026 1766 1107 1799 Haec
1119 1767 1165 1798 ita
1179 1765 1261 1797 inter
1275 1761 1305 1795 se
1324 1760 1432 1795 liberis
1446 1758 1726 1795 articrilationibus
1737 1758 1807 1794 sunt

410 1824 576 1856 connexa,
596 1825 630 1848 ut
645 1825 837 1861 tympanum
851 1812 962 1848 tensius
974 1812 1142 1848 autlaxius
1155 1841 1165 1854 ‚
1194 1823 1230 1845 ut
1247 1823 1288 1846 ex
1305 1810 1359 1845 usu
1377 1810 1496 1852 fuerit,
1514 1806 1670 1843 efficiant.
1692 1808 1805 1855 Qare

409 1863 515 1895 omnis
526 1864 674 1909 tympani
686 1862 838 1896 strudlmra
850 1864 884 1896 in
893 1862 956 1896 hoc
970 1863 1098 1897 videtur
1117 1871 1316 1906 comparata,
1335 1870 1371 1893 ut
1381 1856 1549 1905 objee'kurn
1568 1855 1704 1892 sensorio
1723 1868 1806 1903 prae-

410 1920 503 1956 paret
517 1922 524 1943 :
543 1922 609 1944 non
621 1909 713 1944 aliter
731 1920 830 1956 atque
847 1913 1020 1944 exteriores
1033 1909 1118 1944 oculi
1133 1907 1327 1943 membranae
1343 1911 1378 1943 δε
1391 1907 1542 1942 humores
1555 1905 1660 1940 radios
1674 1904 1750 1940 lucis
1767 1903 1807 1940 fic

410 1957 564 2005 frangunt
575 1986 584 2000 ‚
606 1960 763 1992 utretinae
774 1985 783 1999 ,
798 1956 849 1991 seu
862 1958 948 1993 visas
959 1971 1081 2007 organo
1093 1968 1257 2005 aptentur.
1275 1959 1310 1991 In
1330 1954 1493 1990 nonnullis
1507 1956 1689 2002 experimur
1700 1953 1807 1989 surda-

413 2006 586 2053 stris‚quod
598 2009 630 2042 in
640 2002 827 2053 campanili,
836 2018 889 2040 aut
903 2008 934 2041 in
953 2020 1073 2055 magno
1085 2005 1216 2054 strepitu
1229 2007 1420 2053 interrogati
1430 2015 1505 2052 apte
1514 2002 1741 2052 respondeant3
1757 2006 1807 2039 ni-

409 2054 455 2090 hil
475 2054 555 2091 vero
572 2057 682 2090 auditu
696 2058 887 2103 percipiant,
910 2055 966 2090 ubi
981 2056 1125 2104 strepitus
1139 2053 1277 2091 desierit.
1295 2056 1430 2102 Nempe
1447 2055 1481 2089 in
1492 2054 1531 2087 iis
1545 2051 1648 2088 laxior
1658 2053 1703 2087 est
1717 2065 1804 2103 tym-

409 2107 485 2151 pani
496 2104 717 2140 membranula
727 2132 737 2147 ,
753 2116 824 2151 quae
837 2104 992 2150 validiore
1005 2107 1087 2140 aeris
1100 2115 1191 2139 motu
1205 2101 1350 2139 conculsa
1362 2132 1373 2148 ‚
1391 2109 1425 2142 &
1438 2099 1525 2138 tensa
1539 2100 1594 2137 suo
1607 2113 1740 2137 munere
1748 2102 1804 2138 de-

410 2152 566 2198 fungitur.

447 2215 465 2237 2
473 2196 483 2237 ζ
492 2202 660 2251 Tympani
672 2200 894 2239 membranam
905 2202 989 2237 aliud
1008 2214 1133 2238 antrum
1143 2203 1262 2251 excipit
1275 2201 1382 2249 ,quod
1392 2200 1540 2248 ingenito
1551 2210 1625 2233 aere
1637 2229 1646 2243 ,
1657 2202 1803 2235 utVete-

410 2262 459 2284 res
480 2251 642 2286 credidere
653 2282 662 2294 ‚
675 2251 806 2300 plenum
820 2252 871 2287 est.
893 2254 982 2286 Hinc
994 2252 1110 2300 duplici
1122 2250 1237 2286 ostiolo
1248 2280 1258 2295 ,
1276 2262 1328 2286 aut
1338 2260 1447 2286 meatu
1464 2249 1641 2286 instruitur.
1660 2250 1754 2285 Unus
1763 2259 1800 2283 ex

410 2301 449 2333 iis
465 2299 623 2335 meatibus
639 2303 671 2335 in
685 2300 826 2348 palatum
842 2299 939 2348 ipsum
950 2312 1040 2348 patet
1052 2330 1060 2342 ,
1080 2315 1115 2336 ut
1136 2314 1259 2336 novum
1272 2312 1309 2334 ex
1326 2312 1361 2334 ea
1378 2310 1468 2346 parte
1483 2310 1590 2332 aerem
1602 2295 1615 2341 ‚⁸
1629 2311 1703 2332 cum
1722 2298 1802 2346 opu}

411 2348 455 2382 est
467 2377 475 2390 ,
487 2351 634 2397 excipiat.
645 2353 731 2385 Hinc
746 2348 853 2385 surdos
870 2350 1015 2384 videmus
1032 2379 1040 2391 ‚
1066 2353 1120 2398 qui
1136 2348 1287 2385 dent-{bus
1299 2348 1467 2384 testudinis
1479 2346 1636 2382 summum
1647 2348 1802 2393 stringen,-

411 2406 472 2440 τες,
483 2396 596 2434 sonum
611 2399 711 2447 ipsum
722 2401 906 2449 percipiunt.
919 2402 956 2435 In
965 2401 1004 2434 iis
1015 2403 1136 2450 quippe
1149 2401 1266 2437 vitiato
1277 2400 1359 2434 auris
1371 2408 1530 2447 tympano
1541 2394 1631 2435 sonus
1644 2408 1700 2445 per
1717 2396 1802 2432 hunc
