<?xml version="1.0" encoding="UTF-8"?>
<!DOCTYPE html PUBLIC "-//W3C//DTD XHTML 1.0 Transitional//EN"
    "http://www.w3.org/TR/xhtml1/DTD/xhtml1-transitional.dtd">
<html xmlns="http://www.w3.org/1999/xhtml" xml:lang="en" lang="en">
 <head>
  <title>
</title>
<meta http-equiv="Content-Type" content="text/html;charset=utf-8" />
  <meta name='ocr-system' content='tesseract 3.04.00' />
  <meta name='ocr-capabilities' content='ocr_page ocr_carea ocr_par ocr_line ocrx_word'/>
</head>
<body>
  <div class='ocr_page' id='page_1' title='image "./philosophiavetus02duhauoft_0711.png"; bbox 0 0 1878 2724; ppageno 0'>
   <div class='ocr_carea' id='block_1_1' title="bbox 494 117 1515 367">
    <p class='ocr_par' dir='ltr' id='par_1_1' title="bbox 494 117 1515 367">
     <span class='ocr_line' id='line_1_1' title="bbox 595 117 1515 172; baseline -0.007 -14"><span class='ocrx_word' id='word_1_1' title='bbox 595 121 749 158; x_wconf 79' lang='lat' dir='ltr'>PARS</span> <span class='ocrx_word' id='word_1_2' title='bbox 805 117 1055 156; x_wconf 74' lang='lat' dir='ltr'>TERTIA.</span> <span class='ocrx_word' id='word_1_3' title='bbox 1328 169 1331 172; x_wconf 12' lang='grc' dir='ltr'>ξ</span> <span class='ocrx_word' id='word_1_4' title='bbox 1456 122 1515 169; x_wconf 76' lang='lat'>⁶75</span> 
     </span>
     <span class='ocr_line' id='line_1_2' title="bbox 619 218 1000 256; baseline -0.003 -1"><span class='ocrx_word' id='word_1_5' title='bbox 619 219 651 255; x_wconf 94' lang='lat' dir='ltr'>C</span> <span class='ocrx_word' id='word_1_6' title='bbox 675 220 704 255; x_wconf 83' lang='lat' dir='ltr'>A</span> <span class='ocrx_word' id='word_1_7' title='bbox 731 220 757 254; x_wconf 88' lang='grc' dir='ltr'><strong>Ρ</strong></span> <span class='ocrx_word' id='word_1_8' title='bbox 780 218 816 256; x_wconf 88' lang='lat' dir='ltr'>U</span> <span class='ocrx_word' id='word_1_9' title='bbox 840 220 872 254; x_wconf 85' lang='lat' dir='ltr'>T</span> <span class='ocrx_word' id='word_1_10' title='bbox 922 219 938 252; x_wconf 87' lang='lat'>1</span> <span class='ocrx_word' id='word_1_11' title='bbox 953 219 1000 254; x_wconf 90' lang='lat'>11.</span> 
     </span>
     <span class='ocr_line' id='line_1_3' title="bbox 494 295 1139 367; baseline 0.002 -16"><span class='ocrx_word' id='word_1_12' title='bbox 494 317 549 352; x_wconf 82' lang='lat' dir='ltr'>De</span> <span class='ocrx_word' id='word_1_13' title='bbox 555 319 726 367; x_wconf 79' lang='lat' dir='ltr'>fimguinis</span> <span class='ocrx_word' id='word_1_14' title='bbox 733 326 797 364; x_wconf 84' lang='lat' dir='ltr'>per</span> <span class='ocrx_word' id='word_1_15' title='bbox 815 328 903 351; x_wconf 82' lang='lat' dir='ltr'>renes</span> <span class='ocrx_word' id='word_1_16' title='bbox 915 295 1139 366; x_wconf 45' lang='lat' dir='ltr'>percolationei</span> 
     </span>
    </p>
   </div>
   <div class='ocr_carea' id='block_1_2' title="bbox 113 412 1551 2418">
    <p class='ocr_par' dir='ltr' id='par_1_2' title="bbox 115 412 1510 894">
     <span class='ocr_line' id='line_1_4' title="bbox 119 412 1508 502; baseline -0.004 -50"><span class='ocrx_word' id='word_1_17' title='bbox 119 416 297 502; x_wconf 82' lang='lat' dir='ltr'>SAnguis</span> <span class='ocrx_word' id='word_1_18' title='bbox 309 417 342 451; x_wconf 90' lang='lat' dir='ltr'>in</span> <span class='ocrx_word' id='word_1_19' title='bbox 353 414 483 452; x_wconf 84' lang='lat' dir='ltr'>renibus</span> <span class='ocrx_word' id='word_1_20' title='bbox 496 414 538 451; x_wconf 79' lang='lat' dir='ltr'>ab</span> <span class='ocrx_word' id='word_1_21' title='bbox 550 414 652 450; x_wconf 91' lang='lat' dir='ltr'>inutili</span> <span class='ocrx_word' id='word_1_22' title='bbox 662 414 729 449; x_wconf 89' lang='lat' dir='ltr'>sero</span> <span class='ocrx_word' id='word_1_23' title='bbox 740 425 938 463; x_wconf 79' lang='lat' dir='ltr'>expurgatur.</span> <span class='ocrx_word' id='word_1_24' title='bbox 956 417 1036 462; x_wconf 82' lang='lat' dir='ltr'>Qo</span> <span class='ocrx_word' id='word_1_25' title='bbox 1046 426 1155 449; x_wconf 69' lang='lat' dir='ltr'>aunem</span> <span class='ocrx_word' id='word_1_26' title='bbox 1167 413 1198 448; x_wconf 90' lang='lat' dir='ltr'>id</span> <span class='ocrx_word' id='word_1_27' title='bbox 1211 414 1310 448; x_wconf 87' lang='lat' dir='ltr'>modo</span> <span class='ocrx_word' id='word_1_28' title='bbox 1323 412 1391 457; x_wconf 85' lang='lat' dir='ltr'>fiat,</span> <span class='ocrx_word' id='word_1_29' title='bbox 1404 415 1508 465; x_wconf 81' lang='lat' dir='ltr'>expli.</span> 
     </span>
     <span class='ocr_line' id='line_1_5' title="bbox 177 463 1509 513; baseline 0.002 -14"><span class='ocrx_word' id='word_1_30' title='bbox 177 477 247 500; x_wconf 75' lang='lat' dir='ltr'>catu</span> <span class='ocrx_word' id='word_1_31' title='bbox 260 464 386 500; x_wconf 81' lang='lat' dir='ltr'>facilius</span> <span class='ocrx_word' id='word_1_32' title='bbox 396 466 439 501; x_wconf 86' lang='lat' dir='ltr'>est</span> <span class='ocrx_word' id='word_1_33' title='bbox 448 495 458 509; x_wconf 91' lang='lat'>‚</span> <span class='ocrx_word' id='word_1_34' title='bbox 473 464 642 513; x_wconf 85' lang='lat' dir='ltr'>postquam</span> <span class='ocrx_word' id='word_1_35' title='bbox 654 476 766 498; x_wconf 85' lang='lat' dir='ltr'>eorum</span> <span class='ocrx_word' id='word_1_36' title='bbox 779 464 999 508; x_wconf 77' lang='lat' dir='ltr'>conformatio</span> <span class='ocrx_word' id='word_1_37' title='bbox 1013 466 1034 499; x_wconf 80' lang='grc'><strong>3</strong></span> <span class='ocrx_word' id='word_1_38' title='bbox 1046 464 1171 499; x_wconf 88' lang='lat' dir='ltr'>Bellino</span> <span class='ocrx_word' id='word_1_39' title='bbox 1182 493 1191 507; x_wconf 91' lang='lat'>,</span> <span class='ocrx_word' id='word_1_40' title='bbox 1207 469 1240 500; x_wconf 71' lang='grc' dir='ltr'>δε</span> <span class='ocrx_word' id='word_1_41' title='bbox 1250 463 1435 512; x_wconf 78' lang='lat' dir='ltr'>Malpighio</span> <span class='ocrx_word' id='word_1_42' title='bbox 1445 466 1509 503; x_wconf 88' lang='lat' dir='ltr'>fuit</span> 
     </span>
     <span class='ocr_line' id='line_1_6' title="bbox 117 511 1509 563; baseline -0.001 -15"><span class='ocrx_word' id='word_1_43' title='bbox 117 514 353 563; x_wconf 85' lang='lat' dir='ltr'>explorata.llle</span> <span class='ocrx_word' id='word_1_44' title='bbox 367 526 480 550; x_wconf 83' lang='lat' dir='ltr'>renum</span> <span class='ocrx_word' id='word_1_45' title='bbox 494 512 700 549; x_wconf 83' lang='lat' dir='ltr'>substantiam</span> <span class='ocrx_word' id='word_1_46' title='bbox 717 525 759 548; x_wconf 87' lang='lat' dir='ltr'>ex</span> <span class='ocrx_word' id='word_1_47' title='bbox 771 511 905 547; x_wconf 87' lang='lat' dir='ltr'>infinitis</span> <span class='ocrx_word' id='word_1_48' title='bbox 916 526 1016 562; x_wconf 85' lang='lat' dir='ltr'>prope</span> <span class='ocrx_word' id='word_1_49' title='bbox 1029 513 1149 548; x_wconf 84' lang='lat' dir='ltr'>tubulis</span> <span class='ocrx_word' id='word_1_50' title='bbox 1163 511 1374 562; x_wconf 82' lang='lat' dir='ltr'>compositam</span> <span class='ocrx_word' id='word_1_51' title='bbox 1383 512 1443 548; x_wconf 81' lang='lat' dir='ltr'>esse</span> <span class='ocrx_word' id='word_1_52' title='bbox 1452 516 1509 550; x_wconf 85' lang='lat' dir='ltr'>de-</span> 
     </span>
     <span class='ocr_line' id='line_1_7' title="bbox 118 561 1510 611; baseline 0.001 -13"><span class='ocrx_word' id='word_1_53' title='bbox 118 562 331 607; x_wconf 83' lang='lat' dir='ltr'>monstravit,</span> <span class='ocrx_word' id='word_1_54' title='bbox 350 577 431 611; x_wconf 85' lang='lat' dir='ltr'>quos</span> <span class='ocrx_word' id='word_1_55' title='bbox 446 562 527 598; x_wconf 77' lang='lat' dir='ltr'>nihil</span> <span class='ocrx_word' id='word_1_56' title='bbox 546 561 606 597; x_wconf 75' lang='lat' dir='ltr'>effe</span> <span class='ocrx_word' id='word_1_57' title='bbox 620 574 734 611; x_wconf 76' lang='lat' dir='ltr'>praeter</span> <span class='ocrx_word' id='word_1_58' title='bbox 747 561 967 610; x_wconf 85' lang='lat' dir='ltr'>glandularum</span> <span class='ocrx_word' id='word_1_59' title='bbox 991 561 1065 596; x_wconf 85' lang='lat' dir='ltr'>vasa</span> <span class='ocrx_word' id='word_1_60' title='bbox 1077 565 1255 598; x_wconf 85' lang='lat' dir='ltr'>excretoria</span> <span class='ocrx_word' id='word_1_61' title='bbox 1272 563 1400 597; x_wconf 85' lang='lat' dir='ltr'>detexit</span> <span class='ocrx_word' id='word_1_62' title='bbox 1421 563 1510 599; x_wconf 87' lang='lat' dir='ltr'>Mal-</span> 
     </span>
     <span class='ocr_line' id='line_1_8' title="bbox 116 611 1509 661; baseline 0.003 -16"><span class='ocrx_word' id='word_1_63' title='bbox 116 612 370 660; x_wconf 80' lang='lat' dir='ltr'>pighius-ltaque</span> <span class='ocrx_word' id='word_1_64' title='bbox 384 625 454 661; x_wconf 77' lang='lat' dir='ltr'>pars</span> <span class='ocrx_word' id='word_1_65' title='bbox 469 612 626 659; x_wconf 75' lang='lat' dir='ltr'>sanguinis</span> <span class='ocrx_word' id='word_1_66' title='bbox 638 611 679 646; x_wconf 85' lang='lat' dir='ltr'>ab</span> <span class='ocrx_word' id='word_1_67' title='bbox 691 623 780 645; x_wconf 83' lang='lat' dir='ltr'>aotta</span> <span class='ocrx_word' id='word_1_68' title='bbox 795 613 827 645; x_wconf 89' lang='lat' dir='ltr'>in</span> <span class='ocrx_word' id='word_1_69' title='bbox 844 611 1067 659; x_wconf 77' lang='lat' dir='ltr'>emulgentem</span> <span class='ocrx_word' id='word_1_70' title='bbox 1076 614 1226 653; x_wconf 75' lang='lat' dir='ltr'>arteriam</span> <span class='ocrx_word' id='word_1_71' title='bbox 1241 611 1380 659; x_wconf 84' lang='lat' dir='ltr'>protrusa</span> <span class='ocrx_word' id='word_1_72' title='bbox 1395 624 1509 648; x_wconf 87' lang='lat' dir='ltr'>tenum</span> 
     </span>
     <span class='ocr_line' id='line_1_9' title="bbox 117 659 1508 710; baseline -0.002 -14"><span class='ocrx_word' id='word_1_73' title='bbox 117 661 323 696; x_wconf 75' lang='lat' dir='ltr'>substantiam</span> <span class='ocrx_word' id='word_1_74' title='bbox 338 674 495 710; x_wconf 76' lang='lat' dir='ltr'>penetrat.</span> <span class='ocrx_word' id='word_1_75' title='bbox 506 663 613 708; x_wconf 84' lang='lat' dir='ltr'>Atque</span> <span class='ocrx_word' id='word_1_76' title='bbox 625 660 671 695; x_wconf 88' lang='lat' dir='ltr'>ibi</span> <span class='ocrx_word' id='word_1_77' title='bbox 682 659 929 704; x_wconf 81' lang='lat' dir='ltr'>innumerabiles</span> <span class='ocrx_word' id='word_1_78' title='bbox 939 660 1098 708; x_wconf 70' lang='lat' dir='ltr'>glandulae</span> <span class='ocrx_word' id='word_1_79' title='bbox 1111 661 1271 696; x_wconf 86' lang='lat' dir='ltr'>arteriolis</span> <span class='ocrx_word' id='word_1_80' title='bbox 1281 660 1424 708; x_wconf 82' lang='lat' dir='ltr'>appensae</span> <span class='ocrx_word' id='word_1_81' title='bbox 1437 674 1508 697; x_wconf 88' lang='lat' dir='ltr'>cet-</span> 
     </span>
     <span class='ocr_line' id='line_1_10' title="bbox 116 708 1507 759; baseline 0.002 -15"><span class='ocrx_word' id='word_1_82' title='bbox 116 721 234 744; x_wconf 89' lang='lat' dir='ltr'>nuntur</span> <span class='ocrx_word' id='word_1_83' title='bbox 244 738 253 752; x_wconf 89' lang='lat'>‚</span> <span class='ocrx_word' id='word_1_84' title='bbox 264 712 295 744; x_wconf 88' lang='lat' dir='ltr'>in</span> <span class='ocrx_word' id='word_1_85' title='bbox 306 708 420 757; x_wconf 84' lang='lat' dir='ltr'>quibus</span> <span class='ocrx_word' id='word_1_86' title='bbox 435 710 557 759; x_wconf 78' lang='lat' dir='ltr'>singnis</span> <span class='ocrx_word' id='word_1_87' title='bbox 572 708 677 751; x_wconf 78' lang='lat' dir='ltr'>setoso</span> <span class='ocrx_word' id='word_1_88' title='bbox 687 709 813 753; x_wconf 83' lang='lat' dir='ltr'>liquore</span> <span class='ocrx_word' id='word_1_89' title='bbox 823 721 975 758; x_wconf 81' lang='lat' dir='ltr'>purgatur</span> <span class='ocrx_word' id='word_1_90' title='bbox 985 738 994 752; x_wconf 86' lang='lat'>‚</span> <span class='ocrx_word' id='word_1_91' title='bbox 1006 712 1059 757; x_wconf 88' lang='lat' dir='ltr'>qui</span> <span class='ocrx_word' id='word_1_92' title='bbox 1070 723 1125 758; x_wconf 87' lang='lat' dir='ltr'>per</span> <span class='ocrx_word' id='word_1_93' title='bbox 1139 709 1265 745; x_wconf 83' lang='lat' dir='ltr'>tubulos</span> <span class='ocrx_word' id='word_1_94' title='bbox 1278 708 1507 747; x_wconf 77' lang='lat' dir='ltr'>membraneos</span> 
     </span>
     <span class='ocr_line' id='line_1_11' title="bbox 116 756 1510 807; baseline 0.002 -15"><span class='ocrx_word' id='word_1_95' title='bbox 116 760 150 793; x_wconf 90' lang='lat' dir='ltr'>in</span> <span class='ocrx_word' id='word_1_96' title='bbox 186 758 284 794; x_wconf 86' lang='lat' dir='ltr'>elvim</span> <span class='ocrx_word' id='word_1_97' title='bbox 302 759 483 796; x_wconf 88' lang='lat' dir='ltr'>deducitur.</span> <span class='ocrx_word' id='word_1_98' title='bbox 501 761 545 793; x_wconf 87' lang='grc' dir='ltr'>Η1</span> <span class='ocrx_word' id='word_1_99' title='bbox 564 771 660 807; x_wconf 77' lang='lat' dir='ltr'>porro</span> <span class='ocrx_word' id='word_1_100' title='bbox 673 757 780 794; x_wconf 88' lang='lat' dir='ltr'>tubuli</span> <span class='ocrx_word' id='word_1_101' title='bbox 790 756 993 792; x_wconf 83' lang='lat' dir='ltr'>substantiam</span> <span class='ocrx_word' id='word_1_102' title='bbox 1006 758 1130 795; x_wconf 83' lang='lat' dir='ltr'>habent</span> <span class='ocrx_word' id='word_1_103' title='bbox 1143 759 1211 794; x_wconf 85' lang='lat' dir='ltr'>aliis</span> <span class='ocrx_word' id='word_1_104' title='bbox 1223 757 1300 793; x_wconf 71' lang='lat' dir='ltr'>vasis</span> <span class='ocrx_word' id='word_1_105' title='bbox 1311 763 1510 805; x_wconf 84' lang='lat' dir='ltr'>excretoriis,</span> 
     </span>
     <span class='ocr_line' id='line_1_12' title="bbox 116 772 1510 858; baseline 0.002 -16"><span class='ocrx_word' id='word_1_106' title='bbox 116 819 150 842; x_wconf 87' lang='lat' dir='ltr'>ut</span> <span class='ocrx_word' id='word_1_107' title='bbox 161 772 340 842; x_wconf 55' lang='lat' dir='ltr'>Falivalibus</span> <span class='ocrx_word' id='word_1_108' title='bbox 351 838 359 851; x_wconf 86' lang='lat'>,</span> <span class='ocrx_word' id='word_1_109' title='bbox 379 814 412 846; x_wconf 89' lang='lat'><strong>&amp;</strong></span> <span class='ocrx_word' id='word_1_110' title='bbox 427 822 508 858; x_wconf 88' lang='lat' dir='ltr'>poro</span> <span class='ocrx_word' id='word_1_111' title='bbox 523 804 653 843; x_wconf 66' lang='lat' dir='ltr'>biliario&#39;</span> <span class='ocrx_word' id='word_1_112' title='bbox 667 820 734 844; x_wconf 92' lang='lat' dir='ltr'>non</span> <span class='ocrx_word' id='word_1_113' title='bbox 747 805 940 845; x_wconf 77' lang='lat' dir='ltr'>dissimilem.</span> <span class='ocrx_word' id='word_1_114' title='bbox 969 809 1079 856; x_wconf 89' lang='lat' dir='ltr'>Atque</span> <span class='ocrx_word' id='word_1_115' title='bbox 1092 821 1131 844; x_wconf 83' lang='lat' dir='ltr'>ex</span> <span class='ocrx_word' id='word_1_116' title='bbox 1146 810 1182 843; x_wconf 85' lang='lat' dir='ltr'>iis</span> <span class='ocrx_word' id='word_1_117' title='bbox 1204 803 1388 857; x_wconf 65' lang='lat' dir='ltr'>compressis</span> <span class='ocrx_word' id='word_1_118' title='bbox 1404 808 1510 857; x_wconf 75' lang='lat' dir='ltr'>liquor</span> 
     </span>
     <span class='ocr_line' id='line_1_13' title="bbox 115 854 721 894; baseline 0.008 -3"><span class='ocrx_word' id='word_1_119' title='bbox 115 854 254 891; x_wconf 86' lang='lat' dir='ltr'>urinosus</span> <span class='ocrx_word' id='word_1_120' title='bbox 273 857 408 894; x_wconf 82' lang='lat' dir='ltr'>elicitur.</span> <span class='ocrx_word' id='word_1_121' title='bbox 719 864 721 867; x_wconf 82' lang='grc'><strong>“</strong></span> 
     </span>
    </p>

    <p class='ocr_par' dir='ltr' id='par_1_3' title="bbox 113 902 1512 1147">
     <span class='ocr_line' id='line_1_14' title="bbox 150 902 1511 954; baseline 0.002 -15"><span class='ocrx_word' id='word_1_122' title='bbox 150 904 247 939; x_wconf 71' lang='grc' dir='ltr'><strong>Ρι1)1·τε</strong></span> <span class='ocrx_word' id='word_1_123' title='bbox 259 917 365 940; x_wconf 76' lang='lat' dir='ltr'>autern</span> <span class='ocrx_word' id='word_1_124' title='bbox 379 906 442 940; x_wconf 74' lang='lat' dir='ltr'>111ae</span> <span class='ocrx_word' id='word_1_125' title='bbox 452 935 461 948; x_wconf 93' lang='lat'>,</span> <span class='ocrx_word' id='word_1_126' title='bbox 477 918 533 940; x_wconf 83' lang='lat' dir='ltr'>aut</span> <span class='ocrx_word' id='word_1_127' title='bbox 542 907 646 954; x_wconf 85' lang='lat' dir='ltr'>potius</span> <span class='ocrx_word' id='word_1_128' title='bbox 665 902 778 938; x_wconf 85' lang='lat' dir='ltr'>urinofi</span> <span class='ocrx_word' id='word_1_129' title='bbox 794 903 898 946; x_wconf 62' lang='lat' dir='ltr'>tubuli</span> <span class='ocrx_word' id='word_1_130' title='bbox 913 902 1027 940; x_wconf 84' lang='lat' dir='ltr'>renum</span> <span class='ocrx_word' id='word_1_131' title='bbox 1044 917 1175 941; x_wconf 87' lang='lat' dir='ltr'>carnem</span> <span class='ocrx_word' id='word_1_132' title='bbox 1189 907 1386 940; x_wconf 85' lang='lat' dir='ltr'>mentiuntur</span> <span class='ocrx_word' id='word_1_133' title='bbox 1401 923 1410 950; x_wconf 81' lang='lat'><em>3</em></span> <span class='ocrx_word' id='word_1_134' title='bbox 1423 908 1511 953; x_wconf 80' lang='lat' dir='ltr'>iique</span> 
     </span>
     <span class='ocr_line' id='line_1_15' title="bbox 114 951 1509 1003; baseline 0.003 -15"><span class='ocrx_word' id='word_1_135' title='bbox 114 952 135 988; x_wconf 74' lang='grc' dir='ltr'>ὲ</span> <span class='ocrx_word' id='word_1_136' title='bbox 148 952 248 1001; x_wconf 84' lang='lat' dir='ltr'>gibba</span> <span class='ocrx_word' id='word_1_137' title='bbox 262 966 373 992; x_wconf 80' lang='lat' dir='ltr'>renum</span> <span class='ocrx_word' id='word_1_138' title='bbox 386 966 475 1003; x_wconf 84' lang='lat' dir='ltr'>parte</span> <span class='ocrx_word' id='word_1_139' title='bbox 484 982 493 996; x_wconf 88' lang='lat'><em>‚</em></span> <span class='ocrx_word' id='word_1_140' title='bbox 505 965 660 1000; x_wconf 79' lang='lat' dir='ltr'>tanquam</span> <span class='ocrx_word' id='word_1_141' title='bbox 671 952 750 986; x_wconf 87' lang='lat' dir='ltr'>radii</span> <span class='ocrx_word' id='word_1_142' title='bbox 760 951 780 987; x_wconf 77' lang='grc' dir='ltr'>Ξι</span> <span class='ocrx_word' id='word_1_143' title='bbox 791 953 972 1000; x_wconf 80' lang='lat' dir='ltr'>peripheria</span> <span class='ocrx_word' id='word_1_144' title='bbox 990 953 1030 987; x_wconf 87' lang='lat' dir='ltr'>ad</span> <span class='ocrx_word' id='word_1_145' title='bbox 1042 966 1191 990; x_wconf 84' lang='lat' dir='ltr'>centrum</span> <span class='ocrx_word' id='word_1_146' title='bbox 1205 955 1393 1002; x_wconf 86' lang='lat' dir='ltr'>diriguntur.</span> <span class='ocrx_word' id='word_1_147' title='bbox 1409 956 1509 992; x_wconf 67' lang='lat' dir='ltr'>Seeto</span> 
     </span>
     <span class='ocr_line' id='line_1_16' title="bbox 114 1000 1512 1050; baseline 0.003 -14"><span class='ocrx_word' id='word_1_148' title='bbox 114 1014 191 1036; x_wconf 89' lang='lat' dir='ltr'>rene</span> <span class='ocrx_word' id='word_1_149' title='bbox 201 1031 210 1045; x_wconf 94' lang='lat'>‚</span> <span class='ocrx_word' id='word_1_150' title='bbox 223 1007 256 1038; x_wconf 91' lang='lat'>&amp;</span> <span class='ocrx_word' id='word_1_151' title='bbox 269 1003 377 1050; x_wconf 81' lang='lat' dir='ltr'>digitis</span> <span class='ocrx_word' id='word_1_152' title='bbox 389 1001 514 1037; x_wconf 87' lang='lat' dir='ltr'>divulso</span> <span class='ocrx_word' id='word_1_153' title='bbox 525 1031 534 1045; x_wconf 90' lang='lat'>‚</span> <span class='ocrx_word' id='word_1_154' title='bbox 545 1003 591 1037; x_wconf 82' lang='lat' dir='ltr'>liae</span> <span class='ocrx_word' id='word_1_155' title='bbox 610 1000 698 1036; x_wconf 80' lang='lat' dir='ltr'>fibra:</span> <span class='ocrx_word' id='word_1_156' title='bbox 716 1000 798 1036; x_wconf 84' lang='lat' dir='ltr'>fiunt</span> <span class='ocrx_word' id='word_1_157' title='bbox 809 1000 1002 1049; x_wconf 80' lang='lat' dir='ltr'>conspicuae,</span> <span class='ocrx_word' id='word_1_158' title='bbox 1013 1002 1184 1049; x_wconf 84' lang='lat' dir='ltr'>praesertim</span> <span class='ocrx_word' id='word_1_159' title='bbox 1199 1001 1219 1037; x_wconf 81' lang='lat' dir='ltr'>fi</span> <span class='ocrx_word' id='word_1_160' title='bbox 1231 1015 1411 1038; x_wconf 82' lang='lat' dir='ltr'>atramento</span> <span class='ocrx_word' id='word_1_161' title='bbox 1422 1004 1512 1040; x_wconf 80' lang='lat' dir='ltr'>illitae</span> 
     </span>
     <span class='ocr_line' id='line_1_17' title="bbox 113 1050 1509 1100; baseline 0 -15"><span class='ocrx_word' id='word_1_162' title='bbox 113 1051 218 1099; x_wconf 82' lang='lat' dir='ltr'>digito</span> <span class='ocrx_word' id='word_1_163' title='bbox 231 1050 348 1085; x_wconf 85' lang='lat' dir='ltr'>leniter</span> <span class='ocrx_word' id='word_1_164' title='bbox 357 1052 564 1098; x_wconf 80' lang='lat' dir='ltr'>detergantur</span> <span class='ocrx_word' id='word_1_165' title='bbox 579 1064 587 1085; x_wconf 90' lang='lat'>:</span> <span class='ocrx_word' id='word_1_166' title='bbox 604 1062 671 1085; x_wconf 85' lang='lat' dir='ltr'>tum</span> <span class='ocrx_word' id='word_1_167' title='bbox 687 1052 774 1084; x_wconf 89' lang='lat' dir='ltr'>enirn</span> <span class='ocrx_word' id='word_1_168' title='bbox 792 1062 901 1084; x_wconf 87' lang='lat' dir='ltr'>earum</span> <span class='ocrx_word' id='word_1_169' title='bbox 913 1051 1023 1086; x_wconf 62' lang='lat' dir='ltr'>ductus</span> <span class='ocrx_word' id='word_1_170' title='bbox 1038 1051 1137 1086; x_wconf 89' lang='lat' dir='ltr'>oculis</span> <span class='ocrx_word' id='word_1_171' title='bbox 1147 1050 1368 1100; x_wconf 79' lang='lat' dir='ltr'>subjicientur,</span> <span class='ocrx_word' id='word_1_172' title='bbox 1386 1053 1509 1089; x_wconf 78' lang='lat' dir='ltr'>immis-</span> 
     </span>
     <span class='ocr_line' id='line_1_18' title="bbox 114 1098 868 1147; baseline 0 -13"><span class='ocrx_word' id='word_1_173' title='bbox 114 1098 148 1134; x_wconf 89' lang='lat' dir='ltr'>so</span> <span class='ocrx_word' id='word_1_174' title='bbox 166 1112 222 1147; x_wconf 83' lang='lat' dir='ltr'>per</span> <span class='ocrx_word' id='word_1_175' title='bbox 238 1101 389 1135; x_wconf 77' lang='lat' dir='ltr'>arteriam</span> <span class='ocrx_word' id='word_1_176' title='bbox 404 1099 624 1146; x_wconf 76' lang='lat' dir='ltr'>emulgentem</span> <span class='ocrx_word' id='word_1_177' title='bbox 641 1110 712 1144; x_wconf 78' lang='lat' dir='ltr'>atro</span> <span class='ocrx_word' id='word_1_178' title='bbox 729 1098 868 1145; x_wconf 88' lang='lat' dir='ltr'>liquore.</span> 
     </span>
    </p>

    <p class='ocr_par' dir='ltr' id='par_1_4' title="bbox 115 1146 1511 1441">
     <span class='ocr_line' id='line_1_19' title="bbox 154 1146 1510 1196; baseline 0.002 -13"><span class='ocrx_word' id='word_1_179' title='bbox 154 1147 262 1184; x_wconf 79' lang='lat' dir='ltr'>Pelvis</span> <span class='ocrx_word' id='word_1_180' title='bbox 273 1147 351 1184; x_wconf 77' lang='lat' dir='ltr'>vero</span> <span class='ocrx_word' id='word_1_181' title='bbox 364 1149 480 1183; x_wconf 86' lang='lat' dir='ltr'>dicitur</span> <span class='ocrx_word' id='word_1_182' title='bbox 493 1161 529 1182; x_wconf 83' lang='lat' dir='ltr'>ea</span> <span class='ocrx_word' id='word_1_183' title='bbox 543 1161 657 1183; x_wconf 85' lang='lat' dir='ltr'>renum</span> <span class='ocrx_word' id='word_1_184' title='bbox 673 1159 744 1195; x_wconf 84' lang='lat' dir='ltr'>pars</span> <span class='ocrx_word' id='word_1_185' title='bbox 765 1149 898 1182; x_wconf 83' lang='lat' dir='ltr'>interior</span> <span class='ocrx_word' id='word_1_186' title='bbox 918 1152 952 1184; x_wconf 61' lang='grc' dir='ltr'>δέ</span> <span class='ocrx_word' id='word_1_187' title='bbox 967 1146 1062 1191; x_wconf 82' lang='lat' dir='ltr'>alba,</span> <span class='ocrx_word' id='word_1_188' title='bbox 1081 1150 1114 1184; x_wconf 91' lang='lat' dir='ltr'>in</span> <span class='ocrx_word' id='word_1_189' title='bbox 1125 1161 1230 1196; x_wconf 71' lang='lat' dir='ltr'>,quam</span> <span class='ocrx_word' id='word_1_190' title='bbox 1247 1152 1377 1187; x_wconf 75' lang='lat' dir='ltr'>utinaxii</span> <span class='ocrx_word' id='word_1_191' title='bbox 1402 1149 1510 1187; x_wconf 88' lang='lat' dir='ltr'>tubuli</span> 
     </span>
     <span class='ocr_line' id='line_1_20' title="bbox 115 1195 1507 1246; baseline 0.003 -15"><span class='ocrx_word' id='word_1_192' title='bbox 115 1195 278 1243; x_wconf 79' lang='lat' dir='ltr'>definunt3</span> <span class='ocrx_word' id='word_1_193' title='bbox 296 1209 398 1244; x_wconf 88' lang='lat' dir='ltr'>eaque</span> <span class='ocrx_word' id='word_1_194' title='bbox 409 1197 490 1232; x_wconf 88' lang='lat' dir='ltr'>nihil</span> <span class='ocrx_word' id='word_1_195' title='bbox 504 1197 547 1231; x_wconf 86' lang='lat' dir='ltr'>est</span> <span class='ocrx_word' id='word_1_196' title='bbox 559 1195 614 1232; x_wconf 83' lang='lat' dir='ltr'>nisi</span> <span class='ocrx_word' id='word_1_197' title='bbox 627 1195 958 1232; x_wconf 80' lang='lat' dir='ltr'>ureterismembrana</span> <span class='ocrx_word' id='word_1_198' title='bbox 975 1196 1108 1233; x_wconf 82' lang='lat' dir='ltr'>dilatata</span> <span class='ocrx_word' id='word_1_199' title='bbox 1123 1227 1132 1241; x_wconf 90' lang='lat'><em>‚</em></span> <span class='ocrx_word' id='word_1_200' title='bbox 1147 1211 1219 1246; x_wconf 83' lang='lat' dir='ltr'>quae</span> <span class='ocrx_word' id='word_1_201' title='bbox 1246 1198 1342 1233; x_wconf 81' lang='lat' dir='ltr'>fibras</span> <span class='ocrx_word' id='word_1_202' title='bbox 1356 1201 1507 1235; x_wconf 82' lang='lat' dir='ltr'>urinarias</span> 
     </span>
     <span class='ocr_line' id='line_1_21' title="bbox 115 1244 1507 1294; baseline 0.003 -14"><span class='ocrx_word' id='word_1_203' title='bbox 115 1247 244 1293; x_wconf 86' lang='lat' dir='ltr'>excipit.</span> <span class='ocrx_word' id='word_1_204' title='bbox 263 1245 410 1281; x_wconf 81' lang='lat' dir='ltr'>Arenulae</span> <span class='ocrx_word' id='word_1_205' title='bbox 423 1257 529 1280; x_wconf 82' lang='lat' dir='ltr'>autem</span> <span class='ocrx_word' id='word_1_206' title='bbox 546 1248 577 1280; x_wconf 90' lang='lat' dir='ltr'>in</span> <span class='ocrx_word' id='word_1_207' title='bbox 590 1257 656 1280; x_wconf 86' lang='lat' dir='ltr'>tam</span> <span class='ocrx_word' id='word_1_208' title='bbox 669 1247 790 1294; x_wconf 76' lang='lat' dir='ltr'>exiguis</span> <span class='ocrx_word' id='word_1_209' title='bbox 801 1244 877 1282; x_wconf 83' lang='lat' dir='ltr'>vasis</span> <span class='ocrx_word' id='word_1_210' title='bbox 889 1246 1048 1281; x_wconf 90' lang='lat' dir='ltr'>interdum</span> <span class='ocrx_word' id='word_1_211' title='bbox 1063 1247 1186 1282; x_wconf 85' lang='lat' dir='ltr'>haerent</span> <span class='ocrx_word' id='word_1_212' title='bbox 1196 1276 1204 1290; x_wconf 85' lang='lat'>,</span> <span class='ocrx_word' id='word_1_213' title='bbox 1223 1259 1292 1294; x_wconf 86' lang='lat' dir='ltr'>quae</span> <span class='ocrx_word' id='word_1_214' title='bbox 1303 1247 1437 1283; x_wconf 81' lang='lat' dir='ltr'>aliarum</span> <span class='ocrx_word' id='word_1_215' title='bbox 1452 1262 1507 1284; x_wconf 83' lang='lat' dir='ltr'>ac-</span> 
     </span>
     <span class='ocr_line' id='line_1_22' title="bbox 115 1293 1509 1344; baseline 0.003 -15"><span class='ocrx_word' id='word_1_216' title='bbox 115 1293 196 1329; x_wconf 82' lang='lat' dir='ltr'>cessu</span> <span class='ocrx_word' id='word_1_217' title='bbox 208 1306 366 1344; x_wconf 82' lang='lat' dir='ltr'>augentur</span> <span class='ocrx_word' id='word_1_218' title='bbox 379 1313 388 1338; x_wconf 82' lang='lat'>3</span> <span class='ocrx_word' id='word_1_219' title='bbox 402 1307 534 1342; x_wconf 90' lang='lat' dir='ltr'>tumque</span> <span class='ocrx_word' id='word_1_220' title='bbox 548 1293 643 1329; x_wconf 86' lang='lat' dir='ltr'>fibras</span> <span class='ocrx_word' id='word_1_221' title='bbox 654 1293 722 1328; x_wconf 88' lang='lat' dir='ltr'>illas</span> <span class='ocrx_word' id='word_1_222' title='bbox 733 1296 882 1329; x_wconf 74' lang='lat' dir='ltr'>urinarias</span> <span class='ocrx_word' id='word_1_223' title='bbox 897 1324 908 1339; x_wconf 86' lang='lat'>,</span> <span class='ocrx_word' id='word_1_224' title='bbox 921 1307 991 1341; x_wconf 82' lang='lat' dir='ltr'>quae</span> <span class='ocrx_word' id='word_1_225' title='bbox 1003 1294 1174 1332; x_wconf 84' lang='lat' dir='ltr'>substantia</span> <span class='ocrx_word' id='word_1_226' title='bbox 1184 1297 1328 1332; x_wconf 71' lang='lat' dir='ltr'>constant</span> <span class='ocrx_word' id='word_1_227' title='bbox 1339 1296 1509 1343; x_wconf 79' lang='lat' dir='ltr'>dilatabih&#39;,</span> 
     </span>
     <span class='ocr_line' id='line_1_23' title="bbox 115 1342 1511 1391; baseline 0.004 -14"><span class='ocrx_word' id='word_1_228' title='bbox 115 1355 189 1378; x_wconf 82' lang='lat' dir='ltr'>cum</span> <span class='ocrx_word' id='word_1_229' title='bbox 206 1346 342 1379; x_wconf 87' lang='lat' dir='ltr'>nimium</span> <span class='ocrx_word' id='word_1_230' title='bbox 360 1344 591 1387; x_wconf 88' lang='lat' dir='ltr'>distenduntur,</span> <span class='ocrx_word' id='word_1_231' title='bbox 602 1342 751 1391; x_wconf 87' lang='lat' dir='ltr'>disrumpi</span> <span class='ocrx_word' id='word_1_232' title='bbox 762 1342 884 1378; x_wconf 80' lang='lat' dir='ltr'>necesse</span> <span class='ocrx_word' id='word_1_233' title='bbox 898 1344 953 1380; x_wconf 90' lang='lat' dir='ltr'>est.</span> <span class='ocrx_word' id='word_1_234' title='bbox 970 1346 1060 1380; x_wconf 87' lang='lat' dir='ltr'>Hinc</span> <span class='ocrx_word' id='word_1_235' title='bbox 1072 1357 1187 1381; x_wconf 90' lang='lat' dir='ltr'>renum</span> <span class='ocrx_word' id='word_1_236' title='bbox 1200 1357 1274 1380; x_wconf 87' lang='lat' dir='ltr'>caro</span> <span class='ocrx_word' id='word_1_237' title='bbox 1289 1344 1340 1381; x_wconf 87' lang='lat' dir='ltr'>seu</span> <span class='ocrx_word' id='word_1_238' title='bbox 1352 1344 1511 1383; x_wconf 59' lang='lat' dir='ltr'>fibrarum&gt;</span> 
     </span>
     <span class='ocr_line' id='line_1_24' title="bbox 115 1391 732 1441; baseline -0.002 -15"><span class='ocrx_word' id='word_1_239' title='bbox 115 1396 283 1440; x_wconf 80' lang='lat' dir='ltr'>congeries</span> <span class='ocrx_word' id='word_1_240' title='bbox 294 1404 445 1441; x_wconf 83' lang='lat' dir='ltr'>corrupta.</span> <span class='ocrx_word' id='word_1_241' title='bbox 464 1391 539 1440; x_wconf 83' lang='lat' dir='ltr'>saepe</span> <span class='ocrx_word' id='word_1_242' title='bbox 561 1394 732 1428; x_wconf 86' lang='lat' dir='ltr'>invenitur.</span> 
     </span>
    </p>

    <p class='ocr_par' dir='ltr' id='par_1_5' title="bbox 115 1440 1508 1635">
     <span class='ocr_line' id='line_1_25' title="bbox 152 1440 1508 1487; baseline 0.001 -12"><span class='ocrx_word' id='word_1_243' title='bbox 152 1441 382 1487; x_wconf 77' lang='lat' dir='ltr'>Quamobrem</span> <span class='ocrx_word' id='word_1_244' title='bbox 393 1455 503 1476; x_wconf 86' lang='lat' dir='ltr'>renum</span> <span class='ocrx_word' id='word_1_245' title='bbox 519 1440 606 1477; x_wconf 81' lang='lat' dir='ltr'>fibrae</span> <span class='ocrx_word' id='word_1_246' title='bbox 619 1455 685 1476; x_wconf 90' lang='lat' dir='ltr'>non</span> <span class='ocrx_word' id='word_1_247' title='bbox 698 1440 768 1475; x_wconf 90' lang='lat' dir='ltr'>sunt</span> <span class='ocrx_word' id='word_1_248' title='bbox 780 1440 974 1478; x_wconf 83' lang='lat' dir='ltr'>musculosae:</span> <span class='ocrx_word' id='word_1_249' title='bbox 987 1441 1061 1478; x_wconf 67' lang='lat' dir='ltr'>cum</span> <span class='ocrx_word' id='word_1_250' title='bbox 1078 1441 1174 1484; x_wconf 72' lang='lat' dir='ltr'>nullis</span> <span class='ocrx_word' id='word_1_251' title='bbox 1187 1440 1370 1478; x_wconf 83' lang='lat' dir='ltr'>tendinibus</span> <span class='ocrx_word' id='word_1_252' title='bbox 1381 1443 1508 1481; x_wconf 81' lang='lat' dir='ltr'>donen-</span> 
     </span>
     <span class='ocr_line' id='line_1_26' title="bbox 117 1490 1506 1538; baseline 0.001 -14"><span class='ocrx_word' id='word_1_253' title='bbox 117 1500 165 1524; x_wconf 89' lang='lat' dir='ltr'>tur</span> <span class='ocrx_word' id='word_1_254' title='bbox 174 1520 182 1534; x_wconf 87' lang='lat'>‚</span> <span class='ocrx_word' id='word_1_255' title='bbox 198 1503 304 1538; x_wconf 83' lang='lat' dir='ltr'>neque</span> <span class='ocrx_word' id='word_1_256' title='bbox 317 1491 399 1525; x_wconf 78' lang='lat' dir='ltr'>elixa</span> <span class='ocrx_word' id='word_1_257' title='bbox 405 1493 493 1525; x_wconf 88' lang='lat' dir='ltr'>tione</span> <span class='ocrx_word' id='word_1_258' title='bbox 504 1494 689 1525; x_wconf 81' lang='lat' dir='ltr'>minuantur</span> <span class='ocrx_word' id='word_1_259' title='bbox 698 1519 707 1533; x_wconf 91' lang='lat'>‚</span> <span class='ocrx_word' id='word_1_260' title='bbox 721 1502 780 1524; x_wconf 91' lang='lat' dir='ltr'>nec</span> <span class='ocrx_word' id='word_1_261' title='bbox 793 1501 940 1538; x_wconf 80' lang='lat' dir='ltr'>turgeant</span> <span class='ocrx_word' id='word_1_262' title='bbox 951 1502 986 1526; x_wconf 87' lang='lat' dir='ltr'>ut</span> <span class='ocrx_word' id='word_1_263' title='bbox 997 1490 1212 1527; x_wconf 89' lang='lat' dir='ltr'>musculorum</span> <span class='ocrx_word' id='word_1_264' title='bbox 1221 1490 1321 1535; x_wconf 75' lang='lat' dir='ltr'>fibrae3</span> <span class='ocrx_word' id='word_1_265' title='bbox 1335 1505 1408 1528; x_wconf 86' lang='lat' dir='ltr'>cum</span> <span class='ocrx_word' id='word_1_266' title='bbox 1419 1494 1506 1529; x_wconf 88' lang='lat' dir='ltr'>mol-</span> 
     </span>
     <span class='ocr_line' id='line_1_27' title="bbox 115 1537 1506 1592; baseline 0.004 -19"><span class='ocrx_word' id='word_1_267' title='bbox 115 1538 160 1573; x_wconf 87' lang='lat' dir='ltr'>les</span> <span class='ocrx_word' id='word_1_268' title='bbox 175 1539 235 1574; x_wconf 80' lang='lat' dir='ltr'>sint</span> <span class='ocrx_word' id='word_1_269' title='bbox 252 1568 260 1581; x_wconf 90' lang='lat'>‚</span> <span class='ocrx_word' id='word_1_270' title='bbox 279 1553 342 1574; x_wconf 89' lang='lat' dir='ltr'>non</span> <span class='ocrx_word' id='word_1_271' title='bbox 359 1539 455 1574; x_wconf 83' lang='lat' dir='ltr'>firmae</span> <span class='ocrx_word' id='word_1_272' title='bbox 474 1553 482 1574; x_wconf 94' lang='lat'>:</span> <span class='ocrx_word' id='word_1_273' title='bbox 510 1539 578 1574; x_wconf 89' lang='lat' dir='ltr'>sunt</span> <span class='ocrx_word' id='word_1_274' title='bbox 595 1540 737 1586; x_wconf 87' lang='lat' dir='ltr'>denique</span> <span class='ocrx_word' id='word_1_275' title='bbox 756 1537 859 1573; x_wconf 91' lang='lat' dir='ltr'>tubuli</span> <span class='ocrx_word' id='word_1_276' title='bbox 880 1567 890 1583; x_wconf 86' lang='lat'>‚</span> <span class='ocrx_word' id='word_1_277' title='bbox 920 1539 1037 1587; x_wconf 87' lang='lat' dir='ltr'>quibus</span> <span class='ocrx_word' id='word_1_278' title='bbox 1051 1539 1156 1575; x_wconf 87' lang='lat' dir='ltr'>versus</span> <span class='ocrx_word' id='word_1_279' title='bbox 1175 1540 1298 1588; x_wconf 85' lang='lat' dir='ltr'>pelvim</span> <span class='ocrx_word' id='word_1_280' title='bbox 1323 1542 1506 1592; x_wconf 84' lang='lat' dir='ltr'>compreffis</span> 
     </span>
     <span class='ocr_line' id='line_1_28' title="bbox 116 1587 669 1635; baseline 0.002 -13"><span class='ocrx_word' id='word_1_281' title='bbox 116 1600 198 1635; x_wconf 83' lang='lat' dir='ltr'>aqua</span> <span class='ocrx_word' id='word_1_282' title='bbox 213 1587 305 1623; x_wconf 88' lang='lat' dir='ltr'>exilit</span> <span class='ocrx_word' id='word_1_283' title='bbox 320 1591 417 1624; x_wconf 85' lang='lat' dir='ltr'>urinae</span> <span class='ocrx_word' id='word_1_284' title='bbox 428 1601 495 1623; x_wconf 91' lang='lat' dir='ltr'>non</span> <span class='ocrx_word' id='word_1_285' title='bbox 509 1587 669 1623; x_wconf 80' lang='lat' dir='ltr'>absimilis.</span> 
     </span>
    </p>

    <p class='ocr_par' dir='ltr' id='par_1_6' title="bbox 113 1635 1551 2062">
     <span class='ocr_line' id='line_1_29' title="bbox 136 1635 1551 1686; baseline 0.004 -15"><span class='ocrx_word' id='word_1_286' title='bbox 136 1638 339 1684; x_wconf 86' lang='lat' dir='ltr'>Sed‚inquiet</span> <span class='ocrx_word' id='word_1_287' title='bbox 350 1638 532 1685; x_wconf 73' lang='lat' dir='ltr'>aliquis,vix</span> <span class='ocrx_word' id='word_1_288' title='bbox 545 1636 693 1685; x_wconf 83' lang='lat' dir='ltr'>explicati</span> <span class='ocrx_word' id='word_1_289' title='bbox 705 1635 812 1684; x_wconf 86' lang='lat' dir='ltr'>potest</span> <span class='ocrx_word' id='word_1_290' title='bbox 825 1649 889 1683; x_wconf 83' lang='lat' dir='ltr'>qua</span> <span class='ocrx_word' id='word_1_291' title='bbox 900 1640 1024 1673; x_wconf 86' lang='lat' dir='ltr'>ratione</span> <span class='ocrx_word' id='word_1_292' title='bbox 1038 1650 1094 1686; x_wconf 87' lang='lat' dir='ltr'>per</span> <span class='ocrx_word' id='word_1_293' title='bbox 1109 1637 1274 1685; x_wconf 75' lang='lat' dir='ltr'>glandulas</span> <span class='ocrx_word' id='word_1_294' title='bbox 1287 1643 1320 1684; x_wconf 82' lang='lat'>&amp;</span> <span class='ocrx_word' id='word_1_295' title='bbox 1331 1637 1428 1674; x_wconf 83' lang='lat' dir='ltr'>fibras</span> <span class='ocrx_word' id='word_1_296' title='bbox 1441 1651 1507 1676; x_wconf 79' lang='lat' dir='ltr'>tam</span> <span class='ocrx_word' id='word_1_297' title='bbox 1548 1666 1551 1667; x_wconf 29' lang='grc' dir='ltr'><em>ν</em></span> 
     </span>
     <span class='ocr_line' id='line_1_30' title="bbox 115 1684 1507 1736; baseline 0.002 -15"><span class='ocrx_word' id='word_1_298' title='bbox 115 1685 295 1728; x_wconf 82' lang='lat' dir='ltr'>exiles,non</span> <span class='ocrx_word' id='word_1_299' title='bbox 312 1686 411 1721; x_wconf 83' lang='lat' dir='ltr'>serum</span> <span class='ocrx_word' id='word_1_300' title='bbox 430 1684 579 1729; x_wconf 74' lang='lat' dir='ltr'>modo,&amp;</span> <span class='ocrx_word' id='word_1_301' title='bbox 596 1685 673 1730; x_wconf 74' lang='lat' dir='ltr'>sales</span> <span class='ocrx_word' id='word_1_302' title='bbox 687 1696 753 1719; x_wconf 84' lang='lat' dir='ltr'>tam</span> <span class='ocrx_word' id='word_1_303' title='bbox 766 1684 898 1730; x_wconf 80' lang='lat' dir='ltr'>diversi,</span> <span class='ocrx_word' id='word_1_304' title='bbox 918 1685 971 1721; x_wconf 91' lang='lat' dir='ltr'>sed</span> <span class='ocrx_word' id='word_1_305' title='bbox 986 1689 1084 1722; x_wconf 83' lang='lat' dir='ltr'>etiam</span> <span class='ocrx_word' id='word_1_306' title='bbox 1103 1687 1260 1736; x_wconf 85' lang='lat' dir='ltr'>sanguinis</span> <span class='ocrx_word' id='word_1_307' title='bbox 1281 1699 1481 1724; x_wconf 85' lang='lat' dir='ltr'>recrementa</span> <span class='ocrx_word' id='word_1_308' title='bbox 1496 1719 1507 1733; x_wconf 94' lang='lat'><em>‚</em></span> 
     </span>
     <span class='ocr_line' id='line_1_31' title="bbox 115 1731 1505 1786; baseline 0.004 -19"><span class='ocrx_word' id='word_1_309' title='bbox 115 1731 307 1769; x_wconf 66' lang='lat' dir='ltr'>abscell&#39;uum</span> <span class='ocrx_word' id='word_1_310' title='bbox 320 1737 512 1782; x_wconf 80' lang='lat' dir='ltr'>quandoque</span> <span class='ocrx_word' id='word_1_311' title='bbox 523 1734 669 1782; x_wconf 83' lang='lat' dir='ltr'>reliquiae</span> <span class='ocrx_word' id='word_1_312' title='bbox 682 1763 691 1777; x_wconf 84' lang='lat'>,</span> <span class='ocrx_word' id='word_1_313' title='bbox 707 1739 740 1770; x_wconf 88' lang='lat'>&amp;</span> <span class='ocrx_word' id='word_1_314' title='bbox 751 1745 895 1769; x_wconf 75' lang='lat' dir='ltr'>tartareae</span> <span class='ocrx_word' id='word_1_315' title='bbox 912 1735 1006 1770; x_wconf 85' lang='lat' dir='ltr'>faeces</span> <span class='ocrx_word' id='word_1_316' title='bbox 1019 1765 1029 1778; x_wconf 86' lang='lat'>,</span> <span class='ocrx_word' id='word_1_317' title='bbox 1041 1747 1094 1770; x_wconf 86' lang='lat' dir='ltr'>aut</span> <span class='ocrx_word' id='word_1_318' title='bbox 1103 1735 1226 1778; x_wconf 71' lang='lat' dir='ltr'>filuari,</span> <span class='ocrx_word' id='word_1_319' title='bbox 1239 1748 1294 1771; x_wconf 83' lang='lat' dir='ltr'>aut</span> <span class='ocrx_word' id='word_1_320' title='bbox 1304 1735 1419 1772; x_wconf 86' lang='lat' dir='ltr'>secerni</span> <span class='ocrx_word' id='word_1_321' title='bbox 1433 1738 1505 1786; x_wconf 88' lang='lat' dir='ltr'>pos-</span> 
     </span>
     <span class='ocr_line' id='line_1_32' title="bbox 114 1781 1507 1834; baseline 0.004 -17"><span class='ocrx_word' id='word_1_322' title='bbox 114 1782 183 1819; x_wconf 83' lang='lat' dir='ltr'>sint.</span> <span class='ocrx_word' id='word_1_323' title='bbox 195 1786 232 1819; x_wconf 83' lang='lat' dir='ltr'>Et</span> <span class='ocrx_word' id='word_1_324' title='bbox 247 1785 381 1830; x_wconf 84' lang='lat' dir='ltr'>quidem</span> <span class='ocrx_word' id='word_1_325' title='bbox 392 1796 426 1819; x_wconf 90' lang='lat' dir='ltr'>ut</span> <span class='ocrx_word' id='word_1_326' title='bbox 441 1783 595 1819; x_wconf 81' lang='lat' dir='ltr'>machinae</span> <span class='ocrx_word' id='word_1_327' title='bbox 610 1781 728 1830; x_wconf 89' lang='lat' dir='ltr'>quibus</span> <span class='ocrx_word' id='word_1_328' title='bbox 742 1784 872 1826; x_wconf 82' lang='lat' dir='ltr'>utimur,</span> <span class='ocrx_word' id='word_1_329' title='bbox 887 1782 1151 1834; x_wconf 82' lang='lat' dir='ltr'>cribra,spongiae‚</span> <span class='ocrx_word' id='word_1_330' title='bbox 1165 1783 1269 1819; x_wconf 83' lang='lat' dir='ltr'>fistulae</span> <span class='ocrx_word' id='word_1_331' title='bbox 1287 1785 1390 1820; x_wconf 83' lang='lat' dir='ltr'>lucem</span> <span class='ocrx_word' id='word_1_332' title='bbox 1405 1799 1507 1833; x_wconf 86' lang='lat' dir='ltr'>quan-</span> 
     </span>
     <span class='ocr_line' id='line_1_33' title="bbox 114 1831 1512 1875; baseline 0.002 -9"><span class='ocrx_word' id='word_1_333' title='bbox 114 1832 189 1866; x_wconf 89' lang='lat' dir='ltr'>dam</span> <span class='ocrx_word' id='word_1_334' title='bbox 202 1833 275 1867; x_wconf 83' lang='lat' dir='ltr'>huic</span> <span class='ocrx_word' id='word_1_335' title='bbox 286 1835 330 1866; x_wconf 88' lang='lat' dir='ltr'>rei</span> <span class='ocrx_word' id='word_1_336' title='bbox 346 1833 480 1868; x_wconf 69' lang='lat' dir='ltr'>afferant</span> <span class='ocrx_word' id='word_1_337' title='bbox 490 1862 498 1875; x_wconf 86' lang='lat'><em>,</em></span> <span class='ocrx_word' id='word_1_338' title='bbox 511 1845 620 1868; x_wconf 83' lang='lat' dir='ltr'>tamen</span> <span class='ocrx_word' id='word_1_339' title='bbox 637 1831 804 1866; x_wconf 86' lang='lat' dir='ltr'>fatendum</span> <span class='ocrx_word' id='word_1_340' title='bbox 820 1832 865 1866; x_wconf 87' lang='lat' dir='ltr'>est</span> <span class='ocrx_word' id='word_1_341' title='bbox 878 1833 954 1867; x_wconf 83' lang='lat' dir='ltr'>alias</span> <span class='ocrx_word' id='word_1_342' title='bbox 966 1832 1027 1868; x_wconf 80' lang='lat' dir='ltr'>esse</span> <span class='ocrx_word' id='word_1_343' title='bbox 1037 1845 1153 1868; x_wconf 86' lang='lat' dir='ltr'>naturae</span> <span class='ocrx_word' id='word_1_344' title='bbox 1164 1834 1326 1868; x_wconf 86' lang='lat' dir='ltr'>machinas</span> <span class='ocrx_word' id='word_1_345' title='bbox 1343 1833 1439 1869; x_wconf 82' lang='lat' dir='ltr'>nobis</span> <span class='ocrx_word' id='word_1_346' title='bbox 1459 1839 1512 1871; x_wconf 73' lang='lat' dir='ltr'>in-</span> 
     </span>
     <span class='ocr_line' id='line_1_34' title="bbox 113 1878 1508 1930; baseline 0.001 -16"><span class='ocrx_word' id='word_1_347' title='bbox 113 1883 258 1929; x_wconf 81' lang='lat' dir='ltr'>cognitas</span> <span class='ocrx_word' id='word_1_348' title='bbox 270 1909 279 1923; x_wconf 90' lang='lat'>,</span> <span class='ocrx_word' id='word_1_349' title='bbox 291 1880 407 1928; x_wconf 85' lang='lat' dir='ltr'>quibus</span> <span class='ocrx_word' id='word_1_350' title='bbox 418 1881 623 1916; x_wconf 83' lang='lat' dir='ltr'>incredibilia</span> <span class='ocrx_word' id='word_1_351' title='bbox 637 1879 757 1929; x_wconf 82' lang='lat' dir='ltr'>prorsus</span> <span class='ocrx_word' id='word_1_352' title='bbox 771 1878 870 1916; x_wconf 81' lang='lat' dir='ltr'>efficit</span> <span class='ocrx_word' id='word_1_353' title='bbox 885 1899 893 1925; x_wconf 81' lang='lat'><em>3</em></span> <span class='ocrx_word' id='word_1_354' title='bbox 915 1893 1013 1929; x_wconf 87' lang='lat' dir='ltr'>atque</span> <span class='ocrx_word' id='word_1_355' title='bbox 1034 1882 1096 1917; x_wconf 82' lang='lat' dir='ltr'>illae</span> <span class='ocrx_word' id='word_1_356' title='bbox 1125 1881 1182 1917; x_wconf 85' lang='lat' dir='ltr'>seri</span> <span class='ocrx_word' id='word_1_357' title='bbox 1200 1883 1365 1930; x_wconf 86' lang='lat' dir='ltr'>particulae</span> <span class='ocrx_word' id='word_1_358' title='bbox 1382 1882 1508 1920; x_wconf 72' lang='lat' dir='ltr'>filtran-</span> 
     </span>
     <span class='ocr_line' id='line_1_35' title="bbox 116 1928 1505 1979; baseline 0.005 -17"><span class='ocrx_word' id='word_1_359' title='bbox 116 1939 165 1963; x_wconf 91' lang='lat' dir='ltr'>tur</span> <span class='ocrx_word' id='word_1_360' title='bbox 181 1932 214 1964; x_wconf 87' lang='lat' dir='ltr'>in</span> <span class='ocrx_word' id='word_1_361' title='bbox 239 1930 369 1965; x_wconf 85' lang='lat' dir='ltr'>renibus</span> <span class='ocrx_word' id='word_1_362' title='bbox 387 1944 457 1977; x_wconf 75' lang='lat' dir='ltr'>quae</span> <span class='ocrx_word' id='word_1_363' title='bbox 476 1934 543 1976; x_wconf 74' lang='lat' dir='ltr'>jam</span> <span class='ocrx_word' id='word_1_364' title='bbox 565 1929 634 1965; x_wconf 90' lang='lat' dir='ltr'>sunt</span> <span class='ocrx_word' id='word_1_365' title='bbox 664 1928 831 1974; x_wconf 77' lang='lat' dir='ltr'>liberiores</span> <span class='ocrx_word' id='word_1_366' title='bbox 843 1960 852 1974; x_wconf 86' lang='lat'>‚</span> <span class='ocrx_word' id='word_1_367' title='bbox 880 1935 914 1966; x_wconf 88' lang='lat'>&amp;</span> <span class='ocrx_word' id='word_1_368' title='bbox 931 1933 1033 1979; x_wconf 81' lang='lat' dir='ltr'>magis</span> <span class='ocrx_word' id='word_1_369' title='bbox 1051 1932 1216 1979; x_wconf 81' lang='lat' dir='ltr'>expeditae.</span> <span class='ocrx_word' id='word_1_370' title='bbox 1233 1932 1319 1966; x_wconf 87' lang='lat' dir='ltr'>Cum</span> <span class='ocrx_word' id='word_1_371' title='bbox 1340 1944 1448 1968; x_wconf 84' lang='lat' dir='ltr'>autem</span> <span class='ocrx_word' id='word_1_372' title='bbox 1467 1946 1505 1969; x_wconf 83' lang='lat' dir='ltr'>ex</span> 
     </span>
     <span class='ocr_line' id='line_1_36' title="bbox 114 1977 1509 2030; baseline 0.004 -18"><span class='ocrx_word' id='word_1_373' title='bbox 114 1977 233 2012; x_wconf 87' lang='lat' dir='ltr'>morbo</span> <span class='ocrx_word' id='word_1_374' title='bbox 250 1977 369 2027; x_wconf 82' lang='lat' dir='ltr'>sanguis</span> <span class='ocrx_word' id='word_1_375' title='bbox 387 1980 510 2023; x_wconf 85' lang='lat' dir='ltr'>aestuat,</span> <span class='ocrx_word' id='word_1_376' title='bbox 521 1991 598 2014; x_wconf 89' lang='lat' dir='ltr'>-tum</span> <span class='ocrx_word' id='word_1_377' title='bbox 613 1990 728 2027; x_wconf 58' lang='lat' dir='ltr'>pgaeter</span> <span class='ocrx_word' id='word_1_378' title='bbox 742 1978 843 2013; x_wconf 84' lang='lat' dir='ltr'>serum</span> <span class='ocrx_word' id='word_1_379' title='bbox 861 1979 930 2014; x_wconf 87' lang='lat' dir='ltr'>aliae</span> <span class='ocrx_word' id='word_1_380' title='bbox 946 1992 1077 2028; x_wconf 91' lang='lat' dir='ltr'>quoque</span> <span class='ocrx_word' id='word_1_381' title='bbox 1087 1981 1245 2029; x_wconf 81' lang='lat' dir='ltr'>sanguinis</span> <span class='ocrx_word' id='word_1_382' title='bbox 1258 1979 1363 2015; x_wconf 89' lang='lat' dir='ltr'>sordes</span> <span class='ocrx_word' id='word_1_383' title='bbox 1377 1994 1435 2030; x_wconf 84' lang='lat' dir='ltr'>per</span> <span class='ocrx_word' id='word_1_384' title='bbox 1445 1985 1509 2017; x_wconf 87' lang='lat' dir='ltr'>uri-</span> 
     </span>
     <span class='ocr_line' id='line_1_37' title="bbox 116 2025 491 2062; baseline 0 -1"><span class='ocrx_word' id='word_1_385' title='bbox 116 2039 162 2061; x_wconf 78' lang='lat' dir='ltr'>nae</span> <span class='ocrx_word' id='word_1_386' title='bbox 178 2025 248 2060; x_wconf 78' lang='lat' dir='ltr'>vasi</span> <span class='ocrx_word' id='word_1_387' title='bbox 269 2038 491 2062; x_wconf 82' lang='lat' dir='ltr'>excernuntur.</span> 
     </span>
    </p>

    <p class='ocr_par' dir='ltr' id='par_1_7' title="bbox 113 2073 1513 2418">
     <span class='ocr_line' id='line_1_38' title="bbox 162 2073 1508 2124; baseline 0.005 -16"><span class='ocrx_word' id='word_1_388' title='bbox 162 2077 251 2123; x_wconf 81' lang='lat' dir='ltr'>Qin</span> <span class='ocrx_word' id='word_1_389' title='bbox 270 2076 368 2109; x_wconf 79' lang='lat' dir='ltr'>etiarn</span> <span class='ocrx_word' id='word_1_390' title='bbox 386 2074 454 2110; x_wconf 85' lang='lat' dir='ltr'>fieri</span> <span class='ocrx_word' id='word_1_391' title='bbox 466 2073 591 2122; x_wconf 87' lang='lat' dir='ltr'>potest,</span> <span class='ocrx_word' id='word_1_392' title='bbox 606 2085 641 2108; x_wconf 92' lang='lat' dir='ltr'>ut</span> <span class='ocrx_word' id='word_1_393' title='bbox 659 2086 763 2123; x_wconf 82' lang='lat' dir='ltr'>partes</span> <span class='ocrx_word' id='word_1_394' title='bbox 787 2075 942 2124; x_wconf 84' lang='lat' dir='ltr'>sanguinis</span> <span class='ocrx_word' id='word_1_395' title='bbox 960 2087 1103 2111; x_wconf 85' lang='lat' dir='ltr'>tartareae</span> <span class='ocrx_word' id='word_1_396' title='bbox 1117 2104 1126 2118; x_wconf 88' lang='lat'>,</span> <span class='ocrx_word' id='word_1_397' title='bbox 1146 2080 1181 2113; x_wconf 73' lang='grc' dir='ltr'>δι</span> <span class='ocrx_word' id='word_1_398' title='bbox 1194 2075 1308 2111; x_wconf 86' lang='lat' dir='ltr'>calculi</span> <span class='ocrx_word' id='word_1_399' title='bbox 1327 2078 1508 2115; x_wconf 79' lang='lat' dir='ltr'>rudimenta</span> 
     </span>
     <span class='ocr_line' id='line_1_39' title="bbox 118 2121 1506 2175; baseline 0.006 -20"><span class='ocrx_word' id='word_1_400' title='bbox 118 2134 173 2171; x_wconf 88' lang='lat' dir='ltr'>per</span> <span class='ocrx_word' id='word_1_401' title='bbox 186 2135 346 2157; x_wconf 85' lang='lat' dir='ltr'>ureterum</span> <span class='ocrx_word' id='word_1_402' title='bbox 373 2136 434 2158; x_wconf 65' lang='grc'><strong>1311</strong></span> <span class='ocrx_word' id='word_1_403' title='bbox 442 2123 511 2158; x_wconf 85' lang='lat' dir='ltr'>ulos</span> <span class='ocrx_word' id='word_1_404' title='bbox 527 2121 730 2170; x_wconf 72' lang='lat' dir='ltr'>expellantur</span> <span class='ocrx_word' id='word_1_405' title='bbox 742 2153 752 2168; x_wconf 92' lang='lat'>‚</span> <span class='ocrx_word' id='word_1_406' title='bbox 771 2135 826 2158; x_wconf 87' lang='lat' dir='ltr'>aut</span> <span class='ocrx_word' id='word_1_407' title='bbox 843 2137 898 2172; x_wconf 89' lang='lat' dir='ltr'>per</span> <span class='ocrx_word' id='word_1_408' title='bbox 917 2124 1005 2173; x_wconf 83' lang='lat' dir='ltr'>ipsius</span> <span class='ocrx_word' id='word_1_409' title='bbox 1025 2125 1127 2173; x_wconf 87' lang='lat' dir='ltr'>pelvis</span> <span class='ocrx_word' id='word_1_410' title='bbox 1146 2127 1353 2174; x_wconf 84' lang='lat' dir='ltr'>propagines,</span> <span class='ocrx_word' id='word_1_411' title='bbox 1380 2141 1450 2175; x_wconf 79' lang='lat' dir='ltr'>quae</span> <span class='ocrx_word' id='word_1_412' title='bbox 1464 2129 1506 2164; x_wconf 78' lang='lat' dir='ltr'>ad</span> 
     </span>
     <span class='ocr_line' id='line_1_40' title="bbox 116 2171 1504 2222; baseline 0.004 -18"><span class='ocrx_word' id='word_1_413' title='bbox 116 2173 253 2206; x_wconf 85' lang='lat' dir='ltr'>extimas</span> <span class='ocrx_word' id='word_1_414' title='bbox 270 2171 367 2219; x_wconf 86' lang='lat' dir='ltr'>usque</span> <span class='ocrx_word' id='word_1_415' title='bbox 383 2186 497 2207; x_wconf 87' lang='lat' dir='ltr'>renum</span> <span class='ocrx_word' id='word_1_416' title='bbox 512 2183 616 2222; x_wconf 70' lang='lat' dir='ltr'>partes</span> <span class='ocrx_word' id='word_1_417' title='bbox 626 2175 852 2221; x_wconf 84' lang='lat' dir='ltr'>porriguntur,</span> <span class='ocrx_word' id='word_1_418' title='bbox 869 2174 1030 2211; x_wconf 87' lang='lat' dir='ltr'>interdum</span> <span class='ocrx_word' id='word_1_419' title='bbox 1045 2173 1095 2209; x_wconf 83' lang='lat' dir='ltr'>san</span> <span class='ocrx_word' id='word_1_420' title='bbox 1121 2176 1167 2209; x_wconf 89' lang='lat' dir='ltr'>uis</span> <span class='ocrx_word' id='word_1_421' title='bbox 1182 2175 1222 2208; x_wconf 92' lang='lat' dir='ltr'>ad</span> <span class='ocrx_word' id='word_1_422' title='bbox 1236 2186 1308 2209; x_wconf 89' lang='lat' dir='ltr'>eam</span> <span class='ocrx_word' id='word_1_423' title='bbox 1328 2174 1504 2212; x_wconf 86' lang='lat' dir='ltr'>deducitur.</span> 
     </span>
     <span class='ocr_line' id='line_1_41' title="bbox 118 2220 1513 2270; baseline 0 -15"><span class='ocrx_word' id='word_1_424' title='bbox 118 2223 202 2255; x_wconf 81' lang='lat' dir='ltr'>Haec</span> <span class='ocrx_word' id='word_1_425' title='bbox 212 2220 315 2255; x_wconf 81' lang='lat' dir='ltr'>multo</span> <span class='ocrx_word' id='word_1_426' title='bbox 331 2222 424 2270; x_wconf 80' lang='lat' dir='ltr'>adipe</span> <span class='ocrx_word' id='word_1_427' title='bbox 436 2221 518 2255; x_wconf 78' lang='lat' dir='ltr'>‘illita</span> <span class='ocrx_word' id='word_1_428' title='bbox 531 2221 655 2255; x_wconf 82' lang='lat' dir='ltr'>videtur</span> <span class='ocrx_word' id='word_1_429' title='bbox 666 2251 674 2264; x_wconf 90' lang='lat'>,</span> <span class='ocrx_word' id='word_1_430' title='bbox 694 2233 730 2256; x_wconf 91' lang='lat' dir='ltr'>ut</span> <span class='ocrx_word' id='word_1_431' title='bbox 743 2221 843 2256; x_wconf 89' lang='lat' dir='ltr'>serum</span> <span class='ocrx_word' id='word_1_432' title='bbox 860 2225 981 2267; x_wconf 85' lang='lat' dir='ltr'>acrius,</span> <span class='ocrx_word' id='word_1_433' title='bbox 1001 2229 1034 2261; x_wconf 69' lang='grc' dir='ltr'>δε</span> <span class='ocrx_word' id='word_1_434' title='bbox 1051 2223 1092 2258; x_wconf 79' lang='lat' dir='ltr'>sal</span> <span class='ocrx_word' id='word_1_435' title='bbox 1107 2236 1161 2258; x_wconf 86' lang='lat' dir='ltr'>um</span> <span class='ocrx_word' id='word_1_436' title='bbox 1173 2253 1182 2267; x_wconf 90' lang='lat'>‚</span> <span class='ocrx_word' id='word_1_437' title='bbox 1202 2226 1270 2257; x_wconf 88' lang='lat' dir='ltr'>imo</span> <span class='ocrx_word' id='word_1_438' title='bbox 1281 2243 1299 2266; x_wconf 94' lang='lat'>‚·</span> <span class='ocrx_word' id='word_1_439' title='bbox 1315 2228 1349 2260; x_wconf 89' lang='lat'><strong>&amp;</strong></span> <span class='ocrx_word' id='word_1_440' title='bbox 1367 2225 1513 2261; x_wconf 62' lang='lat' dir='ltr'>arenulae,</span> 
     </span>
     <span class='ocr_line' id='line_1_42' title="bbox 113 2268 1505 2321; baseline 0.002 -17"><span class='ocrx_word' id='word_1_441' title='bbox 113 2268 242 2304; x_wconf 72' lang='lat' dir='ltr'>facilius</span> <span class='ocrx_word' id='word_1_442' title='bbox 263 2270 483 2306; x_wconf 82' lang='lat' dir='ltr'>exturbentur.</span> <span class='ocrx_word' id='word_1_443' title='bbox 509 2270 570 2304; x_wconf 82' lang='lat' dir='ltr'>Sed</span> <span class='ocrx_word' id='word_1_444' title='bbox 588 2275 621 2306; x_wconf 64' lang='grc' dir='ltr'>ὃ(</span> <span class='ocrx_word' id='word_1_445' title='bbox 632 2269 738 2304; x_wconf 84' lang='lat' dir='ltr'>multo</span> <span class='ocrx_word' id='word_1_446' title='bbox 749 2270 844 2319; x_wconf 85' lang='lat' dir='ltr'>adipe</span> <span class='ocrx_word' id='word_1_447' title='bbox 862 2283 954 2307; x_wconf 87' lang='lat' dir='ltr'>renes</span> <span class='ocrx_word' id='word_1_448' title='bbox 965 2271 1038 2319; x_wconf 72' lang='lat' dir='ltr'>ipsi,</span> <span class='ocrx_word' id='word_1_449' title='bbox 1052 2277 1085 2310; x_wconf 71' lang='grc' dir='ltr'>δε</span> <span class='ocrx_word' id='word_1_450' title='bbox 1102 2271 1290 2307; x_wconf 79' lang='lat' dir='ltr'>membrana</span> <span class='ocrx_word' id='word_1_451' title='bbox 1302 2271 1430 2321; x_wconf 78' lang='lat' dir='ltr'>adiposa</span> <span class='ocrx_word' id='word_1_452' title='bbox 1443 2274 1505 2309; x_wconf 85' lang='lat' dir='ltr'>ob-</span> 
     </span>
     <span class='ocr_line' id='line_1_43' title="bbox 116 2317 1505 2370; baseline 0.005 -18"><span class='ocrx_word' id='word_1_453' title='bbox 116 2319 290 2362; x_wconf 81' lang='lat' dir='ltr'>ducuntur,</span> <span class='ocrx_word' id='word_1_454' title='bbox 310 2322 362 2366; x_wconf 88' lang='lat' dir='ltr'>qui</span> <span class='ocrx_word' id='word_1_455' title='bbox 380 2319 399 2355; x_wconf 73' lang='grc' dir='ltr'>ἐι</span> <span class='ocrx_word' id='word_1_456' title='bbox 415 2319 563 2368; x_wconf 80' lang='lat' dir='ltr'>sanguine</span> <span class='ocrx_word' id='word_1_457' title='bbox 578 2317 731 2353; x_wconf 85' lang='lat' dir='ltr'>arterioso</span> <span class='ocrx_word' id='word_1_458' title='bbox 749 2318 902 2364; x_wconf 78' lang='lat' dir='ltr'>filrrarur,</span> <span class='ocrx_word' id='word_1_459' title='bbox 919 2332 952 2355; x_wconf 90' lang='lat' dir='ltr'>ut</span> <span class='ocrx_word' id='word_1_460' title='bbox 970 2321 1152 2370; x_wconf 86' lang='lat' dir='ltr'>sanguinem</span> <span class='ocrx_word' id='word_1_461' title='bbox 1170 2332 1225 2367; x_wconf 82' lang='lat' dir='ltr'>per</span> <span class='ocrx_word' id='word_1_462' title='bbox 1238 2332 1335 2355; x_wconf 82' lang='lat' dir='ltr'>venas</span> <span class='ocrx_word' id='word_1_463' title='bbox 1354 2324 1505 2360; x_wconf 86' lang='lat' dir='ltr'>reducem</span> 
     </span>
     <span class='ocr_line' id='line_1_44' title="bbox 114 2366 1505 2418; baseline 0.005 -17"><span class='ocrx_word' id='word_1_464' title='bbox 114 2366 270 2404; x_wconf 83' lang='lat' dir='ltr'>deliniat:</span> <span class='ocrx_word' id='word_1_465' title='bbox 296 2368 487 2417; x_wconf 84' lang='lat' dir='ltr'>consumpto</span> <span class='ocrx_word' id='word_1_466' title='bbox 507 2380 622 2405; x_wconf 86' lang='lat' dir='ltr'>renum</span> <span class='ocrx_word' id='word_1_467' title='bbox 641 2370 736 2417; x_wconf 89' lang='lat' dir='ltr'>adipe</span> <span class='ocrx_word' id='word_1_468' title='bbox 752 2381 864 2418; x_wconf 82' lang='lat' dir='ltr'>corpus</span> <span class='ocrx_word' id='word_1_469' title='bbox 883 2369 1064 2417; x_wconf 74' lang='lat' dir='ltr'>universum</span> <span class='ocrx_word' id='word_1_470' title='bbox 1080 2368 1300 2413; x_wconf 77' lang='lat' dir='ltr'>contabescit„</span> <span class='ocrx_word' id='word_1_471' title='bbox 1327 2372 1413 2418; x_wconf 86' lang='lat' dir='ltr'>quod</span> <span class='ocrx_word' id='word_1_472' title='bbox 1436 2384 1505 2408; x_wconf 86' lang='lat' dir='ltr'>tum</span> 
     </span>
    </p>
   </div>
   <div class='ocr_carea' id='block_1_3' title="bbox 1153 2419 1341 2470">
    <p class='ocr_par' dir='ltr' id='par_1_8' title="bbox 1153 2419 1341 2470">
     <span class='ocr_line' id='line_1_45' title="bbox 1153 2419 1341 2470; baseline -0.011 0"><span class='ocrx_word' id='word_1_473' title='bbox 1153 2419 1291 2470; x_wconf 63' lang='lat' dir='ltr'>quq</span> <span class='ocrx_word' id='word_1_474' title='bbox 1320 2421 1341 2468; x_wconf 71' lang='lat' dir='ltr'>ii</span> 
     </span>
    </p>
   </div>
  </div>
 </body>
</html>
