1878 2724
355 153 405 199 538
833 136 1147 179 anstcffl

359 200 486 247 aliquot
499 195 661 245 particulae
672 194 738 228 iCtu
751 190 860 226 mallei
875 192 1078 228 colliduntur.
1104 200 1140 227 2⁰-
1165 191 1260 226 Hanc
1276 190 1374 226 totius
1386 189 1580 238 campanulae
1593 189 1759 241 particuli&

361 246 604 297 impreffionem
622 243 866 278 communicant
879 270 889 284 ‚
912 243 995 276 unde
1016 240 1157 288 sequitur
1171 242 1312 288 partium
1339 237 1531 275 sensibilium
1555 241 1698 276 fremitus
1722 247 1768 279 &v

362 297 498 343 agitatio
513 323 521 337 ,
538 306 635 341 quam
651 293 786 326 materia
801 291 844 325 sui
863 289 971 326 limilis
987 319 996 333 ‚
1016 302 1075 325 nec
1092 289 1233 325 multum
1251 288 1345 324 densa
1368 286 1485 325 efficit.
1507 291 1653 340 Figuram
1672 299 1758 338 pene

362 338 490 379 ovalem
502 342 691 391 campanula
706 340 826 376 malleo
840 339 978 389 perculsi
996 339 1100 374 induit
1112 369 1121 382 ‚
1141 344 1174 376 δέ
1189 351 1296 387 partes
1311 339 1385 373 loco
1403 336 1457 373 suo
1471 338 1604 374 dimotae
1623 340 1758 388 pristinae

362 394 465 443 figurae
481 392 572 427 reddi
584 391 761 427 affectant:
782 391 870 437 quod
887 392 1000 437 utique
1023 402 1088 424 non
1103 388 1139 424 fit
1164 400 1242 423 citra
1264 389 1408 436 aliquem
1426 389 1608 436 impetum:
1624 389 1706 422 adeo
1721 399 1760 423 ut

360 440 552 491 compreffio
568 441 609 476 ab
627 453 663 475 ea
674 451 765 489 parte
781 451 851 487 quae
866 439 986 473 malleo
1002 437 1141 486 perculsa
1162 437 1224 472 fuir
1235 467 1244 481 ‚
1260 439 1413 485 incipiat,
1427 440 1504 473 &in
1523 438 1621 472 latera
1637 435 1760 472 diffun-

360 493 472 527 datur:
490 491 578 539 quod
591 493 669 525 citra
684 488 811 524 crebras
830 488 1031 523 vibrationes
1045 518 1053 531 ,
1068 487 1118 522 seu
1131 487 1236 535 plures
1260 489 1323 522 itus
1344 491 1377 523 &
1398 488 1518 521 reditus
1531 500 1596 522 non
1612 486 1757 523 efficitur.

359 543 446 577 Hinc
479 552 589 575 motus
617 542 648 574 iu
678 551 784 587 partes
809 549 923 573 ornnes
949 549 1111 572 commeat
1132 553 1141 580 ;
1178 536 1253 572 hinc
1281 535 1385 570 crebri
1414 535 1562 571 fremitus
1586 565 1596 580 ‚
1627 541 1659 571 δι
1697 548 1759 570 un-

357 591 540 625 dolationes
552 620 560 634 ‚
580 588 691 637 quales
705 591 737 624 in
758 587 877 635 scypho
890 599 972 634 aqua
991 586 1088 635 pleno
1097 588 1256 621 cernimus
1270 614 1280 630 ,
1293 586 1370 620 dum
1392 587 1570 633 marginem
1585 586 1689 634 digito
1703 596 1759 619 ce-

359 640 453 675 lerius
466 651 558 674 moto
570 640 758 687 premimus,
788 640 831 673 Ex
851 636 903 670 illa
920 639 1059 684 partium
1074 635 1284 670 undulatione
1295 646 1403 670 motus
1416 633 1642 681 particularum
1655 632 1760 681 inse-n-

360 688 496 724 sibilium
510 691 626 723 iterum
638 688 799 736 gignitur,
823 698 893 733 quae
910 685 1034 720 elaterii
1055 687 1087 720 vi
1105 684 1278 720 fleetuntur
1295 690 1328 722 ἅτ
1348 683 1577 728 restituuntur,
1599 694 1698 731 atque
1719 693 1759 717 ea

360 738 528 774 celeritate
541 749 652 771 aerem
665 737 787 772 feriunt
799 764 808 778 ,
826 747 898 783 quae
913 734 1027 770 sonum
1041 734 1136 783 poffit
1149 733 1291 770 efficere.
1714 738 1726 762 -'
1758 736 1763 742 '

396 790 475 824 Non
490 786 631 822 diffimili
647 787 774 820 ratione
791 784 869 820 fides
887 785 1048 820 testudinis
1059 785 1135 819 dum
1152 785 1366 833 stringuntur,
1378 781 1500 831 seipsas
1511 781 1758 831 quodammodo

361 838 543 885 percutiunt
561 850 568 870 :
583 848 657 870 nam
667 832 764 870 tensae
776 864 786 878 ,
801 845 870 868 tum
886 834 1015 880 pristino
1033 833 1126 868 statui
1136 834 1269 868 redditae
1280 831 1396 867 subitas
1408 837 1442 868 ὃ(
1457 833 1762 880 repetitas-partium?

360 885 561 921 vibrationes
585 883 731 919 efficiunt
746 912 755 926 ,
779 895 818 917 ex
832 882 952 930 quibus
970 882 1133 929 particulae
1155 882 1227 929 ipsae
1250 885 1367 916 attritae
1387 910 1396 923 ,
1415 887 1448 917 &
1462 882 1611 916 celeriter
1627 883 1761 930 agitatae·

361 936 499 970 candem
509 931 748 981 impressionem
763 934 827 967 aeri
845 933 1097 966 communicant.
1127 931 1248 964 Eadem
1263 942 1345 978 pene
1367 930 1413 964 est
1434 931 1518 964 ratio
1531 930 1647 977 plcetri
1665 928 1762 975 quod¹

357 985 503 1032 repetitis
523 982 642 1017 ustibus
659 981 814 1016 chordam
837 981 939 1014 trahit
953 986 986 1016 δε
998 980 1144 1014 extendit
1160 992 1167 1014 z
1184 991 1324 1025 cumque
1340 979 1455 1026 plestri
1474 974 1644 1013 denticulis
1658 989 1695 1011 ea
1713 976 1761 1012 se?

358 1033 388 1067 se
402 1030 616 1080 expedit,suas
628 1029 826 1064 vibrationes
837 1029 951 1063 itidem
970 1030 1108 1076 peragit.
1119 1030 1192 1063 Nec
1207 1026 1278 1061 solae
1299 1030 1406 1074 partifi
1423 1026 1624 1061 vibrationes
1637 1039 1709 1074 quae
1720 1029 1756 1062 in

359 1080 450 1117 tensis
471 1079 587 1116 fidibus
605 1081 692 1114 tastu
711 1077 781 1127 ipso
808 1079 1033 1126 percipiuntur
1047 1106 1056 1120 ,
1074 1077 1186 1111 sonum
1204 1074 1349 1110 efficiunt
1366 1090 1373 1111 :
1391 1088 1434 1110 ea:
1451 1077 1576 1124 quippe
1597 1074 1670 1110 sunt
1691 1087 1756 1110 tar-

357 1129 528 1167 diores:sed
539 1128 701 1179 particulae
717 1126 787 1175 ipsae
802 1126 968 1161 celerrime
981 1137 1156 1162 commotce
1166 1126 1242 1160 dum
1253 1136 1362 1160 aerem
1376 1124 1621 1168 feriunt,sonum
1633 1122 1756 1169 creant.

396 1183 500 1215 Sonus
513 1177 696 1214 successivus
707 1179 812 1226 gravis
831 1177 873 1211 est
890 1178 922 1211 in
934 1189 1014 1211 voce
1025 1178 1100 1213 &in
1114 1175 1209 1210 tuba:
1228 1174 1394 1210 interdum
1408 1175 1450 1209 est
1467 1173 1607 1223 asperior
1620 1203 1630 1217 ‚
1649 1185 1684 1208 ut
1694 1175 1762 1221 ”qui

359 1229 484 1278 plectro
494 1228 626 1264 celerius
638 1239 732 1263 moto
743 1228 935 1276 percipitur,
956 1239 1028 1264 cum
1046 1225 1164 1260 scilicet
1183 1225 1262 1259 ictus
1285 1222 1340 1272 ipfi
1361 1229 1395 1261 &
1407 1223 1619 1258 vehementes
1633 1222 1705 1257 sunt
1721 1228 1763 1259 δε)

361 1278 540 1315 celeriores.
564 1274 930 1325 Qandopercuffiones
952 1274 1072 1309 crebrae
1097 1274 1230 1321 quidem
1258 1272 1328 1308 sunt
1346 1301 1356 1315 ‚
1387 1272 1438 1307 sed
1461 1286 1527 1307 non
1545 1273 1630 1307 adeo
1652 1271 1759 1306 vehea·

360 1339 485 1363 mentes
496 1358 504 1371 ,
515 1340 551 1362 ut
568 1330 599 1361 in
612 1325 692 1360 tibia
707 1354 715 1369 ,
727 1337 797 1360 tum
815 1323 928 1359 sonum
948 1321 1096 1358 efficiunt
1110 1324 1281 1359 leniorem.
1299 1325 1362 1357 Aer
1379 1324 1502 1370 quippe
1514 1334 1569 1370 per
1580 1323 1761 1367 arctiorem·

360 1380 475 1412 rimam
487 1376 636 1426 impulsus
648 1405 656 1419 ,
672 1377 705 1410 in
723 1376 830 1410 tenuis
851 1373 975 1409 laminae
989 1376 1094 1408 aciem
1111 1373 1268 1422 impastus
1279 1401 1288 1414 ,
1310 1371 1479 1420 particulas
1494 1371 1648 1406 duntaxat
1669 1369 1761 1404 illius*

361 1427 437 1461 ferit
449 1456 458 1470 ,
473 1440 542 1475 qua:
554 1426 722 1460 celerrime
741 1435 1007 1459 commoventur:
1025 1435 1100 1458 nam
1117 1425 1150 1456 vi
1171 1424 1251 1456 aeris
1262 1419 1402 1468 impulsae
1414 1420 1518 1455 statim
1535 1418 1709 1454 fletstuntur
1719 1424 1760 1466 &v

360 1475 511 1511 resiliunt.
533 1478 613 1512 Non
627 1478 669 1508 ita
681 1473 770 1508 resse
785 1472 884 1508 habet
903 1475 937 1508 in
952 1472 1029 1508 sono
1047 1469 1195 1507 interciso
1211 1476 1242 1507 &
1254 1471 1357 1505 fracto
1368 1499 1377 1513 ‚
1394 1482 1468 1504 cum
1478 1468 1637 1517 particulae
1649 1466 1754 1503 infern

361 1524 464 1566 flbiles
476 1537 603 1561 motum
616 1526 753 1571 partium
764 1520 997 1570 subsequuntur
1011 1535 1019 1557 :
1031 1534 1100 1569 quae
1111 1520 1242 1569 quidem
1255 1532 1359 1569 partes
1370 1523 1508 1567 majores
1527 1517 1597 1554 sunt
1607 1529 1704 1564 quam
1717 1522 1760 1551 ut'

362 1578 552 1610 continuum
562 1574 673 1609 sonum
686 1572 836 1607 efficiant.
844 1575 880 1607 In
893 1573 1049 1607 continuo
1067 1573 1177 1618 itaque
1191 1569 1319 1614 &suavi
1334 1568 1412 1604 sono
1430 1567 1592 1618 particulae
1611 1566 1684 1610 solat
1699 1565 1754 1601 sae-

362 1628 431 1673 pius
454 1626 599 1659 immotis
624 1621 767 1671 partibus
788 1620 857 1669 ipsis
875 1633 1136 1657 commoventur.
1624 1622 1627 1638 ³

413 1675 491 1708 Hoc
510 1675 596 1708 enim
617 1672 658 1706 est
684 1671 870 1705 discriminis
898 1673 980 1706 inter
1007 1670 1102 1705 tibias
1123 1675 1156 1707 &
1185 1668 1249 1704 alia
1280 1666 1409 1704 Musicae
1431 1667 1643 1703 instrumenta
1659 1664 1754 1713 ,qimi

363 1736 404 1758 ex
424 1722 546 1771 spiritus
566 1719 727 1756 collisione
749 1720 862 1755 sonum
883 1734 949 1755 non
972 1732 1144 1769 procreant
1169 1749 1177 1763 ,
1201 1719 1287 1767 quod
1320 1718 1388 1753 haec
1421 1715 1618 1766 potiffimum
1635 1727 1754 1750 exmaa

363 1775 444 1807 teria
465 1770 509 1806 sui
540 1770 629 1806 simili
651 1775 736 1806 &ex
752 1769 904 1816 aequabili
926 1771 1066 1818 partium
1086 1780 1211 1804 textura
1244 1770 1311 1801 vim
1340 1767 1425 1803 suam
1452 1772 1484 1803 &
1512 1765 1751 1814 perfectionem

364 1822 532 1855 sortiantur
551 1850 558 1863 ,
581 1832 683 1865 eaque
705 1819 816 1853 sonum
839 1830 979 1866 augeant
998 1847 1007 1861 ,
1036 1831 1135 1864 quem
1163 1816 1263 1852 cfficit
1286 1816 1459 1850 solidorum
1485 1827 1654 1862 corporum
1677 1823 1752 1860 per-

362 1870 464 1903 cussio.
495 1870 558 1903 Sed
589 1871 621 1901 in
655 1867 743 1900 tibiis
774 1873 807 1902 &
834 1869 866 1901 in
898 1869 1109 1913 pneumaticis
1139 1867 1354 1899 instrumentis
1386 1863 1485 1911 figura
1518 1874 1643 1897 tantum
1672 1861 1750 1896 sono

363 1917 562 1953 reflectendo
578 1917 692 1950 idonea
711 1916 884 1960 requiritur
896 1942 905 1957 ‚
918 1914 1005 1948 nulla
1016 1916 1155 1948 materiae
1167 1911 1257 1960 ipsius
1278 1911 1533 1947 habitatatione.
1549 1913 1591 1946 Ex
1605 1911 1757 1958 quacum‘

362 1979 423 2015 que
436 1969 520 2001 enim
538 1963 800 2000 materiaconstet
810 1961 906 2005 tibia,
931 1964 1070 1997 eundem
1090 1963 1157 1996 fere
1177 1961 1288 1997 sonum
1303 1962 1370 1994 edit
1386 1975 1392 1995 :
1410 1962 1441 1995 in
1460 1959 1529 1994 aliis
1544 1961 1678 2007 quidem
1700 1961 1758 1994 in-'

361 2017 541 2052 strumentis
551 2025 655 2063 partes
670 2024 766 2047 motae
778 2011 946 2060 particulas
959 2011 1037 2058 ipsis
1050 2013 1235 2059 exagitant:
1256 2010 1330 2045 hinc
1343 2009 1435 2045 sonus
1450 2011 1555 2044 varius
1567 2010 1621 2052 est,
1632 2021 1666 2044 ut
1677 2020 1751 2057 par-

363 2078 409 2101 tes
424 2066 517 2099 variis
534 2063 639 2098 modis
656 2060 726 2096 sunt
749 2063 832 2106 inter
854 2059 883 2095 se
897 2061 1066 2096 devinetae.
1097 2061 1160 2095 Sed
1177 2060 1384 2095 instrumenta
1401 2059 1607 2107 pneumatica
1630 2071 1668 2092 ex
1685 2057 1752 2092 sola

361 2113 587 2163 particularum
600 2112 825 2145 commotione
840 2112 872 2145 in
890 2109 981 2156 ipsius
1004 2110 1204 2145 instrumenti
1224 2121 1306 2143 cavo
1325 2108 1435 2142 sonum
1453 2119 1635 2155 procreant.
1651 2109 1749 2142 Hunc

361 2167 439 2201 sonu
451 2164 530 2197 aeris
549 2160 669 2196 collisio
681 2158 795 2201 efficit,
807 2172 844 2194 ac
864 2159 962 2194 solam
977 2158 1063 2194 tibiae
1076 2170 1127 2193 aut
1146 2158 1216 2193 tubi
1228 2160 1403 2193 cavitatem
1423 2156 1651 2192 verberatznon
1662 2157 1754 2191 cnim'

361 2215 438 2250 alias
456 2223 560 2261 partes
574 2221 784 2245 commovere
797 2209 919 2256 potest:
938 2208 1012 2242 hinc
1031 2207 1117 2242 tibiae
1131 2214 1245 2242 omnes
1267 2205 1410 2257 ejusdem
1424 2206 1654 2254 magnitudinis
1668 2206 1748 2239 'eun-

360 2267 433 2298 dem
448 2273 531 2310 pene
544 2260 655 2295 sonum
667 2259 788 2294 edunt:
803 2258 875 2292 hinc
893 2259 990 2292 etiarn
1011 2257 1062 2292 vel
1081 2258 1169 2292 tactu
1183 2256 1250 2305 ipso
1267 2255 1463 2303 campanulce
1479 2267 1534 2288 aut
1549 2254 1677 2288 alterius
1696 2254 1747 2287 in-

361 2312 525 2347 strumenti
552 2307 725 2344 resonantis
740 2307 830 2342 sonus
845 2306 975 2348 sistitur,
997 2307 1084 2353 quod
1113 2309 1250 2355 partium
1267 2305 1435 2340 undula-tio
1461 2316 1497 2337 ea
1516 2305 1640 2337 ratione
1655 2301 1747 2335 cohi-

361 2362 485 2396 beatur.
507 2362 542 2393 In
565 2357 651 2393 tibiis
671 2370 736 2392 uon
763 2358 841 2392 item
857 2370 863 2391 :
878 2369 951 2391 nam
970 2357 1001 2389 iu
1023 2356 1070 2391 liis
1088 2355 1313 2402 particularem
1336 2365 1444 2388 motus
1468 2352 1487 2388 ἐι
1502 2353 1636 2400 pattium
1655 2361 1747 2385 motu

361 2424 426 2446 non
443 2409 562 2458 pendet
578 2421 585 2442 t
600 2419 698 2456 quate
708 2405 788 2443 tibia
805 2408 909 2443 tenuis
921 2404 974 2449 fit,
993 2417 1033 2440 an
1052 2404 1145 2441 crastin
1159 2404 1293 2454 perinde
1311 2403 1363 2440 est.
1380 2405 1416 2438 ln
1427 2403 1474 2438 his
1484 2399 1633 2436 omnibus
1653 2411 1747 2448 erga..

1877 828 1878 861 ⁴„
1870 286 1878 794 „**„——...-—=³2-r42.-—·-—.-—-.;-
