1878 2724
407 141 761 182 TR'ACTATUS
813 141 1134 182 SECUNDUS.
1394 145 1451 189 157

104 194 231 235 Verum
242 205 308 233 non
321 194 382 229 erit
390 194 532 231 alienum
540 193 638 243 paulo
646 191 774 228 uberius
791 193 823 227 id
833 191 936 241 ipsum
951 192 1111 241 explicare
1121 223 1133 238 ,
1147 193 1260 242 resque
1277 190 1320 227 ab
1335 191 1453 229 altiore

70 248 233 298 principio
250 245 377 280 videtur
399 244 602 279 deducenda.
629 244 810 277 Statuamus
832 243 946 289 itaque
960 242 1172 279 ‘fundamenti
1195 243 1269 277 loco
1287 242 1349 277 hoc
1372 245 1454 278 aeris

70 298 238 346 proprium
251 292 327 337 effe,
338 304 374 328 ut
383 293 510 328 dilatari
521 291 616 327 facile
631 296 664 328 &
674 292 845 339 comprimi
856 290 951 339 poffit
965 319 973 331 ,
983 292 1115 339 vimque
1126 292 1214 327 illam
1232 289 1356 339 semper
1371 295 1455 327 tueri

67 356 136 393 qua
157 354 293 392 corpora
302 341 322 378 ὲ
331 340 449 390 quibus
459 341 684 389 comprimitur
693 368 703 384 ,
717 339 738 376 a
749 340 782 375 se
794 339 953 389 repellere
966 342 1081 375 nititur
1091 369 1100 384 ,
1117 342 1222 377 donec
1235 342 1380 375 nativam
1399 353 1456 375 ex-

70 391 249 430 tensionem
264 390 321 427 fibi
333 392 514 426 restituerit.
530 389 632 436 Qod
646 389 788 424 dilucide
807 388 949 437 explicat
968 390 1012 424 D.
1033 391 1198 425 Marione
1211 391 1246 424 in
1259 391 1457 425 Tentamine

69 442 114 477 de
125 453 240 478 natura
249 443 331 476 aeris
340 451 441 488 nuper
454 440 544 474 edito
556 468 566 483 ,
578 439 635 474 ubi
647 437 810 486 permulta
821 437 1040 485 speculatione
1054 439 1154 487 digna
1166 467 1176 483 ‚
1193 450 1329 486 quaeque
1353 439 1374 474 ἐι
1394 452 1457 475 no.

69 489 122 527 bis
131 491 334 539 praetermitti
349 502 418 524 non
429 487 573 537 possunt,
588 486 656 522 fuse
667 487 851 535 pertractat:
870 487 954 521 Illud
975 489 1134 535 imprimis
1150 515 1160 531 ,
1173 488 1236 523 hoc
1253 489 1335 521 aeris
1356 487 1459 522 elate-

70 541 156 574 tium
169 568 179 583 ,
191 551 257 575 non
265 548 300 573 ut
312 537 434 585 reliqua
448 536 518 572 fere
529 535 684 583 paulatim
703 537 893 572 imminui&
905 534 1070 570 debilitari
1082 565 1091 580 ,
1108 535 1158 572 sed
1181 538 1268 571 idem
1281 536 1404 584 semper
1425 542 1459 574 ὃ(

73 588 223 624 constans
233 597 424 636 permanere
435 600 443 621 :
456 596 492 620 ut
505 587 540 620 in
556 583 702 633 sclopetis
716 585 932 632 pneumaticis
947 613 956 627 ‚
975 598 1009 619 v.
1036 583 1223 632 arquebufis
1236 582 1257 618 ὲ
1275 595 1352 619 vem
1364 612 1374 627 ,
1390 597 1458 619 cer-

73 648 153 673 nere
160 636 226 679 est‘,
236 647 309 682 quae
319 635 392 684 post
402 634 534 682 longum
553 634 708 682 temporis
716 632 850 682 spatium
863 634 979 668 eadem
988 635 1020 668 vi
1035 633 1185 681 globulos
1202 635 1377 677 emittunt,
1387 646 1422 668 ac
1440 633 1460 669 si

72 695 184 720 recens
199 694 255 718 aer
270 682 405 719 intrusus
426 680 544 719 fuisset»
564 707 570 710 -

109 735 176 769 Aer
189 743 286 781 porro
303 731 419 767 eadem
433 733 559 767 ratione
570 729 719 766 densatur
731 741 795 778 qua
810 728 1031 766 incumbentis
1049 733 1192 780 corporis
1204 732 1351 779 pondere
1373 745 1462 768 com.

71 783 234 832 primitur.
266 781 377 827 Qiate
386 779 407 815 si
416 782 500 816 aeris
514 780 618 816 moles
627 792 697 827 quae
708 780 728 816 ὲ
746 778 866 814 telluris
879 778 1045 828 superficie
1062 779 1223 828 usquead
1240 793 1400 817 extremos
1413 794 1463 816 at-

75 829 259 880 mosphaerae
273 829 392 864 limites
407 840 497 878 patet
510 859 519 873 ,
530 829 566 864 sit
578 829 681 864 levior
692 858 702 872 ,
723 841 793 863 tum
806 840 861 863 aer
868 839 961 863 terrae
973 831 1139 878 proximus
1152 832 1253 864 rarior
1262 843 1393 879 quoque
1410 831 1463 866 fu-

74 891 162 915 turus
179 879 234 916 est.
248 879 440 916 Unde-cum
449 880 485 914 in
499 878 687 914 batometro
696 888 758 912 ‘aer
769 888 831 912 una
845 889 920 912 cum
935 881 1095 913 mercurio
1109 879 1283 914 includitur
1295 910 1305 924 ‚
1322 891 1393 915 tum
1409 880 1463 916 ille

74 928 291 968 dilatatur-‚sc
300 930 545 963 mercuriumeo
559 925 658 974 usque
674 926 915 974 deprimit,dum
927 926 1062 962 inclusus
1077 939 1132 963 aer
1152 933 1186 965 &
1195 931 1371 964 mercurius
1383 943 1463 978 pen·-

75 977 136 1013 filis
146 989 220 1012 cum
236 987 387 1012 extremo
402 987 477 1011 aere
495 975 672 1012 librentur»
693 978 808 1024 Qate
826 973 847 1009 fi
860 979 1033 1011 mercurius
1044 988 1174 1013 maneat
1184 976 1310 1013 intubo
1327 977 1455 1028 suspen-

73 1022 122 1063 sus
138 1025 238 1073 usque
252 1027 292 1060 ad
311 1038 352 1072 14
361 1025 537 1075 digitorum
549 1025 753 1062 altitudinem
766 1051 776 1064 ,
789 1022 923 1059 inclusus
942 1037 997 1060 aer
1014 1025 1117 1061 altero
1137 1038 1231 1062 tanto
1245 1055 1254 1070 ‚
1273 1026 1327 1062 seu
1340 1028 1441 1076 duplo
1455 1057 1465 1072 ‚

74 1079 175 1110 rarior
182 1074 306 1109 futurus
321 1075 386 1119 est,
401 1086 501 1122 quam
518 1085 597 1110 ante
606 1076 865 1123 experimentum
875 1073 958 1110 fuit:
971 1086 1047 1110 cum
1064 1075 1149 1111 illius
1163 1076 1371 1112 condensatio
1382 1090 1466 1126 pon*-

75 1122 207 1159 deribus
221 1123 242 1158 ὲ
253 1122 371 1170 quibus
379 1124 538 1171 premitur
556 1121 873 1171 sirproportionalis.

115 1172 217 1219 Qod
235 1174 347 1219 utique
367 1173 463 1207 variis
477 1174 704 1221 experimentis
727 1172 815 1206 idem
835 1170 953 1206 author
963 1171 1145 1208 confirmat.-
1171 1174 1260 1208 Nam
1276 1172 1466 1211 baronietre

73 1237 124 1269 40
137 1222 244 1273 digitis
257 1219 327 1255 alto
347 1222 524 1255 mercurius
539 1222 579 1255 ad
597 1220 803 1255 altitudinem
821 1234 867 1263 27·
878 1220 1066 1267 ‘digitorum
1081 1233 1156 1255 cum
1179 1221 1300 1256 semiss'e
1321 1223 1466 1267 infusus²5

77 1272 205 1305 inv-erio
219 1268 299 1304 tubo
309 1271 350 1304 in
362 1281 423 1303 vas
438 1268 613 1317 ssibjestum
627 1268 829 1317 hydrargyro
839 1266 978 1311 -plaenum
991 1269 1032 1303 ad
1049 1268 1257 1304 altitudinem
1279 1283 1332 1318 14.
1345 1273 1468 1320 digito-

78 1330 150 1354 rum
164 1316 478 1367 suspensusmanfim
507 1320 631 1366 quique
648 1329 704 1353 aer
722 1329 818 1353 antea
831 1331 869 1354 124
883 1317 1004 1365 digitos
1014 1316 1088 1352 tubiv
1099 1329 1173 1353 curn
1192 1317 1314 1354 semiffe
1328 1333 1469 1370 occupa-

80 1368 138 1403 bat
149 1395 159 1410 ‚
171 1371 292 1416 jam·25-
301 1367 422 1414 digitos
438 1395 447 1409 ,
462 1367 561 1416 duplo
578 1365 854 1416 videlicetmagis
870 1366 1019 1401 dilatatus
1032 1366 1196 1414 implevit.
1221 1370 1272 1402 Sic
1291 1368 1348 1403 ubi
1361 1385 1402 1415 24
1416 1383 1468 1406 ae-

81 1416 250 1465 ris=digiros
264 1418 296 1450 in
311 1416 393 1450 tubo
401 1414 796 1462 relinquebat‚metcurius
812 1415 850 1449 ad
860 1430 880 1459 7
890 1414 1007 1462 digitos
1045 1414 1148 1450 enfilis
1163 1415 1329 1460 manebat,
1341 1422 1397 1465 qui
1412 1419 1468 1454 sci-

82 1465 161 1501 licet
189 1476 263 1499 cum
289 1475 404 1511 quarta
422 1475 513 1511 parte
530 1465 680 1513 ponderis
699 1462 920 1513 atmosphaerae
936 1428 1135 1508 hbragatur,
1151 1476 1213 1499 tres
1236 1465 1379 1513 reliquos
1399 1468 1470 1502 tubi

82 1513 276 1562 quadrantes
286 1524 342 1547 aer
352 1510 485 1548 inclusus
495 1512 661 1561 replebat,
676 1515 735 1560 qui*
755 1524 822 1549 tum
831 1524 954 1558 etat¹33.
969 1513 1145 1562 digitorum
1153 1527 1172 1557 ‘,
1183 1519 1217 1550 δε
1228 1516 1261 1549 vi
1272 1514 1323 1550 sua
1340 1515 1469 1552 elastica

82 1562 242 1609 reliquum
255 1562 406 1610 ponderis
426 1562 644 1610 atmosphaerae
666 1561 868 1597 sustinebat.-

79 1626 84 1630 ·
112 1613 174 1646 vis
184 1613 296 1657 itaque
309 1613 388 1644 aeris
405 1609 536 1644 elastica
549 1639 558 1653 ‚
578 1621 634 1644 aut
650 1610 734 1645 illius
745 1611 1035 1654 condensatio‚vel
1050 1611 1197 1646 dilatatio
1208 1611 1337 1660 semper
1355 1615 1470 1649 eadem

84 1661 212 1694 tatione
223 1668 357 1707 augetur
366 1669 421 1693 aut
439 1660 591 1695 minuitur
604 1686 615 1702 ‚
634 1671 700 1706 qua
721 1657 849 1704 crescit,
868 1671 924 1696 aut
936 1661 1088 1696 minuitur
1113 1661 1240 1708 pondus
1256 1661 1471 1698 incumbentis

84 1711 178 1744 aeris.

119 1760 252 1804 Exquo
270 1756 406 1803 quidem
423 1756 524 1791 multa
537 1764 689 1792 eruuntur
700 1756 924 1805 problemata,
936 1771 1006 1806 quae
1026 1757 1108 1808 apud
1126 1758 1299 1800 authorem
1313 1759 1376 1808 legi
1390 1761 1472 1808 'pos-

84 1805 254 1842 sunt.Nec
270 1803 405 1839 difficile
419 1807 480 1840 erit
491 1808 640 1842 invenire
656 1807 698 1841 ad
720 1807 1048 1854 quamaltitudinem
1076 1819 1160 1854 aqua
1183 1810 1217 1842 in
1247 1807 1362 1844 tubum
1382 1822 1473 1858 parte

86 1856 208 1891 summa
215 1853 384 1897 occlusum,
395 1854 472 1889 dum
487 1856 511 1888 is
521 1856 734 1903 immergitur,
746 1854 896 1891 ascendat
919 1873 929 1900 ·‚
943 1857 965 1892 fi
979 1857 1104 1911 pondus
1118 1855 1332 1904 atmosphaerae
1341 1871 1372 1903 3²
1383 1872 1472 1905 aqua:

87 1904 208 1952 pedum
225 1903 398 1937 altitudine
423 1904 617 1948 metiamur,
639 1907 695 1952 qui
711 1916 876 1951 aequantur
901 1909 937 1943 28
957 1906 1066 1953 digitis
1085 1908 1242 1941 mercurii.
1280 1908 1380 1942 Unde
1399 1921 1472 1942 cnm

89 1953 230 1986 urinatot
240 1950 296 1986 sub
308 1963 463 1999 campana
480 1963 554 1986 aere
570 1952 666 2001 plena
679 1954 719 1987 ad
732 1967 769 1998 30
785 1954 902 2001 pedum
919 1953 1128 1989 altitudinem
1146 1957 1181 1990 in
1202 1966 1290 1990 mare
1299 1955 1473 2001 descendit,

91 2009 161 2033 tum
170 2011 225 2033 aer
238 2000 408 2035 dimidium
424 2011 550 2036 tantum
561 2003 674 2048 prioris
694 2002 759 2036 loci
769 2014 918 2050 occupat.
1098 2047 1102 2049 q

137 2050 182 2082 Ex
198 2049 234 2080 iis
248 2046 382 2081 efficitur
399 2051 431 2083 in
443 2048 629 2085 barometto
638 2053 830 2086 mercurium
842 2053 884 2086 ad
900 2052 1040 2089 eandem
1052 2051 1184 2101 semper
1196 2052 1401 2090 altitudinem
1415 2054 1475 2090 sus-

91 2097 201 2144 pendi,
214 2107 288 2129 cum
299 2093 481 2132 cubiculum
493 2098 539 2132 ita
553 2097 598 2131 est
608 2098 769 2135 occlusum
777 2129 787 2144 ,
797 2112 833 2135 ut
842 2112 991 2137 externus
1004 2114 1058 2137 aer
1072 2101 1178 2137 subire
1186 2115 1253 2138 non
1263 2101 1357 2151 poffit
1370 2105 1472 2139 :unde

91 2157 162 2192 quae
178 2143 276 2191 vulgo
288 2146 321 2178 in
341 2143 453 2179 scholis
463 2145 611 2181 adversus
624 2151 704 2182 aeris
712 2149 838 2197 pondus
854 2149 923 2185 fieri
939 2150 1042 2187 solent
1053 2162 1242 2200 argumenta
1254 2179 1264 2195 ‚
1276 2152 1391 2187 nullius
1404 2152 1475 2188 sunt

91 2195 264 2229 momenti.
279 2196 402 2228 Verum
417 2206 487 2241 quae
496 2197 618 2242 opponi
633 2196 759 2243 possunt
766 2199 891 2246 reliqua
903 2201 1079 2237 videamus.

144 2245 229 2292 Opp.
247 2256 274 2278 2.
291 2243 325 2292 Si
344 2243 468 2289 pondus
479 2245 598 2278 aerisin
618 2244 698 2280 tubo
712 2245 915 2294 suspenderet
933 2249 1167 2299 hydrargyrum
1178 2277 1187 2292 ‚
1205 2260 1271 2296 quo
1288 2251 1420 2297 gravior
1431 2249 1476 2284 es-

93 2290 140 2328 set
151 2303 205 2326 aet
215 2320 225 2335 ‚
238 2291 302 2325 hoc
311 2289 403 2325 altius
417 2291 621 2326 attolleretur
635 2293 865 2344 hydrargyrus:
884 2295 937 2332 sed
955 2302 1151 2334 contrarium
1168 2300 1357 2345 experimur.
1385 2300 1473 2334 Nam

96 2352 170 2374 aere
180 2340 294 2376 sereno
304 2339 398 2374 altius
409 2340 550 2376 ascendit
561 2340 774 2391 by-lrargyrus
784 2373 793 2388 ‚
803 2357 899 2391 quam
911 2345 1070 2389 nimboso,
1082 2357 1136 2380 aut
1144 2345 1255 2394 pluvio
1264 2345 1399 2390 coelo3&
1409 2360 1475 2394 quo

94 2388 223 2427 craffior
238 2388 280 2425 est
289 2400 345 2423 aer
355 2417 366 2434 ‚
377 2401 432 2426 aut
444 2388 651 2436 turbidior,ut
661 2390 762 2428 flante
770 2393 878 2430 austro
892 2422 903 2440 ‚
913 2394 975 2431 hoe
993 2397 1112 2447 minus¹
1123 2394 1265 2431 ascendit
1281 2398 1474 2444 mercurius:

1249 2446 1352 2491 Aaij
