1878 2724
571 142 596 177 P
610 140 638 177 A
652 141 685 177 R
694 141 715 175 S
743 143 774 177 T
782 143 806 178 E
817 140 887 178 RT
897 143 911 177 1
920 142 957 178 A.
1432 153 1452 182 ὅ

62 206 66 226 ε
90 192 176 227 &um
188 189 353 239 succingit,
362 191 544 238 proximum
556 189 616 225 effe
626 191 752 226 auditus
765 193 921 239 organum
934 205 942 226 ε
956 201 1031 226 nam
1039 190 1122 225 aeris
1133 192 1389 226 commotionem
1400 160 1474 241 p5er3.

88 240 218 275 fection
234 241 335 274 modo
344 241 464 288 excipit
473 267 482 283 ‚
499 251 598 287 quarn
608 238 804 275 membranae
817 252 889 286 quae
902 238 1026 274 canales
1038 240 1131 274 instar
1144 238 1413 276 semicirculorum
1425 246 1473 277 in-

88 285 190 323 flexos
206 287 360 325 obducit:
377 288 465 336 quod
484 290 506 322 ii
523 289 630 323 <inclitus
645 300 684 323 ex
699 299 835 336 utraque
859 300 951 336 parte
973 290 1077 335 aperti
1096 286 1235 324 liberum
1263 291 1328 323 aeri
1351 292 1471 326 exitum

86 336 255 384 Praebeant
267 365 276 379 ,
290 348 350 371 nec
362 336 551 372 membrana
561 349 631 384 quae
642 336 769 371 illorum
781 339 948 372 interiores
961 348 1065 384 partes
1078 339 1159 385 tegit
1168 365 1178 380 ,
1197 339 1277 372 aeris
1295 338 1472 386 impreffio-

87 396 162 420 nem
175 397 240 419 tam
249 387 422 420 commode
434 384 530 433 posfit
541 387 687 433 excipere
699 414 710 428 ,
728 397 763 419 ut
777 385 871 420 facile
891 397 1148 421 commoveatur.

120 435 158 467 In
169 433 302 482 piscibus
319 447 377 470 nec
390 446 582 482 tympanum
599 462 609 476 ‚
626 446 686 468 nec
697 431 1067 477 officula,neccoch1eae
1081 446 1134 469 aut
1153 434 1274 468 limacis
1295 434 1404 472 duetus
1420 439 1470 473 de.

85 481 244 529 prehendi
257 483 360 517 adhuc
369 494 503 531 potuere
517 496 525 518 z
539 486 573 517 in
586 482 740 531 plerisque
756 495 798 518 ne
815 494 984 517 externum
1003 484 1134 529 quidem
1151 483 1299 517 foramen
1316 497 1470 534 apparet,

84 542 145 578 per
156 531 242 578 quod
256 534 336 565 aeris
350 533 530 566 commotio
541 531 649 566 subeat
666 546 674 568 :
697 543 759 566 tres
772 532 883 566 ductus
902 530 1077 579 labyrinthi
1096 531 1343 567 semicirculares
1360 563 1370 577 ,
1388 548 1424 570 ut
1437 539 1470 572 in

84 578 200 614 avibus
214 581 373 615 interdum
388 591 557 615 cernuntur
571 609 581 623 ‚
593 582 626 614 in
643 580 800 615 nonnullis
812 581 876 615 duo
890 579 958 614 sunt
968 581 1208 616 tantummodo,

125 629 162 663 ln
176 630 291 663 intima
299 631 382 663 auris
393 631 534 663 cavitate
545 658 554 672 ‚
565 641 636 676 quae
650 627 852 677 labyrinthus
868 631 1040 672 vocitatur,
1055 630 1101 664 est
1114 641 1167 663 aer
1181 629 1237 663 ille
1251 629 1377 666 insitus:
1395 646 1469 669 nam

85 674 168 711 hunc
186 679 357 712 immotum
372 677 433 712 else
452 689 582 726 oportet
593 707 604 721 ‚
621 689 681 712 nec
697 690 770 712 cum
785 689 921 712 externo
941 690 1014 712 aere
1030 679 1273 712 communicare.
1338 682 1368 714 ui
1390 681 1469 717 vero

84 727 191 772 priore
203 725 296 774 specu
306 729 492 762 continetur
504 755 513 768 ,
527 729 560 761 in
572 728 638 774 jugi
651 724 739 760 fluxu
757 725 871 774 pofitus
890 726 931 760 est
942 755 951 769 ,
966 732 998 762 ὃ(
1014 739 1070 774 per
1088 727 1324 774 aquae-duCtum
1337 741 1409 764 cum
1429 742 1468 765 eo

84 786 183 821 quem
196 774 384 822 inspiramus
397 804 406 818 ,
424 777 657 810 communicat:
677 773 729 808 sed
745 777 786 809 de
808 774 935 809 auditus
959 787 1081 823 organo
1101 786 1237 811 tantum.
1259 775 1338 811 Illud
1359 780 1470 826 itaque

83 835 151 856 non
162 821 316 858 abhorret
333 822 353 858 a
369 822 528 858 verifimili
541 825 731 870 praecipuum
743 824 867 858 auditfis
879 836 1035 871 organum
1048 826 1082 858 in
1097 823 1285 872 labyrintho
1299 853 1308 868 ‚
1326 831 1360 862 &
1378 829 1470 863 vesti-

83 868 162 905 bulo
174 870 234 905 else
246 871 586 919 collocatum.Spiralis
600 873 687 905 enim
700 871 828 905 lamella
843 884 914 918 quae
929 872 1017 918 hujus
1035 871 1144 919 specfis
1162 872 1203 906 est
1220 885 1289 920 pars
1301 878 1470 924 praecipua,

82 919 162 953 dura
171 919 234 962 est,
250 919 371 968 fragilis
387 949 396 963 ,
412 923 524 962 tenuiS,
535 920 634 954 ficcaz
651 920 734 954 unde
745 920 960 956 &tremulum
975 931 1101 954 motum
1116 920 1210 956 facile
1223 924 1352 970 excipit.
1365 927 1470 960 Dein-

81 967 124 1001 de
137 979 242 1001 ramus
251 969 404 1004 acoustici
417 971 507 1005 nervi
526 981 599 1003 cum
617 968 656 1001 ad
666 967 763 1003 bafim
775 968 898 1003 limacis
913 981 966 1003 aut
978 968 1116 1003 cochleae
1133 972 1282 1017 pervenit
1295 999 1303 1012 ,
1318 973 1350 1006 in
1362 976 1469 1009 varios

82 1015 152 1051 abit
162 1015 300 1050 ramulos
313 1045 323 1059 ,
346 1023 379 1054 δε
401 1021 434 1053 in
449 1029 563 1053 omnes
582 1017 672 1064 hujus
690 1016 816 1052 laminae
829 1017 992 1051 anfraaus
1011 1016 1175 1065 spargitur.
1194 1020 1314 1065 Neque
1330 1032 1367 1054 ea
1382 1022 1468 1058 osseo

82 1063 187 1099 canali
205 1067 239 1099 in
265 1063 379 1112 spiram
394 1077 546 1101 contorto
561 1067 762 1113 immergitur
776 1093 786 1108 ‚
804 1064 855 1099 sed
873 1065 966 1113 scapo
987 1065 1127 1100 elimacis
1145 1079 1183 1100 ex
1201 1079 1262 1101 una
1280 1079 1370 1114 parte
1392 1070 1465 1106 infi-

82 1124 122 1147 xa
134 1141 144 1156 ‚
162 1125 201 1146 ex
218 1112 318 1147 altera
333 1117 423 1150 tenui
443 1112 674 1149 membranulae
692 1113 890 1162 agglutinata
907 1115 1148 1161 quodammodo
1167 1114 1292 1162 pensilis
1319 1122 1352 1153 δε
1382 1120 1468 1155 tensa

82 1173 181 1208 quam
191 1161 283 1197 facile
295 1162 436 1198 concuffi
447 1165 526 1197 aeris
540 1161 703 1196 fremitum
718 1164 856 1210 excipit:
870 1174 931 1196 nec
943 1162 1011 1196 fere
1032 1162 1093 1196 alia
1116 1164 1158 1197 est
1170 1167 1252 1198 ratio
1273 1164 1418 1202 vestibuli
1433 1175 1466 1206 &

82 1211 178 1244 trium
195 1210 353 1245 canalium
365 1215 456 1247 ratio.
479 1214 567 1248 Nam
585 1210 740 1245 hiductus
758 1212 791 1245 in
813 1209 925 1245 avibus
941 1216 974 1248 &
989 1209 1125 1259 piscibus
1144 1211 1247 1247 insunt
1260 1240 1271 1255 ,
1299 1226 1364 1250 non
1384 1218 1464 1254 item

77 1257 199 1293 lamina
211 1257 342 1306 spiralis.

120 1310 200 1342 Duae
223 1319 356 1354 quoque
369 1308 519 1343 auditorii
532 1310 624 1344 nervi
640 1312 831 1358 propagines
843 1308 996 1344 vestibuli
1008 1321 1122 1345 cavum
1137 1308 1273 1345 subeunt
1283 1339 1292 1354 ,
1312 1313 1344 1346 in
1358 1318 1467 1350 tenuia

81 1354 171 1389 velut
185 1355 318 1391 stamina
333 1361 366 1392 &
382 1357 620 1391 membranulas
637 1358 803 1405 explicatae
820 1359 972 1393 ductuum
987 1360 1137 1393 interiora
1152 1357 1329 1396 obducunt.
1345 1363 1390 1396 Ac
1408 1364 1465 1398 de-

81 1416 170 1450 mum
183 1404 216 1438 hi
227 1403 414 1440 semicirculi
423 1418 479 1453 per
491 1405 696 1441 substantiam
709 1418 811 1442 ratam
822 1412 854 1444 &
865 1407 1065 1456 spongiosam
1076 1406 1132 1444 offi
1144 1406 1272 1456 petroso
1282 1409 1464 1457 adhaerent,

79 1461 115 1486 ut
123 1451 220 1489 facili:
231 1454 253 1487 ii
263 1456 463 1490 commoveri
479 1465 611 1502 queant.

607 1551 828 1591 CAPUT
874 1534 916 1589 w

554 1649 610 1681 De
630 1649 700 1694 visu
718 1648 756 1685 (ῥ’
769 1650 860 1685 illius
869 1665 997 1701 organo.

81 1741 183 1825 M
193 1743 274 1781 Ulta
284 1746 367 1778 circa
380 1743 468 1779 visus
479 1757 634 1793 organum
648 1745 864 1794 speculatione
879 1747 976 1795 digna
992 1758 1167 1783 occurrunt.
1194 1751 1239 1784 Ac
1259 1749 1365 1797 primo
1385 1763 1462 1786 ocu-

195 1793 242 1827 lus
259 1792 418 1841 palpebris
441 1804 593 1840 tanquam
607 1794 685 1828 velis
705 1793 894 1838 obducitur,
908 1807 1044 1842 quarum
1061 1795 1199 1843 superior
1219 1797 1297 1846 saepe
1312 1800 1439 1834 nictitat
1451 1828 1462 1842 ,

80 1853 116 1876 ut
125 1842 258 1876 humore
270 1840 324 1875 suo
334 1841 468 1890 globum
480 1841 564 1875 oculi
575 1843 755 1877 identidem
769 1843 944 1891 perfundat
954 1872 964 1886 ,
981 1856 1084 1891 eaque
1105 1844 1168 1879 sola
1184 1846 1226 1880 est
1240 1845 1369 1881 mobilis
1383 1861 1390 1882 :
1404 1848 1464 1882 du-

81 1889 157 1937 plici
171 1889 309 1925 musculo
327 1891 487 1925 instruitur
508 1904 515 1925 :
539 1890 653 1926 horum
667 1904 746 1926 unus
761 1891 948 1940 palpebram
961 1893 1083 1927 attollit
1093 1921 1101 1935 ‚
1129 1893 1210 1929 alter
1235 1896 1398 1942 deprimit.
1423 1899 1461 1932 ln

79 1938 139 1973 hos
148 1937 301 1972 musculos
318 1950 385 1973 tum
395 1940 519 1985 quinti,
533 1950 601 1974 tum
616 1940 739 1989 septimi
751 1943 833 1988 paris
846 1940 971 1976 nervuli
988 1940 1181 1990 sparguntur.
1198 1944 1246 1978 Illi
1256 1949 1344 1992 juxta
1356 1946 1461 1979 varios

81 1989 181 2020 animi
196 1997 301 2020 motus
325 1985 492 2034 palpebras
509 1999 647 2023 movent
667 2002 675 2023 ς
695 1989 730 2023 hi
750 1988 826 2024 vero
844 1989 1067 2037 palpebrarum
1085 1996 1117 2027 ὃ(
1136 1993 1259 2026 aurium
1279 1991 1463 2028 consensum

82 2045 221 2070 tuentur.

121 2091 167 2118 2⁰.
177 2082 281 2116 Variis
295 2079 452 2128 glandulis
462 2108 470 2122 ,
485 2084 519 2116 δε
528 2080 605 2115 vafis
614 2085 799 2117 excretoriis
818 2087 1003 2120 muniuntur
1013 2085 1186 2134 palpebrae,
1198 2100 1274 2135 quas
1284 2091 1386 2124 Steno
1396 2101 1461 2124 non

79 2134 127 2166 ita
143 2131 268 2178 pridem
283 2130 419 2163 detexit.
434 2131 510 2164 Una
521 2141 558 2163 ex
573 2131 610 2163 iis
629 2130 670 2164 ab
680 2134 842 2166 exterioris
856 2134 960 2183 anguli
973 2146 1062 2180 parte
1078 2134 1235 2182 superiore
1257 2148 1325 2172 orta
1348 2137 1460 2186 palpe.

82 2179 154 2214 bras
164 2181 264 2227 cingit
278 2207 287 2220 ‚
308 2179 383 2214 &in
397 2179 499 2211 varios
518 2177 607 2212 velut
618 2177 745 2216 lobulos
755 2182 908 2230 discerpta
922 2181 998 2217 vasis
1009 2183 1212 2231 lymphaticis
1225 2213 1234 2227 ,
1249 2184 1300 2219 seu
1313 2197 1459 2220 excreto-

82 2231 134 2262 riis
147 2231 213 2263 vim
223 2226 342 2275 praebet
351 2255 360 2268 ,
375 2238 441 2272 <111ae
457 2227 597 2261 runisam
613 2229 796 2264 interiorem
808 2230 970 2279 palpebrae
983 2234 1076 2267 variis
1097 2233 1296 2267 foraminulis
1308 2246 1374 2268 non
1386 2234 1458 2269 lon-

81 2289 122 2324 ge
133 2275 154 2312 {t
166 2277 245 2311 ciliis
257 2275 458 2324 pertundunt*
472 2274 580 2309 Altera
595 2276 638 2310 est
650 2276 800 2324 glandula
813 2281 846 2314 in
864 2285 985 2325 majore
997 2310 1006 2323 ‚
1022 2279 1074 2314 seu
1091 2282 1242 2315 interiore
1255 2281 1336 2315 oculi
1354 2294 1457 2331 angu-

80 2325 115 2359 lo
124 2325 287 2373 conspicua
301 2354 310 2367 ,
345 2335 416 2370 quae
442 2322 620 2370 lacrymalis
636 2325 757 2362 dicitur.
767 2329 840 2363 Nec
853 2328 985 2363 dubium
1001 2329 1042 2363 est
1051 2331 1127 2375 quin
1140 2329 1256 2364 humor
1266 2342 1304 2364 ex
1317 2332 1352 2364 iis
1364 2331 1458 2379 glan-

80 2372 163 2410 dulis
172 2380 204 2412 &
216 2372 292 2409 vasis
308 2371 470 2423 irrigando
483 2371 578 2409 oculo
591 2376 793 2412 continenter
811 2375 962 2425 profluat.
975 2378 1060 2416 Cum
1075 2379 1199 2425 parcior
1210 2379 1252 2413 est
1263 2408 1272 2422 ‚
1290 2391 1355 2415 non
1366 2382 1391 2414 is
1405 2379 1457 2415 fa-

1118 2424 1243 2463 Bbbb
1270 2430 1291 2476 ij
