1878 2724
392 134 452 170 ως,
934 124 961 162 Ρ
986 124 1020 161 H
1042 124 1075 161 Y*
1096 125 1118 160 S
1140 123 1154 162 1
1176 122 1207 163 C
1227 124 1276 163 «Ε

910 222 941 258 C
968 223 998 258 A
1025 224 1047 260 P
1071 223 1107 262 U
1129 225 1160 261 T
1230 224 1287 261 11.

819 319 874 354 De
887 320 1070 371 pulmonum
1075 319 1206 368 fabrica
1227 319 1266 358 ὠ·
1279 323 1341 369 usta.

402 421 559 523 QUae
571 419 606 454 {it
618 417 809 467 pulmonum
818 416 988 454 substantia
997 422 1062 468 jam
1076 417 1217 454 dubitari
1234 433 1302 458 non
1314 419 1419 470 potest
1430 446 1440 462 ‚
1462 430 1501 455 ex
1520 431 1587 468 quo
1604 419 1781 457 Marcellus

501 469 696 518 Malpighius
710 469 743 503 in
757 470 838 503 ranis
850 469 989 516 primurn
1004 496 1014 511 ,
1028 480 1098 503 tum
1111 470 1145 503 in
1157 469 1287 518 reliquis
1300 468 1493 505 animalibus
1509 469 1679 517 pulmones
1694 481 1782 505 totos

399 521 459 557 elle
472 516 715 556 membranosos
729 544 739 559 ,
756 530 822 552 non
849 529 989 552 carneos¹
1001 518 1243 556 demonstravit.
1268 522 1382 566 Itaque
1394 518 1555 562 (inerms,
1568 521 1710 562 arterias,
1724 531 1784 554 ve-

399 583 469 613 nas,
480 568 621 618 lymphae
639 568 753 603 duetus
766 594 776 610 ,
788 571 822 603 &
843 565 979 602 tracheae
996 578 1101 602 ramos
1116 566 1273 603 sustuleris
1284 598 1292 612 ,
1307 568 1476 617 pulmones
1493 567 1575 602 nihil
1589 567 1659 603 sunt
1668 578 1783 615 praeter

399 619 609 655 veficularum
617 618 801 665 congeriem
811 644 820 660 ,
833 614 945 663 quales
963 616 1031 651 fere
1047 617 1081 652 in
1099 618 1183 651 ranis
1197 646 1207 660 ‚
1219 619 1312 654 nudis
1329 617 1428 652 oculis
1439 618 1556 651 intueri
1574 615 1660 652 licet.
1673 618 1784 664 Atque

400 669 449 704 hae
465 666 606 702 vesiculae
619 668 739 701 itaiunt
748 676 901 700 connexae
913 692 923 708 ,
940 676 976 700 ut
987 677 1042 700 aer
1053 676 1092 699 ex
1111 665 1219 714 aspera
1235 669 1352 702 arteria
1369 668 1404 701 in
1418 677 1471 700 eas
1486 677 1672 709 commeet3
1690 666 1784 701 dein-

399 719 440 752 de
452 730 491 752 ex
501 716 569 751 aliis
579 718 613 750 in
634 715 711 749 alias
730 725 840 762 pateat
849 714 955 748 aditus
967 714 1090 758 ,donec
1102 716 1135 749 in
1147 727 1219 751 eam
1243 729 1314 764 quae
1328 715 1496 764 pulmones
1519 714 1662 750 involvit
1678 726 1785 749 mem·

400 766 535 801 branam
547 793 556 808 ,
568 776 682 800 omnes
691 762 852 799 definant:
871 767 948 810 quin
962 768 996 801 &
1008 762 1206 813 microscopii
1216 778 1280 813 ope
1294 776 1447 800 venarum
1460 768 1494 800 &
1507 764 1697 799 arteriarum
1714 774 1784 798 rete

400 815 565 863 quoddam
582 812 734 849 mirabile
752 814 892 847 cernitur
904 840 914 856 ‚
927 813 1015 859 quod
1033 812 1087 847 has
1104 813 1253 849 vesiculas
1269 815 1434 850 conneffit
1450 817 1484 850 δε
1500 814 1623 861 irrigat.

438 867 551 910 ltaque
576 861 692 910 asperae
708 863 831 896 arteriae
847 862 976 895 ramulis
1002 860 1118 896 infiniti
1136 874 1237 910 prope
1255 863 1357 898 lobuli
1376 861 1586 897 adnascuntur
1600 891 1609 905 ,
1628 871 1784 908 tanquam

401 925 534 948 uvarum
556 913 693 954 racemi,
704 922 840 958 quorum
853 909 1022 944 interstitia
1036 909 1236 946 membranae
1246 911 1287 946 ab
1306 914 1344 945 iis
1360 910 1479 946 lobulis
1496 922 1613 946 exortae
1624 910 1762 958 implent
1773 937 1784 954 ‚

403 974 471 1010 quae
488 959 565 996 vasis
582 960 697 994 itidem
707 959 851 1008 plurimis
867 957 1041 1006 conspersae
1053 971 1219 1007 apparent.
1667 971 1669 973 ¹

438 1010 542 1059 Qod
552 1009 572 1044 fi
582 1010 614 1044 in
625 1008 814 1056 pulmonem
828 1018 897 1042 tum
908 1018 1094 1055 exemptum
1104 1036 1116 1050 ,
1127 1020 1199 1042 cum
1220 1007 1325 1042 adhue
1347 1007 1432 1043 calet
1444 1036 1453 1051 ,
1478 1019 1599 1052 aquam
1628 1005 1782 1057 syphonis

401 1072 466 1108 ope
479 1071 535 1107 per
550 1059 698 1092 arteriam
713 1055 935 1104 pulmonalern
957 1058 1053 1090 toties
1074 1057 1236 1104 injeceris,
1253 1056 1358 1090 donec
1380 1056 1531 1106 sanguine
1548 1057 1637 1091 omni
1654 1057 1784 1105 expulso

401 1107 563 1157 pulmonis
587 1105 755 1142 substantia
779 1103 921 1139 albicans
939 1116 1112 1154 appareat,
1137 1110 1171 1142 &
1192 1104 1333 1154 expreffa
1357 1117 1442 1154 aqua
1473 1118 1528 1140 aer
1548 1108 1604 1153 per
1621 1106 1785 1141 tracheam

401 1155 575 1193 insufflatus
589 1160 621 1192 &
637 1153 798 1191 conclusus
808 1153 979 1202 pulmones
989 1153 1125 1202 impleat
1139 1183 1149 1198 ,
1161 1153 1311 1190 vesiculas
1326 1153 1403 1202 ipsas
1415 1157 1533 1191 intueri
1546 1152 1671 1195 licebit,
1682 1157 1785 1189 maxi-

400 1219 453 1242 me
471 1204 526 1240 ubi
541 1204 714 1253 pulmones
733 1202 878 1240 secueris.
895 1204 1008 1251 Qare
1022 1203 1213 1251 pulmonum
1231 1201 1398 1239 substantia
1415 1205 1504 1240 omni
1523 1216 1563 1238 ex
1578 1214 1669 1251 parte
1686 1204 1732 1238 est
1746 1202 1785 1238 fi-

400 1255 510 1290 stulosa
523 1271 531 1297 3
544 1265 648 1301 neque
662 1252 746 1288 aliud
760 1250 820 1287 esse
837 1252 964 1287 videtur
983 1264 1094 1301 praetet
1111 1264 1303 1288 contextum
1323 1252 1508 1289 tubulorum
1527 1254 1632 1288 omnis
1645 1254 1785 1301 generis,

401 1306 461 1352 qui
475 1303 635 1338 suntinter
649 1301 679 1337 se
697 1302 973 1349 continui‚quique
990 1313 1098 1336 aerem
1116 1314 1173 1350 per
1189 1302 1323 1337 tracheae
1345 1301 1482 1338 surculos
1494 1331 1503 1346 ‚
1523 1301 1707 1350 sanguinem
1728 1313 1786 1350 per

403 1365 501 1388 venas
521 1358 555 1389 &
567 1353 695 1386 arterias
708 1380 717 1395 ,
727 1349 853 1398 spiritus
868 1349 1020 1385 animales
1033 1363 1089 1399 per
1103 1352 1254 1386 nervulos
1265 1380 1273 1393 ‚
1286 1363 1324 1385 ex
1341 1351 1455 1397 quibus
1476 1362 1584 1386 motus
1598 1352 1704 1385 omnis
1721 1352 1785 1385 ini.

404 1405 484 1437 tium
497 1402 633 1445 ducitur,
648 1400 816 1450 lympham
829 1411 886 1447 per
899 1399 1009 1435 duetus
1018 1399 1235 1449 lymphaticos
1245 1399 1292 1434 ibi
1303 1401 1402 1436 etiam
1413 1400 1599 1450 conspicuos
1620 1410 1707 1434 certa
1733 1411 1786 1434 ra-

403 1454 494 1486 tione
510 1450 661 1485 deferunt
673 1449 713 1484 ad
725 1448 794 1485 usus
805 1451 879 1483 vitae
899 1447 1098 1485 neceffirios.

442 1504 546 1535 Venae
562 1505 595 1537 &
612 1501 733 1534 arteriae
750 1497 789 1532 sic
800 1497 934 1533 tracheae
953 1497 1090 1534 surculos
1102 1526 1112 1540 ,
1126 1497 1175 1533 seu
1186 1496 1341 1534 bronchia
1359 1499 1553 1533 comitantur
1568 1525 1578 1540 ‚
1599 1510 1633 1534 ut
1648 1498 1783 1534 tracheae

404 1549 511 1586 fistulae
528 1549 673 1584 medium
696 1548 820 1595 semper
842 1547 947 1582 locum
963 1559 1131 1595 occupent.
1163 1549 1226 1582 His
1243 1546 1446 1596 subjiciuntur
1461 1548 1594 1590 arteriae,
1615 1560 1706 1582 venae
1716 1547 1786 1583 sunt

403 1599 592 1647 superiores.
658 1597 720 1631 uod
739 1595 760 1631 fi
773 1608 880 1631 ceram
909 1596 1119 1644 liquefa&am
1147 1601 1182 1634 &
1204 1597 1281 1632 oleo
1314 1595 1542 1631 terebinthinae
1567 1596 1700 1632 dilutam
1713 1598 1716 1602 '
1727 1607 1785 1644 pet

405 1659 533 1683 truncos
558 1647 692 1682 tracheae
712 1675 722 1689 ,
740 1647 862 1681 arteriae
875 1650 909 1683 &
929 1658 1017 1681 venae
1031 1646 1229 1694 pulmonaris
1246 1648 1278 1680 in
1301 1646 1468 1694 pulmones
1491 1643 1636 1693 syphone
1651 1647 1785 1691 injicia3‚

403 1696 552 1731 vasorum
566 1695 704 1730 ramulos
717 1701 749 1732 &
768 1695 954 1730 strudfflram
970 1694 1091 1730 facilius
1103 1693 1289 1731 intueberis,
1306 1697 1353 1731 Ac
1366 1695 1405 1729 de
1416 1694 1547 1729 trachea
1562 1695 1695 1742 quidem
1706 1723 1716 1738 ‚
1734 1706 1788 1729 cu·

402 1751 451 1796 jus
466 1744 611 1781 vcficulae
626 1744 858 1792 pulmonum&
875 1742 975 1779 lobuli
986 1743 1057 1779 sunt
1074 1746 1266 1792 propagines
1277 1773 1285 1787 ,
1301 1748 1369 1792 jam
1380 1744 1532 1778 diximus.

440 1796 569 1828 Arteria
586 1795 816 1840 pneumonica‚
840 1805 879 1827 ex
892 1798 980 1840 cujus
999 1795 1093 1828 ramis
1111 1795 1143 1827 in
1165 1806 1297 1828 omnem
1317 1804 1441 1841 partem
1464 1789 1579 1826 diffiifis
1597 1791 1786 1838 pulmonum

404 1855 537 1891 quoque
551 1841 719 1876 substantia
734 1841 877 1883 constat,
892 1842 1033 1877 &dextro
1046 1842 1149 1875 cordis
1166 1841 1229 1875 sinn
1239 1841 1276 1875 fic
1288 1844 1320 1875 in
1330 1843 1407 1874 duos
1423 1842 1562 1888 primum
1578 1851 1682 1874 ramos
1693 1868 1702 1882 ‚
1716 1851 1785 1875 tum

405 1895 439 1926 in
451 1894 590 1926 minores
602 1890 783 1931 diducitur,
798 1900 832 1922 ut
841 1901 902 1922 una
916 1902 988 1923 cum
1006 1890 1143 1924 tracheae
1167 1889 1293 1924 surculis
1312 1889 1401 1922 velut
1416 1901 1510 1933 :equo
1526 1886 1607 1935 paffii
1627 1888 1756 1922 incedat
1774 1916 1785 1932 ,

406 1952 508 1987 eaque
523 1941 555 1973 in
568 1937 695 1972 lobulos
707 1943 739 1973 &
752 1936 943 1985 pulmonum
952 1937 1080 1971 cellulas
1090 1936 1297 1974 diffundatur.
1310 1939 1416 1984 Atque
1428 1936 1474 1970 ibi
1490 1949 1561 1971 cum
1580 1936 1706 1972 ramulis
1728 1949 1785 1972 ve.

406 2001 455 2024 nce
470 1988 665 2037 pulmonaris
678 1998 749 2034 quae
764 1988 796 2020 in
814 1984 962 2020 sinistrum
978 1987 1082 2020 cordis
1096 1987 1307 2021 ventriculum
1319 1985 1431 2021 definit
1441 2014 1452 2029 ‚
1471 1985 1652 2021 consociata
1667 2014 1676 2028 ‚
1693 1988 1784 2021 varie

406 2035 670 2072 commisceatur:
688 2035 771 2069 adeo
783 2036 1002 2082 utpraecipuus
1020 2035 1211 2083 pulmonum
1223 2034 1289 2071 usus
1306 2048 1344 2070 ex
1364 2035 1422 2071 hac
1440 2033 1586 2069 vasorum
1607 2032 1785 2083 dispositio.

407 2099 449 2123 ne
467 2085 577 2133 colligi
593 2083 706 2132 poffit,
721 2096 788 2130 quo
798 2082 920 2118 scilicet
929 2096 982 2118 aer
994 2083 1098 2119 vitalis
1118 2097 1174 2119 aut
1190 2084 1324 2119 nitrosus
1344 2097 1415 2119 cum
1433 2083 1580 2131 sanguine
1595 2083 1786 2130 permiscea-

409 2148 458 2171 tur
475 2164 482 2177 ‚
501 2137 547 2170 uti
560 2134 668 2182 postea
683 2134 800 2167 dicturi
824 2131 934 2166 sumus.
961 2134 999 2167 Et
1009 2133 1139 2180 quidem
1155 2134 1222 2168 haec
1241 2136 1358 2168 arteria
1375 2135 1479 2167 runica
1494 2132 1677 2175 masculari,
1697 2131 1784 2167 fibris

408 2187 558 2221 nimirum
579 2184 673 2218 reffls
688 2187 721 2218 &
738 2179 941 2215 circularibus
962 2183 1106 2217 insti-usta
1120 2210 1129 2224 ,
1147 2185 1194 2217 uti
1206 2183 1248 2217 de
1266 2183 1393 2217 trachea
1412 2183 1547 2216 dxximus
1560 2210 1569 2222 ‚
1581 2182 1712 2228 praedita
1725 2181 1784 2224 est,

409 2246 475 2281 quo
489 2232 608 2280 sanguis
626 2241 774 2278 urgeatur
798 2235 830 2266 &
849 2230 1034 2276 expellatur.
1065 2233 1154 2267 Nam
1175 2243 1209 2265 ut
1225 2243 1296 2279 pars
1314 2233 1435 2265 arteriae
1460 2230 1678 2274 contrahitur,
1695 2228 1783 2264 simul

407 2278 600 2317 anteriorem
618 2279 798 2327 languinem
810 2277 912 2326 pellit.
934 2280 1056 2314 Eaedem
1072 2279 1158 2314 fibrae
1169 2282 1200 2314 in
1220 2292 1309 2314 aorta
1324 2280 1392 2314 sunt
1409 2277 1595 2326 conspicuae.

439 2335 539 2365 Venae
553 2331 762 2377 pneumaticae
774 2356 783 2370 ,
797 2339 866 2373 quae
878 2329 909 2360 in
923 2326 1077 2362 sinistrum
1095 2330 1198 2363 cordis
1212 2327 1308 2363 {in-:m
1327 2328 1387 2362 sese
1398 2339 1564 2369 exonerat,
1580 2325 1704 2360 eaedem
1716 2325 1783 2361 sunt

411 2381 602 2429 propagines
621 2391 690 2427 qnae
710 2377 842 2415 artetiae.
856 2377 1003 2413 Laxiores
1023 2378 1157 2426 quidem
1176 2376 1244 2413 sunt
1265 2382 1330 2425 ejus
1349 2376 1436 2413 fibra:
1454 2377 1604 2412 mOtL'iCCS
1626 2378 1659 2410 in
1676 2377 1784 2412 tunica
