1878 2724
414 143 463 179 φρ.
972 130 1139 169 Pi-str
1151 131 1231 169 0AE

927 228 1166 278 CAPUT
1205 230 1277 265 vr.
1580 211 1692 270 ’.ει-ζ

932 325 989 362 De
1002 327 1114 375 inceffn
1133 326 1278 364 hominis.

413 424 567 510 Cli-ca
582 435 710 461 motum
719 421 954 474 progreffivum
967 424 999 459 id
1008 426 1096 461 τεᾶς
1110 423 1263 461 observat
1281 422 1462 462 Aristoteles
1475 451 1485 466 ‚
1500 435 1574 462 eum
1589 440 1656 463 non
1670 427 1738 464 fieri
1752 431 1802 465 εἰ.ι

502 484 549 508 tra
556 473 736 511 flexionem
746 473 903 521 aliquam.
915 476 953 509 ln
970 476 1061 509 omni
1072 487 1183 510 autern
1192 474 1339 510 flexione
1347 475 1390 509 est
1398 474 1553 522 puanum
1563 477 1728 524 quoddam
1743 481 1803 514 irn-
1841 480 1844 484 ’
1868 469 1869 476 ¹

412 535 543 558 motum
557 525 639 558 circa
651 525 739 572 quod
751 535 788 559 ut
798 535 946 559 centrum
960 535 1031 572 pars
1047 536 1119 571 quae
1136 523 1395 567 flectiturssranfit
1406 523 1427 559 ὲι
1437 525 1527 558 recto
1541 524 1598 560 situ
1615 528 1647 560 in
1657 538 1803 564 curvum.
1842 558 1846 562 .

411 574 466 608 Sic
481 571 589 609 femur
600 585 674 608 cum
684 585 796 609 trunco
806 574 839 607 in
848 574 1141 615 coxendice,&crus
1155 585 1228 608 cum
1243 572 1370 608 femore
1383 575 1415 607 in
1426 574 1563 621 poplite,
1574 586 1740 610 cumcrure
1754 587 1801 611 ta·
1845 575 1858 585 “”

412 621 458 657 lus
468 649 478 666 ,
493 623 549 669 qui
565 633 641 657 curn
663 623 750 657 calce
764 651 775 666 ‚
785 621 853 656 haec
873 634 947 657 cum
967 621 1048 657 tarso
1061 620 1157 656 tarsus
1170 622 1278 671 digitis
1290 623 1334 657 ita
1349 624 1607 667 committuntur,
1619 635 1655 659 ut
1671 623 1801 672 singulae

410 684 517 722 partes
529 673 613 707 inter
625 670 897 721 progrediendum
910 683 999 705 arcus
1018 670 1088 706 suos
1098 670 1294 708 describant.
1322 673 1411 706 Hinc
1429 670 1533 706 femur
1550 676 1632 706 circa
1645 674 1801 711 coxendi-

410 735 485 758 cem
495 723 648 765 vertitur,
667 727 700 758 &
715 723 762 756 ita
786 720 827 754 de
844 721 974 756 caetetis.
1004 722 1092 756 Hinc
1112 732 1164 756 rot
1180 719 1396 756 musculorum
1420 722 1474 767 qui
1491 720 1625 756 flestunt
1636 726 1670 758 &
1685 734 1801 759 exten-

410 772 492 807 dunt
509 774 677 818 apparatus
688 798 699 813 ,
719 780 772 805 tot
784 767 897 804 ossium
911 769 1151 804 articulationes
1162 799 1172 813 ,
1184 772 1218 805 in
1227 768 1344 816 quibus
1355 770 1530 804 rotundum
1540 772 1632 805 unius
1645 771 1801 819 caputsu-

411 821 547 868 perioris
565 818 666 855 finum
702 818 867 865 letumque
881 816 975 852 subit.
999 820 1070 866 Jam
1082 818 1144 853 illae
1158 817 1367 854 commiffurae
1387 818 1566 866 ligamentis
1593 830 1650 854 aut
1666 819 1799 856 vinculis

410 870 585 906 firmantur.
615 870 651 904 O
678 880 744 903 ium
757 870 863 915 capita
879 866 954 902 laevi
975 872 1009 903 ὅ(
1029 866 1152 902 lubrica
1174 867 1318 902 obdusta
1332 868 1517 916 cartilagine
1536 867 1689 915 {irmutuo
1705 871 1801 904 attri-

414 930 448 954 tu
459 918 528 953 sunt
539 919 657 953 tutiora
669 944 680 959 ,
689 921 724 953 &
741 916 866 951 facilius
884 927 1067 950 moventur.
1093 915 1169 952 ossa
1182 928 1262 952 vero
1272 915 1329 950 suis
1343 928 1478 963 quaeque
1489 918 1672 952 muniuntur
1684 917 1801 953 tuber-

411 967 576 1014 culis,quae
587 968 624 1000 iis
638 964 825 1001 firmitatem
836 971 868 1001 &
879 963 978 998 robur
986 965 1132 1012 praestant
1145 977 1186 1000 ne
1198 965 1386 1013 frangantur
1398 977 1452 999 aut
1468 965 1708 1009 luxerunQiod
1721 967 1801 1002 faci-

413 1016 444 1051 le
454 1016 635 1057 accideret,
654 1013 674 1048 si
688 1011 752 1048 ossa
769 1015 803 1048 in
814 1014 933 1060 punsto
947 1012 976 1047 se
991 1016 1229 1063 contingerent.
1248 1014 1376 1049 Deinde
1398 1016 1431 1048 in
1450 1013 1512 1061 ipsa
1526 1014 1653 1049 articuli
1667 1015 1799 1051 revolu-

411 1066 502 1100 tione
513 1065 683 1098 contaetus
694 1062 831 1098 tendinis
844 1074 917 1096 cum
936 1061 967 1096 su
993 1060 1101 1097 erficie
1121 1062 1281 1098 tuberculi
1291 1059 1392 1096 efficit
1407 1090 1418 1104 ,
1433 1074 1470 1096 ut
1483 1063 1583 1098 tendo
1599 1063 1618 1098 ὲ
1628 1074 1740 1098 centro
1749 1076 1800 1100 tu-

412 1112 534 1148 berculi
550 1111 714 1159 aequalitet
726 1111 830 1147 distet.
839 1113 892 1146 Sic
903 1074 1058 1145 musgulus
1073 1111 1129 1146 ille
1139 1114 1196 1159 qui
1209 1110 1367 1145 deltoides
1387 1113 1618 1159 vocitatur,per
1633 1111 1798 1148 membra.

409 1175 486 1198 nam
495 1159 698 1196 tendinosam
715 1158 854 1209 illigatur
867 1170 1014 1194 extremo
1029 1158 1188 1195 tuberculi
1202 1159 1272 1196 offis
1286 1160 1520 1196 humeri.Unde
1538 1158 1575 1195 fit
1584 1172 1620 1198 ut
1629 1158 1797 1198 brachium

410 1210 519 1246 attolli
529 1221 628 1257 queat
641 1238 650 1253 ,
666 1214 700 1246 δε
711 1209 904 1243 circumduci
914 1208 994 1242 ultra
1006 1207 1249 1253 semicirculum,
1260 1209 1375 1243 eadem
1384 1220 1537 1243 manente
1553 1210 1699 1244 distantia.
1715 1212 1799 1245 dite-

411 1261 529 1297 &ionis
540 1257 630 1305 ipsius
647 1255 778 1293 musculi
787 1256 928 1292 {icentro
940 1255 1098 1292 tuberculi
1116 1257 1251 1293 humeri.
1267 1258 1359 1292 Hinc
1372 1257 1455 1292 adeo
1470 1259 1519 1294 vis
1531 1258 1659 1293 trahens
1671 1260 1798 1295 ratione

411 1309 514 1346 vectis
526 1307 573 1341 est
587 1305 729 1354 ejusdem
745 1305 882 1341 roboris.

458 1371 491 1394 20
519 1358 608 1391 Hinc
627 1355 729 1402 liquet
748 1353 883 1403 gressum
902 1355 1042 1392 hominis
1058 1367 1094 1391 ut
1119 1357 1268 1391 omnium
1283 1353 1470 1390 animalium
1482 1353 1542 1394 efle
1561 1367 1686 1393 motum
1705 1370 1797 1394 com.

410 1404 623 1451 compositum
635 1416 674 1439 ex
685 1406 779 1437 variis
789 1404 981 1439 circulorum
994 1403 1194 1453 portionibus
1210 1404 1301 1453 super
1313 1402 1438 1439 diversa
1450 1415 1568 1441 centra.
1580 1406 1683 1453 Qod
1694 1406 1714 1442 si
1725 1407 1798 1443 nul-

410 1454 441 1490 la
454 1453 531 1490 esset
548 1457 580 1489 in
596 1465 682 1503 genu
697 1452 878 1487 articulatio
893 1482 903 1497 ,
918 1458 1040 1500 majore
1058 1455 1148 1488 velut
1159 1456 1278 1488 circino
1291 1466 1380 1488 arcus
1395 1452 1504 1487 circuli
1516 1453 1796 1500 describeretur,&

410 1504 600 1552 grallatorio
611 1514 718 1544 more,
731 1500 829 1550 vulgo
843 1514 921 1536 avec
932 1503 985 1535 des
1001 1502 1143 1550 e‘chaffi’s„
1154 1503 1388 1538 incederemus.

441 1560 482 1598 3⁰.
512 1551 596 1586 illud
614 1562 746 1598 quoque
760 1549 962 1585 manifestum
980 1551 1026 1585 est
1039 1555 1180 1599 corporis
1197 1563 1343 1587 truncum
1358 1564 1449 1587 terrae
1462 1551 1586 1600 semper
1598 1552 1638 1587 ad
1656 1565 1795 1602 perpen-

409 1601 548 1637 diculum
560 1599 695 1635 infistere
709 1614 717 1635 :
732 1612 805 1634 cum
822 1600 1031 1643 stamus,intet
1041 1600 1120 1634 duos
1138 1601 1236 1648 pedes
1252 1601 1340 1635 cadit
1356 1601 1627 1648 perpendiculum.

425 1653 469 1685 Ea
481 1648 561 1685 vero
569 1663 637 1684 non
655 1647 725 1683 sunt
736 1649 1002 1696 omittenda,quae
1013 1649 1033 1684 ὲ
1046 1649 1263 1685 Clar.Borello
1274 1651 1305 1684 in
1315 1662 1388 1684 earn
1400 1661 1469 1685 rem
1482 1648 1551 1684 sunt
1561 1648 1745 1685 observata„
1754 1664 1793 1687 ιο.

408 1699 593 1733 Instabilem
606 1697 666 1732 esse
680 1699 821 1732 erectam
832 1696 1004 1744 posituram
1017 1727 1026 1742 ‚
1037 1699 1123 1745 quod
1137 1697 1250 1734 offium
1263 1700 1367 1745 capita
1383 1701 1416 1733 in
1429 1699 1570 1733 articulis
1589 1697 1648 1734 sint
1661 1699 1794 1739 lubrica.

408 1748 508 1784 Unde
521 1760 592 1782 cum
602 1747 660 1781 stat
674 1745 788 1788 homo,
801 1747 983 1782 identidem
1000 1746 1181 1789 vacillat‚ac
1192 1746 1326 1782 subinde
1336 1746 1551 1782 musculorum
1565 1747 1694 1782 funibus
1708 1749 1793 1783 indi-

407 1809 464 1844 get
476 1826 484 1840 ‚
496 1797 552 1844 qui
566 1807 688 1830 errores
699 1797 859 1842 corrigant
871 1824 880 1839 ‚
893 1801 927 1832 &
941 1793 1059 1843 lapsum
1075 1796 1279 1843 prohibeant.
1293 1797 1366 1830 Nec
1376 1808 1490 1830 verum
1503 1796 1547 1830 est
1559 1797 1590 1829 id
1607 1795 1677 1831 fieri
1691 1799 1794 1832 actio-

409 1857 450 1880 ne
470 1847 576 1880 tonica
597 1844 845 1879 extendentium
858 1872 867 1886 ,
888 1849 921 1880 &
937 1843 1138 1879 fleaentium
1153 1843 1367 1879 musculorum
1382 1858 1390 1879 z
1415 1856 1488 1878 cum
1505 1846 1537 1879 in
1552 1856 1665 1879 omnes
1683 1857 1792 1892 partes

409 1893 477 1928 fieri
491 1892 595 1940 possit.
611 1895 700 1927 Tum
714 1891 892 1926 antrorsum
911 1894 1049 1926 cadimus
1067 1921 1076 1936 ‚
1094 1905 1168 1926 cum
1186 1904 1273 1926 crura
1287 1892 1391 1926 versus
1411 1893 1509 1938 pedes
1532 1898 1565 1928 &
1582 1892 1668 1940 spina
1687 1893 1790 1929 versus

407 1954 513 1990 genua
540 1939 698 1975 flectitur:
721 1952 797 1973 nam
815 1940 920 1973 femur
935 1943 1017 1974 circa
1033 1952 1118 1988 genu
1135 1939 1222 1975 fleffi
1237 1941 1368 1985 nequit:
1387 1939 1445 1974 soli
1459 1940 1639 1976 extensores
1654 1941 1792 1978 inclina-

408 1994 533 2025 tionem
548 1989 636 2036 pedis
665 1994 699 2023 ἂν
717 1989 811 2020 cruris
829 1988 1019 2035 impediunt.
1035 1991 1160 2023 Contra
1178 1988 1348 2023 retrorsum
1367 1988 1511 2023 cadimus
1525 1991 1609 2037 pede
1620 1991 1716 2026 nimis
1735 2003 1793 2027 ex-

407 2037 495 2075 tenso
505 2067 513 2080 ‚
528 2036 612 2072 flexo
632 2036 756 2071 femore
769 2039 849 2070 circa
859 2048 960 2084 genu,
981 2035 1111 2085 &spina
1128 2039 1161 2071 in
1173 2038 1310 2072 eandem
1322 2048 1445 2085 partem
1454 2038 1618 2073 reclinata.

443 2101 471 2124 2.
501 2085 590 2121 Cum
606 2085 740 2120 fallente
754 2085 887 2131 vestigio
904 2087 1045 2120 cadimus
1057 2115 1066 2129 ,
1078 2085 1109 2119 id
1121 2088 1154 2120 in
1167 2087 1324 2134 principio
1337 2098 1426 2120 motu
1437 2085 1474 2121 fit
1484 2088 1620 2122 tardiore
1631 2094 1665 2126 &
1678 2092 1710 2124 vi
1721 2092 1792 2125 exi-

406 2137 597 2186 gua.lncipit
607 2136 693 2169 enim
705 2145 810 2168 motus
822 2133 876 2167 ille
888 2134 1046 2168 circularis
1059 2137 1092 2169 in
1105 2136 1225 2182 puncto
1236 2137 1286 2169 cui
1297 2134 1790 2183 innitimur,ci.'1mquecircumfe-

406 2187 515 2220 rentia
532 2195 702 2232 perparum
719 2181 755 2216 sit
775 2184 806 2216 in
827 2181 947 2217 summa
958 2195 1049 2230 parte
1065 2183 1198 2218 declivis
1211 2212 1221 2226 ,
1236 2195 1341 2218 motus
1359 2183 1414 2217 ille
1427 2184 1473 2218 est
1491 2185 1664 2221 admodum
1673 2188 1788 2224 tardus:

408 2233 495 2269 unde
513 2236 618 2280 capite
629 2243 682 2265 aut
693 2233 824 2278 pestore
837 2231 876 2264 ad
896 2243 1020 2278 partem
1039 2231 1219 2280 oppositam
1238 2232 1440 2267 inclinationi
1452 2232 1619 2269 celerrime
1637 2234 1788 2270 transsato

408 2289 440 2319 Sc
458 2293 568 2316 centro
581 2281 745 2328 gravitatis
759 2291 932 2314 :minutato
949 2282 1035 2314 ruina
1046 2282 1192 2329 impediri
1203 2279 1298 2314 facile
1313 2280 1429 2325 potest.
1454 2283 1506 2315 Sic
1523 2294 1690 2317 extentum
1713 2282 1787 2317 bra-

405 2331 512 2366 chium
522 2330 562 2365 ad
581 2340 704 2378 partem
719 2327 897 2378 oppositam
907 2328 998 2364 lateri
1013 2332 1124 2365 ruenti
1138 2331 1238 2365 veffis
1260 2328 1333 2365 obit
1342 2330 1426 2364 vices
1439 2329 1541 2373 ‚adeo
1562 2343 1597 2367 ut
1621 2331 1785 2368 modicum
