1878 2724
340 150 397 182 50?-
633 131 1083 172 PHYSICAEPARS
1121 133 1415 174 SECUNDA-

340 186 440 223 solem
464 187 500 223 in
518 184 641 234 puncto
664 185 698 219 H
722 181 839 219 versari
861 211 871 228 ,
904 183 1041 232 angulus
1075 185 1100 218 B
1118 186 1140 219 F
1158 186 1193 219 H
1226 185 1412 222 distantiam
1435 184 1521 222 illius
1546 185 1589 222 ab
1614 195 1748 234 apogaeo

345 239 367 273 Β
387 266 396 282 ,
428 235 480 272 seu
501 233 698 269 anomaliarn
732 232 875 268 mediam
893 233 928 267 in
953 232 1093 268 zodiaco
1114 234 1254 269 ostendit
1288 246 1297 268 ε
1321 235 1459 284 angulus
1489 249 1568 272 vero
1596 237 1621 270 B
1642 236 1672 270 G
1693 236 1750 279 H,

343 289 397 337 qui
417 284 519 321 multo
531 284 637 317 minor
652 282 756 318 existit
768 292 980 332 apparentem
990 312 1001 327 ,
1013 280 1066 318 seu
1081 294 1197 329 veram
1208 284 1405 320 anomaliam
1415 286 1621 322 demonstrat.
1634 286 1748 334 Angu-

346 337 391 373 lus
406 335 540 369 demum
555 333 585 366 G
597 333 629 367 H
642 333 663 367 F
679 331 844 380 utriusque
856 331 1026 371 anomaliae
1046 332 1234 370 differentia
1251 335 1395 381 :equatio
1415 335 1520 371 futura
1537 336 1580 371 est
1591 347 1658 380 ‚teo
1676 336 1753 382 qui-¹

348 387 424 421 dem
450 384 556 418 minor
568 410 578 425 ‚
594 393 663 426 quo
684 384 802 430 majori
824 382 992 426 ‚diametro
1003 383 1069 425 EC
1087 413 1097 429 ,
1120 381 1184 418 five
1202 381 1449 430 utriqueabsidi
1467 385 1751 441 propiotfxistet:

347 435 432 469 adeo
442 441 478 468 ut
496 430 560 467 sole
574 431 627 466 vel
641 431 716 467 luna
725 433 758 467 in
769 432 900 482 punctis
912 436 944 470 D
955 438 988 469 &
1003 436 1026 468 Ε
1039 462 1049 477 ,
1066 434 1202 469 minoris
1218 430 1368 467 diametri
1380 462 1390 477 ,
1401 445 1472 481 quae
1484 435 1604 482 puncta
1630 433 1752 469 medix

348 482 562 534 longitudinis
582 481 747 527 dicuntur,
760 483 936 526 existente,
953 485 1137 530 aequatioF
1145 485 1180 519 D
1191 485 1222 518 G
1236 485 1379 519 maxima
1404 486 1584 531 contingat.
1610 482 1715 529 Qod
1731 481 1760 518 sir

348 532 393 570 sol
405 562 415 578 ,
426 543 480 567 aut
493 531 566 566 luna
583 529 782 580 superiorem
803 531 996 567 suat-orbita:
1008 534 1319 581 partemdecurmt,
1334 533 1456 568 tardius
1477 533 1557 570 fen-i
1574 533 1754 577 videbituq

350 595 388 620 ut
407 595 482 618 cum
497 579 639 616 versatur
657 584 693 617 in
708 583 830 630 puncto
845 583 899 618 H:
918 581 957 617 fic
971 585 1061 618 enirn
1077 581 1211 631 angulus
1226 585 1250 618 B
1261 583 1281 616 F
1293 585 1326 617 H
1338 611 1348 626 ,
1361 582 1457 631 longe
1467 587 1570 632 major
1583 583 1687 618 existit
1697 594 1756 617 an-

351 632 430 683 gulo
444 634 466 666 B
484 634 512 666 G
527 632 580 666 H:
594 630 648 665 ille
665 632 835 675 medium,v
847 632 900 666 hic
911 644 1024 667 verum
1040 632 1092 668 seu
1110 644 1324 681 apparentem
1338 644 1465 667 motum
1493 632 1640 668 exhibet.
1665 632 1756 667 Con·-

349 683 483 718 ttarium
505 683 619 715 evenit
633 693 705 716 curn
718 680 849 730 planeta
861 681 1054 718 inferiorem
1066 681 1127 717 suae
1144 681 1259 717 orbitae
1274 682 1644 732 portionem’perlustrat
1659 710 1668 725 ,
1685 692 1722 716 ut
1735 677 1762 716 ff

351 735 387 768 in
411 732 533 780 puncto
547 733 577 767 K
598 732 819 774 constituatur,
832 731 969 766 celerius
988 732 1139 781 progredi
1157 731 1328 780 apparebit
1341 760 1351 775 ,
1375 730 1439 766 s1ve
1453 732 1543 780 quod
1563 744 1658 767 terrae
1673 733 1704 766 G
1720 729 1758 766 fit

350 783 500 824 vicinior,
514 779 576 815 five
587 781 822 829 quodangulus
837 780 869 815 C
880 783 909 816 (Ξ
919 782 952 817 Κ
961 810 970 824 ‚
979 783 1038 828 qui
1049 793 1261 830 apparentem
1279 780 1351 815 solis
1360 792 1489 816 motum
1499 782 1680 825 dimetitur,
1691 780 1760 816 lon-

349 836 392 881 ge
407 835 508 879 major
525 829 582 874 fit,
602 835 636 866 δε
661 833 804 879 apertior
824 831 944 879 angulo
961 832 1077 875 CFK,
1101 832 1160 877 qui
1180 831 1325 865 medium
1340 829 1392 865 seu
1406 830 1603 878 aequabilern
1626 841 1756 866 motuni

352 878 496 921 exhibet.
516 883 630 915 Taceo
644 879 842 929 superiorem
856 879 1072 916 focuanon
1085 878 1147 915 esse
1158 877 1283 929 prorsus
1301 879 1509 915 immobilem
1525 896 1535 925 ς
1551 892 1657 928 neque
1668 882 1759 916 enim

352 937 560 979 apogaeorum
580 929 651 963 loca
669 932 702 964 in
717 930 834 964 eadem
846 929 984 965 statione
996 929 1059 965 fixa
1068 940 1274 978 permanent.
1295 933 1409 977 ltaque
1420 929 1497 965 licet
1509 932 1684 978 concipere
1697 931 1760 965 cir-

354 979 462 1016 culum
481 980 573 1014 radio
584 980 651 1013 GF
665 1008 674 1023 ,
691 984 726 1015 &
746 989 860 1014 centro
879 981 910 1014 G
925 978 1139 1028 descriptum,
1162 990 1261 1028 quem
1280 977 1373 1014 focus
1398 978 1489 1014 lento
1509 980 1643 1026 quidem
1665 991 1760 1015 motu

351 1033 441 1079 juxta
465 1028 580 1064 seriem
598 1027 760 1078 lignorum
774 1040 990 1077 peragrat-‚ac
1005 1027 1183 1064 tardiffime
1202 1029 1368 1063 inceditin
1383 1027 1455 1063 solis
1472 1027 1660 1072 orbita‚non
1669 1031 1760 1064 enim

354 1077 553 1116 absolvitur,
567 1076 622 1113 nifi
637 1077 771 1126 expleto
790 1091 879 1121 21029
889 1090 1050 1114 annorum
1061 1077 1176 1127 spatio.
1187 1080 1224 1112 In
1242 1077 1317 1112 luna
1330 1079 1424 1114 citius
1435 1089 1649 1126 promovetur
1661 1090 1670 1113 t
1683 1090 1760 1113 nam

353 1139 394 1173 79
405 1130 496 1163 annis
508 1139 545 1161 ac
561 1141 581 1171 7
604 1125 766 1162 mensibus
787 1125 966 1176 perficitur.
983 1127 1020 1162 Id
1039 1128 1171 1176 quidem
1183 1125 1340 1163 omnibus
1357 1126 1497 1176 planetis
1515 1139 1688 1163 commune
1698 1128 1762 1172 est,

358 1189 399 1213 ut
414 1177 505 1212 focus
515 1175 683 1226 stiperiorF
696 1175 731 1212 fit
743 1189 891 1212 centrum
907 1177 1028 1222 medii,
1057 1183 1091 1216 &
1113 1175 1282 1225 aequabilis
1301 1188 1408 1212 motus
1433 1193 1443 1221 3
1464 1178 1498 1211 in
1521 1175 1586 1212 sole
1604 1188 1704 1222 vero,
1723 1188 1762 1212 ac

356 1226 434 1261 'luna
444 1225 695 1274 globustelluris
709 1225 899 1262 inferiorern
913 1226 1062 1276 ellipseos
1077 1227 1189 1262 focum
1204 1224 1351 1262 obtinet.
1382 1226 1519 1273 Reliqui
1531 1226 1671 1275 planeta:
1688 1239 1763 1262 cum

359 1277 442 1309 circa
469 1274 572 1311 solem
593 1287 791 1311 moveantur
802 1305 812 1319 ,
832 1275 1024 1311 inferiorem
1052 1274 1203 1325 cujusque
1230 1274 1347 1309 orbitae
1372 1275 1482 1310 focum
1510 1274 1555 1310 sol
1579 1275 1764 1324 occupabit.

358 1326 434 1362 Nec
448 1326 664 1361 metuendum
684 1326 727 1360 est
745 1338 786 1360 ne
800 1325 868 1361 haec
892 1323 1080 1373 hypothefi's
1103 1328 1136 1361 in
1152 1323 1218 1374 ipsa
1246 1324 1457 1360 Astronomiae
1472 1326 1625 1374 principia
1642 1326 1764 1374 impin.

361 1386 416 1423 gat
431 1403 441 1417 ,
459 1387 532 1410 cum
549 1373 663 1423 ellipsis
685 1372 721 1408 lit
742 1374 844 1423 figura
861 1373 997 1423 fimplex
1015 1404 1026 1418 ,
1043 1376 1092 1410 uti
1106 1374 1242 1409 circulus
1255 1403 1265 1418 ,
1280 1373 1337 1408 nisi
1354 1374 1443 1422 quod
1454 1373 1577 1422 duplici
1592 1386 1706 1410 centro
1727 1386 1765 1409 ac

360 1424 453 1458 radio
467 1424 657 1460 delineetur.
671 1426 794 1472 Neque
808 1425 843 1458 -id
856 1423 1028 1459 absurdum
1043 1424 1187 1460 futurum
1200 1423 1246 1457 est
1260 1452 1269 1466 ‚
1295 1421 1316 1456 fi
1333 1423 1473 1471 planetae
1487 1435 1597 1459 motus
1614 1428 1697 1459 circa
1712 1426 1766 1460 in-

361 1473 518 1509 seriorem
534 1473 648 1509 focum
663 1472 829 1520 inaequalis
845 1501 855 1514 ‚
867 1475 950 1507 circa
964 1473 1161 1523 superiorem
1171 1471 1546 1519 aequabilis-exiffat3non
1562 1475 1648 1509 enim
1661 1486 1766 1522 xqua-

349 1521 439 1565 ,bilis
464 1521 526 1558 effe
544 1523 653 1571 potest
669 1551 679 1565 ,
694 1521 714 1558 si
726 1536 797 1557 cum
814 1534 953 1569 utroque
969 1534 1187 1572 comparetur.
1205 1523 1347 1557 Omitto
1359 1533 1505 1557 centrum
1522 1523 1662 1571 epicycli
1679 1522 1765 1558 lunae

362 1574 398 1607 in
410 1571 511 1620 ellipfi
543 1573 646 1607 lunari
668 1571 787 1607 deferri
803 1602 812 1616 ‚
846 1577 880 1609 ὅ(
907 1585 1109 1621 unoquoque
1133 1572 1186 1606 die
1205 1571 1310 1618 13J'Gr.
1335 1585 1378 1607 10.
1403 1586 1440 1619 35
1467 1570 1627 1607 conficere
1652 1601 1662 1616 ‚
1692 1584 1766 1607 cum

364 1620 466 1669 duplo
485 1621 653 1656 velociore
675 1633 768 1656 motu
785 1621 859 1656 luna
874 1625 1040 1670 proprium
1060 1620 1243 1671 epicyclum
1262 1632 1442 1669 percurrat,
1462 1633 1498 1655 ac
1516 1620 1639 1670 lingulis
1654 1620 1767 1657 diebus

366 1683 413 1716 24
441 1671 496 1705 Gr.
514 1676 574 1708 η’.
589 1671 650 1718 54'.
675 1672 913 1720 progrediatur.
932 1672 997 1706 Sed
1021 1684 1132 1706 tamen
1158 1670 1222 1706 hoc
1244 1669 1395 1718 epicyclo
1415 1670 1564 1706 nonnihil
1587 1668 1768 1716 offendor,

365 1731 466 1766 atque
481 1732 632 1768 optarem
647 1732 684 1755 ut
700 1733 814 1754 omnes
831 1720 892 1754 illae
915 1718 994 1755 rota'e
1012 1720 1054 1755 ab
1071 1721 1282 1756 Astronomia
1295 1718 1476 1756 exalarent.
1490 1722 1568 1769 Jarn
1579 1718 1599 1753 fi
1617 1719 1765 1756 Cartefio

367 1766 529 1804 credimlis
541 1797 550 1811 ,
565 1769 644 1805 lunae
656 1768 799 1803 orbitam
813 1774 877 1816 ejus
898 1767 958 1803 effe
973 1770 1078 1818 figurae
1095 1767 1221 1804 necelse
1234 1767 1282 1801 est
1295 1796 1304 1810 ‚
1321 1779 1395 1801 cum
1409 1768 1451 1802 ab
1469 1781 1608 1816 utroque
1622 1774 1768 1811 terrae‚&

366 1817 485 1852 ‘Martis
497 1817 585 1853 coelo
596 1818 754 1853 hincinde
765 1830 937 1865 prematur.
951 1819 1053 1854 Unde
1070 1818 1145 1852 luna
1158 1816 1290 1850 celerius
1306 1827 1455 1850 movetur
1466 1845 1476 1860 ,
1495 1821 1529 1852 &
1555 1818 1659 1852 minus
1674 1817 1694 1853 a
1707 1831 1768 1853 no-

366 1864 419 1900 bis
435 1868 560 1902 recedit
571 1869 654 1901 circa
667 1869 915 1915 conjunctiones
925 1897 933 1910 ,
945 1873 978 1904 &
990 1865 1210 1916 oppositiones-
1221 1877 1293 1899 cum
1303 1862 1389 1908 sole,
1402 1877 1500 1912 quam
1514 1864 1619 1900 versus
1632 1866 1770 1914 quadra-

370 1925 477 1959 mras,
490 1915 547 1951 ubi
558 1916 645 1951 illius
657 1915 766 1950 orbita
786 1929 885 1965 magis
902 1919 1058 1961 excurrit,
1071 1922 1103 1953 δε
1117 1919 1252 1961 majores
1273 1912 1344 1949 sunt
1358 1913 1442 1950 illius
1459 1914 1642 1952 anomaliae.
1658 1917 1771 1965 Atque

369 1963 449 2000 hinc
466 1964 568 2001 multa
582 1965 708 2013 toiligit
727 1964 799 2000 satis
818 1965 997 2014 ingeniose.
1359 1978 1362 1981 ’

405 2023 448 2049 1⁰.
474 2016 571 2049 Lunae
583 2027 712 2049 motum
729 2016 923 2049 menstruum
943 2016 963 2051 {a
984 2026 1076 2050 motu
1098 2014 1220 2049 telluris
1243 2014 1360 2050 diurno
1376 2043 1385 2058 ,
1416 2013 1469 2049 seu
1491 2012 1511 2049 Ξῑ
1527 2017 1618 2063 parvi
1637 2014 1778 2049 vorticie

369 2064 534 2112 vertigine
553 2062 730 2112 proficisci:
749 2076 886 2110 cumque
904 2064 975 2099 luna
1000 2073 1041 2100 60
1055 2066 1179 2099 circiter
1198 2064 1443 2101 semidiametris
1465 2076 1555 2099 reriae
1570 2064 1589 2100 ἒι
1610 2062 1706 2099 nobis
1718 2064 1776 2097 di..

372 2112 431 2147 stet
447 2142 456 2156 ,
471 2126 537 2148 non
550 2114 668 2148 mirum
681 2112 727 2146 est
746 2112 767 2147 si
778 2116 861 2147 intra
875 2113 1020 2149 mensem
1032 2114 1248 2151 revolvatur:
1269 2127 1343 2149 cum
1365 2125 1448 2148 terra
1464 2111 1565 2161 spatio
1574 2114 1687 2147 diurno
1699 2125 1772 2147 mo-

374 2172 448 2196 tum
463 2161 551 2197 suum
565 2161 714 2197 absolvat
731 2176 738 2198 :
755 2176 829 2197 nam
848 2165 964 2199 eadem
983 2166 1197 2212 proportione
1210 2170 1310 2213 majus
1331 2163 1467 2213 spatium
1485 2162 1586 2198 habet
1602 2162 1772 2197 decurren⁴

376 2211 466 2248 dum.

413 2274 430 2296 z
464 2263 551 2297 Cum
564 2273 669 2297 motus
681 2261 761 2296 lunae
775 2265 891 2311 partim
905 2263 926 2298 ὲ.
946 2264 1067 2299 telluri<
1081 2267 1208 2300 minore
1231 2267 1355 2300 vortice
1366 2294 1375 2308 ‚
1399 2264 1515 2312 partim
1530 2260 1548 2295 a
1564 2260 1634 2295 solis
1652 2273 1773 2310 magno

375 2313 503 2347 vortice
521 2313 679 2360 pendeat,
699 2316 732 2348 ὃ(
749 2314 875 2352 utrique
892 2316 992 2360 aptari
1008 2314 1146 2357 debeat,
1163 2316 1223 2350 hin·
1251 2314 1446 2361 firmaeque
1459 2310 1512 2345 sub
1526 2311 1670 2358 ecliptica
1685 2339 1693 2353 ›
1711 2323 1772 2345 sse·

376 2372 441 2407 que
457 2359 511 2395 sub
523 2373 688 2409 aeqtiatote
704 2360 755 2395 hic
765 2373 869 2396 motus
887 2362 1082 2410 perficiatur.
1100 2367 1187 2399 Nam
1204 2362 1222 2396 si
1256 2364 1275 2397 d
1294 2362 1392 2397 solum
1405 2373 1493 2396 terra:
1506 2373 1629 2395 motum
1648 2359 1709 2393 sese
1717 2370 1771 2393 ac-

376 2410 621 2457 commodaret,
636 2412 688 2447 hic
701 2422 804 2447 motus
819 2410 912 2448 fieret
929 2410 985 2448 sub
999 2425 1174 2462 aequatore.
1192 2414 1291 2462 Qod
1305 2411 1326 2448 si
1337 2411 1357 2448 ὲ.
1370 2411 1438 2448 solo
1457 2411 1580 2446 vortice
1596 2409 1668 2447 solis
1688 2419 1771 2456 pen-
