1878 2724
82 174 238 224 angustius
249 203 259 218 ‚
274 173 489 224 &crystallini
507 172 607 209 facies
624 175 765 209 anterior
775 173 812 209 fit
824 173 998 222 globofior.
1017 174 1103 209 Cum
1123 186 1171 209 res
1190 144 1460 226 tenuissclangg.3

84 224 124 257 da
146 223 216 257 luce
234 223 370 271 perfusas
392 235 604 266 contuemur,
622 221 779 271 pupillam
804 223 1000 266 diducimus,
1014 234 1145 269 tumque
1162 237 1193 258 cr
1219 225 1333 259 stallini
1353 224 1456 274 figura.

106 270 210 307 lanior
225 270 363 306 efficitur
374 300 384 315 ‚
398 284 464 319 quo
473 272 526 308 lux
541 271 672 307 uberior
687 271 836 315 accedat,
849 284 886 305 ac
898 272 1059 306 radiorum
1071 239 1248 317 concursus,
1262 274 1312 308 seu
1327 274 1459 321 penicil-

83 283 184 355 finon
203 321 284 355 intra
298 325 436 356 vitreum
449 321 615 356 humorem
628 349 637 363 ,
651 319 701 354 sed
716 321 749 353 iri
766 318 868 354 fundo
882 320 966 354 oculi
979 319 1195 368 perficiantur.

124 370 287 414 Qaerirur
305 379 332 415 30
342 370 417 416 quid
435 371 468 404 in
479 369 567 404 causa
581 368 616 403 fit
629 380 681 402 cur
694 367 790 402 stellae
803 397 814 410 ‚
829 374 862 405 &
882 367 1010 403 accensa
1038 381 1176 416 quaeque
1192 369 1315 405 lumina
1334 372 1459 406 eminus

86 415 225 464 spe&ata
238 416 378 465 speciem
389 417 434 453 sui
445 418 541 466 longe
554 417 745 465 ampliorem
762 418 862 451 noctu
874 429 970 463 quam
981 418 1117 452 interdiu
1127 417 1284 466 spargant.

119 465 209 512 Reſjv.
232 467 266 500 Id
283 470 395 513 utique
418 469 549 502 evenire
577 465 630 500 vel
647 465 735 513 quod
759 467 919 513 apertiore
935 465 1052 514 pupilla
1067 467 1145 500 radii
1171 465 1298 501 luminis
1329 468 1459 514 excepti

84 518 240 562 majorem
252 518 286 551 in
304 515 403 551 fundo
419 514 504 549 oculi
515 516 688 562 imaginem
704 525 813 548 creent
823 543 833 557 ‚
852 525 906 548 aut
920 516 1028 549 retinae
1045 514 1197 550 nervulos
1208 515 1322 550 fortius
1335 515 1463 563 percel-

85 560 154 596 lant
167 579 176 607 ;
187 562 240 597 vel
253 565 339 611 quod
359 562 553 611 crystallinus
570 563 685 598 humor
701 574 769 597 tum
781 561 817 598 fir
831 565 932 610 magis
951 562 1169 612 complanatus
1184 563 1257 599 ;ve1
1276 565 1363 611 quod
1379 564 1459 597 radii

87 611 170 644 intra
188 612 325 647 vitreum
343 612 513 647 humorem
527 623 680 648 coeuntes
692 610 761 659 post
775 610 962 648 concursum
975 615 1009 648 in
1026 611 1216 660 ampliorem
1227 617 1260 649 ὃ(
1270 615 1369 660 magis
1380 624 1462 646 con-

86 657 186 693 fusam
197 657 379 709 spargantur
396 663 580 710 imaginem.

121 708 203 751 Sed,
222 711 343 757 inquies
355 738 364 754 ‚
382 709 426 745 sol
444 722 508 746 tam
524 708 634 758 procul
644 705 765 744 diffitus
779 736 790 752 ,
815 714 850 747 ὃς
866 708 970 744 libero
986 708 1114 758 aspedhi
1130 707 1231 754 visus,
1247 710 1351 746 nihilo
1360 714 1462 758 major

85 764 228 803 apparet.

111 805 197 853 Rcsp.
214 804 250 839 ld
261 804 348 840 forre
359 805 428 841 fieri
445 808 532 854 quod
543 819 599 855 per
616 804 863 855 angustiffimum
881 806 1032 841 foramen
1052 806 1105 840 lux
1120 805 1203 840 illius
1218 805 1346 840 admissa
1357 817 1463 854 partes

87 853 240 888 duntaxat
253 856 359 888 retinae
367 856 489 890 medias
500 884 510 899 ,
523 862 557 892 ὃς
569 858 619 890 axi
635 859 794 902 proximas
803 853 932 889 afficiat.
950 856 1062 890 Noetu
1076 866 1154 888 vero
1164 866 1236 889 cum
1245 854 1366 901 pupilla
1382 853 1466 888 dila-

90 912 191 944 tatur,
205 914 272 937 tum
281 902 362 936 radii
376 903 531 939 stellarum
545 903 641 938 lucidi
656 903 802 939 laterales
815 915 948 950 quoque
967 904 1076 936 retinae
1093 913 1148 937 aut
1169 902 1330 937 choroidis
1347 914 1466 937 nervu-

88 949 135 984 los
145 949 274 987 feriunt.
291 950 340 986 1².st
355 953 455 986 etiam
465 951 612 987 foramen
624 952 753 1000 pupillae
776 951 845 986 fere
856 952 953 985 instar
966 949 1161 986 infundibuli
1175 951 1325 986 nonnihil
1337 948 1467 999 depres-

88 997 174 1035 sum:
184 1011 322 1047 cumque
333 999 410 1035 illud
420 1001 606 1048 ampliatur,
627 1013 695 1035 tum
708 1012 792 1035 uvea
806 999 908 1033 versus
922 999 1076 1047 pupillam
1085 998 1234 1047 crispatur
1244 1028 1254 1043 ‚
1265 1005 1300 1036 &
1313 999 1464 1034 tenuibus

89 1046 179 1083 velut
192 1047 283 1095 plicis
301 1047 469 1095 asperatur.
491 1050 580 1084 Hinc
596 1061 662 1083 non
678 1048 779 1083 solum
789 1048 868 1081 radii
879 1060 935 1095 per
952 1058 1097 1094 apertum
1121 1047 1270 1082 foramen
1291 1049 1377 1082 recia
1391 1046 1468 1081 sub-

90 1107 168 1131 eunt
180 1123 190 1138 ,
205 1095 256 1130 sed
270 1095 373 1144 plures
383 1100 479 1132 etiam
495 1110 534 1132 ex
547 1096 659 1145 rugoso
670 1109 760 1131 uveae
774 1098 917 1144 margine
938 1095 1049 1131 reflexi
1062 1096 1101 1129 ad
1122 1098 1275 1130 interiora
1291 1095 1376 1130 oculi
1393 1106 1468 1143 pei·-

91 1146 246 1179 veniunt:
262 1157 399 1192 cumque
411 1158 448 1180 ex
459 1149 548 1181 omni
565 1157 656 1193 parte
669 1144 802 1180 reflexio
816 1142 873 1178 fiat
888 1172 898 1187 ,
911 1157 1031 1179 corona
1045 1144 1196 1190 quaedarn
1208 1144 1334 1179 luminis
1348 1156 1468 1191 corpo-

90 1195 117 1226 ti
133 1191 239 1228 lucido
256 1191 435 1241 affingitur:
453 1193 498 1229 sol
520 1207 596 1229 vero
611 1193 731 1229 nullam
746 1191 900 1241 ejusmodi
918 1205 1044 1227 comam
1064 1191 1179 1240 spargit
1194 1221 1203 1235 ‚
1226 1193 1312 1239 quod
1335 1192 1466 1226 didueta

90 1253 193 1285 uvea,
209 1254 246 1276 ac
259 1242 353 1277 nullis
365 1241 453 1289 plicis
469 1254 648 1290 corrugata,
660 1240 711 1276 sed
726 1243 889 1276 contracta
903 1242 1076 1276 admodum
1092 1241 1212 1289 pupilla
1222 1252 1380 1275 cernatur.
1397 1243 1468 1276 Tu-

91 1288 150 1324 bus
165 1292 289 1338 opticus
303 1290 384 1326 hanc
392 1291 486 1326 stellis
499 1292 602 1326 lucem
612 1292 827 1325 adventitiam
839 1290 997 1324 detrahit:
1013 1290 1116 1338 plures
1125 1293 1211 1325 enim
1223 1289 1327 1324 radios
1340 1301 1467 1324 antror-

93 1337 160 1373 sum
180 1340 321 1384 regerit3
339 1352 477 1386 cumque
493 1352 563 1388 pars
579 1351 700 1374 tantum
709 1339 817 1374 media
839 1340 914 1373 vitri
932 1339 1059 1374 deteaa
1077 1349 1207 1373 maneat
1224 1367 1234 1382 ‚
1254 1340 1309 1383 qui
1335 1336 1469 1373 subeunt

93 1388 190 1431 radii,
207 1386 276 1422 sunt
293 1386 466 1423 debiliores
481 1417 492 1432 ,
514 1401 611 1436 quam
625 1400 661 1423 ut
678 1388 852 1423 reflexione
873 1387 925 1421 sua
941 1389 1077 1422 retinam
1096 1386 1212 1435 possint
1225 1385 1363 1422 afficere.
1380 1389 1468 1422 Hinc

93 1435 188 1471 stellae
213 1435 308 1484 longe
334 1439 475 1472 minores
499 1437 579 1472 tubo
602 1438 754 1472 mediocri
776 1465 786 1479 ,
804 1449 901 1483 quam
921 1435 1023 1470 libero
1042 1435 1167 1484 asperim
1187 1447 1359 1470 cernuntur
1374 1449 1381 1470 ε
1394 1434 1472 1470 falsa

92 1486 182 1519 enirn
195 1484 263 1518 luce
282 1496 337 1532 per
347 1485 459 1521 tubum
471 1497 650 1522 exuuntur:
663 1499 698 1520 ac
709 1485 799 1520 stellae
810 1487 982 1520 viciniores
1006 1484 1086 1520 lunae
1107 1498 1172 1519 non
1190 1484 1394 1519 mediocriter
1411 1485 1471 1517 mi-

95 1545 249 1570 nuuntur:
267 1535 404 1569 retinam
417 1537 537 1582 quippe
556 1535 682 1568 fortiori
696 1534 765 1569 luce
780 1544 969 1580 occupatam
984 1532 1034 1567 lux
1045 1533 1100 1567 illa
1120 1533 1214 1567 stellis
1233 1545 1273 1566 ex
1293 1531 1471 1566 reflexione

96 1579 206 1616 afli-sta
219 1594 351 1616 movere
368 1595 432 1617 non
454 1584 567 1631 potest.
592 1585 643 1617 Sic
660 1582 734 1617 alba
756 1582 939 1618 &illustria
957 1594 1089 1629 quaeque
1108 1593 1243 1629 corpora
1264 1583 1388 1615 eminus
1407 1578 1472 1615 visa

99 1634 219 1679 majora
234 1642 409 1678 apparent:
430 1632 484 1666 vel
505 1635 579 1678 quia
600 1631 705 1679 plures
719 1631 797 1665 radii
814 1632 905 1665 citius
931 1631 1014 1664 intra
1031 1629 1158 1664 oculum
1181 1639 1368 1664 concurrunt
1381 1657 1391 1671 ‚
1414 1640 1473 1662 ne-

98 1691 163 1725 que
182 1679 221 1712 ad
242 1678 375 1714 fundum
405 1681 488 1714 oculi
502 1680 556 1715 nisi
570 1679 692 1715 confusi
705 1709 715 1724 ,
731 1686 764 1717 &
779 1679 872 1714 latius
888 1677 1011 1726 dispersi
1033 1678 1197 1726 appellunt
1213 1677 1288 1723 ;vel
1309 1680 1386 1725 quia
1404 1676 1475 1711 for-

100 1726 160 1762 tius
175 1726 316 1761 afficiunt
329 1731 466 1763 retinam
481 1735 530 1768 ,&
543 1731 659 1764 vicinas
672 1741 776 1776 partes
787 1730 820 1762 in
843 1727 956 1762 confer
963 1727 1029 1761 sum
1050 1727 1190 1763 trahunt.

131 1777 296 1822 Qaerirur
318 1784 358 1820 40
377 1778 544 1822 quomodo
565 1776 664 1825 figura
680 1775 828 1824 cujusque
850 1776 970 1821 objecti
987 1777 1189 1823 percipiatur.

128 1826 214 1872 Resp.
239 1828 290 1859 De
311 1826 356 1858 rei
369 1824 500 1860 visibilis
519 1826 619 1874 figura
636 1838 674 1860 ex
696 1826 779 1860 illius
797 1826 937 1873 imagine
959 1826 989 1859 in
1010 1824 1095 1857 oculi
1113 1823 1216 1859 fundo
1238 1823 1397 1858 delineata
1416 1835 1474 1858 nos

98 1874 236 1922 judicare
253 1885 293 1906 eo
318 1885 384 1919 quo
399 1874 519 1910 disitum
541 1875 587 1909 est
616 1875 716 1909 modo
741 1875 782 1909 de
799 1873 891 1908 rebus
908 1886 977 1921 quae
1004 1871 1081 1906 foris
1103 1872 1175 1907 sunt
1194 1872 1316 1920 pofitae,
1343 1884 1477 1918 quarum

101 1923 253 1969 imagines
276 1933 331 1966 per
349 1921 473 1956 obscuri
498 1923 657 1958 conclavis
676 1925 826 1971 exiguum
844 1922 993 1957 foramen
1015 1923 1101 1956 virro
1120 1933 1268 1956 convexo
1292 1918 1427 1954 admiffae
1445 1923 1479 1954 in

102 1967 245 2017 opposita
262 1967 380 2002 tabella
402 1973 631 2017 exprimuntur.
654 1972 753 2007 Unde
771 1977 805 2008 δε
829 1970 926 2018 figura
940 1972 1079 2005 variatur
1094 1982 1191 2017 penes
1206 1969 1276 2007 situs
1291 1980 1345 2003 aut
1361 1968 1480 2003 distan-

103 2021 154 2052 tiae
175 2015 398 2052 diversitatem.
417 2019 506 2052 Hinc
518 2031 587 2065 quae
598 2018 778 2064 spectantur
790 2022 914 2053 eminus
928 2047 937 2060 ‚
950 2018 1027 2052 licet
1040 2017 1125 2052 forte
1136 2019 1288 2063 quadrata
1307 2015 1365 2051 sint
1380 2021 1411 2052 δι
1426 2028 1482 2050 an-

103 2064 210 2114 gulosa
224 2093 232 2106 ,
246 2076 281 2099 ut
291 2065 426 2098 rotunda
439 2076 546 2101 tamen
564 2067 714 2101 videntur
731 2095 741 2109 ‚
757 2067 846 2113 quod
867 2066 1055 2114 angulorum
1074 2064 1273 2102 excursiones
1294 2065 1346 2099 vel
1367 2064 1480 2111 asperi⁴

104 2126 185 2150 tates
197 2113 338 2148 distantia
348 2112 455 2148 elidat.
472 2117 524 2149 Sic
545 2127 709 2158 convexa,
727 2126 781 2149 aut
801 2126 882 2150 cava
894 2127 929 2149 ut
945 2114 1147 2163 complanata
1161 2117 1349 2162 percipimus
1364 2127 1372 2147 ε
1392 2112 1478 2158 quod

104 2165 208 2197 omnis
222 2164 357 2208 partium
371 2163 571 2209 inaequalitas
590 2175 628 2197 ex
641 2162 911 2198 tantointervallo
921 2166 1046 2211 penitus
1064 2162 1242 2199 evanescat.
1269 2165 1359 2197 Hinc
1384 2160 1429 2194 sol
1447 2165 1481 2195 ἂι

104 2211 228 2258 reliqua
239 2208 353 2254 fidem,
364 2223 429 2246 non
446 2224 592 2247 convexa
603 2240 613 2254 ‚
627 2211 677 2246 sed
692 2211 786 2260 plana
804 2212 993 2258 judicantur.

143 2260 304 2305 Qaerirur
316 2273 362 2304 50.
376 2261 541 2306 quomodo
555 2272 661 2295 motus
677 2262 882 2308 percipiatur.

136 2310 218 2358 chsp.
239 2309 368 2343 Motum
383 2312 503 2358 percipi
519 2309 620 2345 velex
633 2308 723 2358 ipsius
735 2309 819 2345 oculi
835 2320 923 2344 motu
934 2337 943 2354 ‚
959 2309 1035 2344 dum
1050 2321 1118 2344 rem
1132 2307 1229 2342 visam
1247 2319 1284 2341 ex
1301 2307 1373 2341 loco
1388 2307 1421 2341 in
1435 2304 1483 2349 loq

1162 2357 1246 2392 cccc
1281 2357 1311 2403 iij
