1878 2724
418 123 492 151 170
738 110 1027 148 ,PHYSICAE
1079 111 1406 148 GENE'RALIS

410 158 468 194 bat
480 157 684 202 Aristoteles,
695 160 786 207 quod
798 163 900 207 majus
915 157 1096 208 sitpondus
1109 160 1254 202 folliculi
1272 161 1377 197 inflati
1395 190 1406 204 ,
1417 174 1516 210 quarn
1538 160 1560 197 si
1579 165 1670 198 omni
1686 175 1760 199 aere
1778 163 1815 201 fit

410 222 528 244 vacuus
543 224 550 246 ς
565 210 661 255 idque
673 209 902 256 experimento
916 220 1042 243 certum
1051 210 1109 246 est.
1119 211 1221 257 Atqui
1233 210 1254 245 fi
1265 223 1320 246 aer
1332 211 1414 246 levis
1430 210 1587 256 effet‚non
1601 214 1709 255 <gravis
1719 242 1728 257 ,
1747 226 1814 261 quo

409 262 512 306 magis
536 258 700 294 infliretur
717 256 899 300 folliculus,
917 257 980 292 hoc
994 260 1105 293 minus
1122 257 1262 294 haberet
1278 261 1431 308 ponderis
1457 275 1464 297 :
1484 268 1562 310 ergo
1579 252 1730 297 dubitare
1746 276 1816 300 non

409 307 572 356 possumus
583 309 662 354 quin
676 305 725 341 sua
734 308 800 341 aeri
823 307 954 342 constet
968 309 1112 357 gravitas
1125 337 1135 352 ‚
1159 307 1247 343 suum
1265 308 1340 344 insit
1359 311 1488 358 pondus
1504 326 1512 347 :
1530 324 1645 360 corpus
1665 314 1754 347 enim
1773 312 1814 347 li-

409 359 545 403 quidum
555 357 599 391 est
615 355 713 391 instat
726 369 835 402 aquae;
852 368 914 391 nec
928 357 998 392 fere
1009 357 1104 392 aliter
1114 370 1190 392 aves
1207 360 1239 394 in
1251 371 1325 393 aere
1337 388 1346 402 ‚
1360 372 1460 407 quam
1473 361 1573 409 pisces
1583 363 1616 397 in
1634 374 1720 410 aqua
1729 360 1816 397 susti-

408 417 525 442 nentur
540 435 551 449 ,
572 405 737 454 utriusque
752 405 872 441 scilicet
888 406 1006 454 liquidi
1047 407 1184 443 endere.

448 456 599 492 Secundo
612 484 622 499 ,
639 468 675 491 ut
691 468 763 504 pars
777 468 913 504 quaeque
923 458 1005 491 aeris
1018 421 1105 492 suam
1122 456 1224 492 habet
1239 458 1435 506 gravitatem
1449 487 1458 501 ‚
1473 470 1542 506 quae
1555 470 1592 494 ut
1604 460 1713 508 postea
1726 462 1816 497 dice-

408 519 480 544 mus
492 535 502 550 ,
519 506 587 540 fere
601 506 644 540 est
659 504 829 541 millesima
846 504 986 552 ejusdem
1001 506 1097 541 molis
1119 519 1214 554 aquae
1228 536 1237 551 ‚
1254 507 1293 542 fic
1308 518 1379 542 tota
1395 510 1478 541 aeris
1496 506 1592 543 massa
1609 508 1696 544 suum
1712 510 1816 546 habet

406 557 533 607 pondus
545 584 555 598 ,
565 555 656 603 quod
672 568 834 603 quantum
849 553 1001 604 fit,paulo
1015 557 1087 605 post
1103 556 1310 597 definiemus,
1324 557 1360 592 Id
1373 558 1509 593 interim
1525 557 1657 593 finitum
1668 558 1730 595 effe
1742 559 1815 595 satis

407 609 511 655 liquet
521 634 530 649 ‚
545 617 621 640 cum
633 607 714 641 aeris
725 603 817 640 finita
830 603 990 643 sitmoleS.
1001 608 1110 654 Atque
1127 617 1164 642 ut
1178 618 1263 654 aqua
1275 608 1392 642 oceani
1410 618 1531 642 terram
1553 606 1612 642 fibi
1631 606 1812 657 subjeetam

406 657 528 706 premit
540 683 550 698 ,
571 667 612 688 eo
624 655 760 702 quidem
771 657 894 704 magis,
915 667 982 703 quo
1003 655 1102 691 altior
1125 656 1168 690 est
1178 668 1192 699 ¹,
1219 655 1260 692 fic
1279 668 1332 692 aer
1346 667 1437 691 terrae
1463 655 1587 704 ubique
1603 658 1815 694 circumfusus

407 719 479 742 eam
496 706 619 753 premit
633 733 644 748 ‚
653 704 716 740 hoc
724 706 829 753 magis
840 732 851 748 ,
869 717 937 752 quo
955 704 1058 740 moles
1068 706 1150 740 aeris
1160 705 1256 742 altior
1269 707 1313 742 est
1328 720 1336 742 :
1353 717 1390 741 ut
1403 705 1539 742 fundum
1552 705 1632 743 vafis
1648 719 1734 755 aqua
1745 707 1816 751 fot-¹

409 759 469 792 tius
484 756 621 803 premit,
640 766 708 802 quo
721 753 818 789 altius
832 753 1006 790 attollitur.

441 806 573 847 Tertio,
589 804 664 840 hinc
674 803 803 838 constat
813 809 918 852 majus
928 802 990 839 effe
1004 807 1087 839 aeris
1098 805 1226 854 pondus
1237 805 1271 839 in
1288 806 1452 841 montium
1467 803 1644 848 radicibus,
1658 817 1760 853 quarn
1777 809 1811 843 in

407 868 520 891 eorum
535 856 617 903 Jugis
631 866 713 889 :non
723 853 817 888 aliter
832 865 932 901 atque
942 855 975 889 in
985 856 1112 903 ingenti
1127 854 1208 890 lanae
1223 867 1342 890 acervo
1354 866 1462 903 partes
1474 853 1594 890 infimae
1608 857 1712 904 magis
1722 868 1815 891 com-

405 908 587 954 primuntur
607 915 708 951 quam
730 901 920 951 superiores.
941 904 1052 950 Atque
1065 915 1102 938 ut
1121 905 1237 938 eadem
1251 903 1333 938 lanae
1361 904 1464 938 moles
1478 932 1488 947 ,
1507 916 1578 951 quae
1603 916 1672 939 erat
1689 908 1814 941 caeteris

407 954 552 1003 subje&a
563 981 573 995 ,
595 951 746 987 inlocum
757 952 908 987 altiorem
925 952 1076 988 transsata
1089 983 1098 997 ,
1109 955 1214 989 minus
1226 951 1326 1001 pressa
1335 952 1399 987 sese
1414 953 1558 1001 explicat
1571 982 1582 996 ‚
1602 958 1636 989 ὅ(
1653 959 1813 1002 majorem

408 1013 548 1052 occupat
560 1002 686 1037 locum:
703 1000 742 1036 fic
756 1003 845 1038 idem
857 1015 913 1037 aer
926 1004 985 1051 qui
997 1001 1094 1039 nobis
1102 1005 1269 1051 proximus
1287 1004 1388 1051 magis
1405 1003 1653 1051 comprirnitur,
1668 1001 1691 1037 si
1707 1007 1740 1038 in
1754 1005 1814 1039 ali-

407 1059 494 1101 quus
507 1050 647 1101 praecelsi
657 1053 779 1087 montis
790 1054 950 1088 verticem
964 1052 1176 1088 transferatur
1189 1081 1199 1096 ,
1218 1051 1280 1087 sese
1298 1055 1332 1087 in
1346 1051 1486 1100 amplius
1514 1050 1655 1099 spatium
1675 1052 1815 1101 explica-

409 1102 477 1145 bi't,
491 1102 582 1149 quod
596 1103 702 1136 minus
720 1100 762 1135 ab
782 1100 1000 1137 incumbentis
1013 1104 1097 1136 aeris
1112 1100 1200 1136 mole
1215 1103 1463 1150 comprimatur.

448 1153 527 1186 Hoc
538 1162 648 1186 autem
666 1152 927 1198 experimentum
939 1153 974 1186 in
986 1151 1149 1187 Arvernia
1164 1150 1290 1186 factum
1310 1148 1401 1186 fuisse
1412 1149 1432 1186 ὲ
1454 1152 1537 1186 Viro
1552 1148 1723 1186 clarissimo
1745 1155 1812 1199 jam

409 1200 561 1237 omnibus
577 1211 695 1235 notum
709 1201 762 1235 est.
781 1202 871 1236 Nam
882 1199 1044 1235 folliculus
1057 1213 1132 1236 aere
1152 1199 1345 1248 semiplenus
1363 1228 1373 1245 ,
1390 1205 1424 1236 &
1439 1199 1591 1236 flaccidus
1608 1202 1641 1234 in
1661 1191 1812 1236 montem

407 1253 604 1298 quingentas
618 1248 801 1296 hexapedas
811 1248 916 1284 altum
932 1248 1099 1284 transsatus
1112 1248 1554 1297 paulatimintumuit,donec
1573 1251 1607 1284 in
1624 1248 1693 1296 ipso
1709 1251 1813 1285 verti-

408 1312 446 1334 ce
470 1300 608 1333 omnino
623 1297 777 1332 distentus
797 1308 981 1346 appareret.
1001 1300 1056 1333 Sic
1071 1301 1159 1333 inter
1179 1297 1440 1333 descendendum
1457 1298 1613 1346 paulatim
1638 1298 1811 1343 detumuit,

409 1349 516 1384 donec
528 1350 561 1383 in
572 1349 636 1382 ima
647 1349 768 1382 montis
780 1359 873 1395 parte
884 1348 1022 1396 pristino
1033 1348 1126 1383 statui
1136 1345 1213 1382 effer
1223 1347 1388 1382 restitutus
1400 1362 1408 1384 ε
1420 1348 1509 1395 quod
1522 1350 1604 1382 aeris
1620 1347 1690 1382 fere
1706 1360 1742 1382 ut
1762 1347 1811 1383 la-

409 1411 458 1434 nae
473 1396 534 1433 sint
549 1395 708 1446 plicatiles
720 1396 883 1445 particulae
898 1403 931 1434 &
941 1395 1044 1446 pressu
1057 1393 1235 1433 faciles:sed
1247 1407 1360 1432 tamen
1373 1396 1478 1446 prelsae
1489 1396 1550 1432 sese
1561 1397 1728 1432 restituunt
1742 1410 1749 1432 :
1769 1410 1810 1433 ex

407 1447 468 1483 hac
484 1449 607 1496 quippe
627 1448 659 1481 vi
672 1445 799 1481 elastica
811 1449 891 1481 aeris
904 1447 1010 1497 plures
1023 1445 1158 1483 effectus
1171 1447 1352 1490 ducuntur,
1374 1446 1415 1481 de
1432 1445 1551 1494 quibus
1569 1447 1679 1495 postea
1700 1459 1707 1480 :
1724 1459 1810 1482 nunc

407 1499 496 1532 enirn
507 1498 547 1531 de
559 1496 644 1531 illius
659 1495 806 1545 pondere
818 1507 945 1532 tantum
964 1499 1098 1545 agimus.

440 1548 572 1595 Qarto
585 1575 596 1590 ,
611 1558 680 1581 non
690 1547 793 1594 magis
804 1547 929 1594 pondus
949 1549 1029 1581 aeris
1043 1576 1053 1590 ‚
1077 1557 1131 1582 aut
1149 1544 1346 1595 preffionem
1366 1543 1452 1580 sensu
1471 1547 1669 1594 percipimus
1683 1574 1693 1588 ,
1708 1556 1809 1592 quam

406 1597 507 1647 pisces
525 1593 726 1630 circumfusae
738 1607 827 1642 aquae
844 1598 1043 1643 gravitatem
1057 1594 1214 1632 sentiunt:
1224 1595 1321 1643 quod
1334 1607 1372 1629 ea
1386 1593 1510 1642 ubique
1521 1593 1732 1642 sitaequabilis
1747 1623 1756 1637 ,
1771 1606 1810 1630 ur

406 1647 460 1683 suo
470 1645 543 1681 loco
559 1645 773 1682 ostendemus.
793 1646 892 1681 Unde
914 1648 1126 1693 quantumvis
1145 1658 1199 1680 aer
1217 1643 1406 1681 incumbens
1427 1657 1485 1679 nos
1505 1656 1632 1693 premat
1645 1674 1653 1688 ‚
1677 1644 1709 1678 id
1727 1656 1810 1692 pon-

407 1699 488 1733 deris
503 1693 591 1729 sensu
601 1708 666 1730 non
681 1696 888 1743 percipimus.
907 1697 959 1730 Sic
971 1697 1118 1730 urinator
1129 1697 1161 1730 in
1175 1697 1245 1729 imo
1262 1697 1359 1729 maris
1373 1695 1558 1729 constitutus
1571 1707 1662 1741 aquae
1680 1695 1808 1727 incum-

406 1745 513 1780 bentis
528 1744 654 1792 pondus
667 1756 733 1778 uon
742 1742 846 1779 sentit.
870 1744 919 1780 Est
929 1746 1019 1779 enim
1030 1742 1076 1778 ibi
1087 1743 1217 1778 velutin
1229 1742 1414 1789 aequilibrio
1425 1742 1554 1790 politus,
1565 1743 1688 1791 ubique
1700 1754 1807 1789 :equa-

407 1794 517 1830 biliter
533 1792 706 1827 sustinetur.

443 1845 574 1891 Qunto
587 1854 629 1877 ex
641 1844 678 1874 iis
690 1841 794 1888 liquet
810 1853 919 1876 aerem
931 1840 1026 1876 uobis
1046 1839 1276 1875 circumfusum
1289 1838 1383 1874 facile
1410 1839 1471 1874 huc
1488 1840 1563 1875 illuc
1578 1841 1717 1882 moveri,
1729 1839 1806 1875 dum

406 1905 516 1942 pateat
534 1891 620 1926 locus
633 1921 642 1935 ‚
660 1893 692 1925 in
707 1904 806 1938 quem
821 1891 883 1927 sese
893 1893 1036 1939 recipiat.
1056 1889 1130 1926 Arsi
1148 1893 1173 1924 is
1188 1889 1292 1924 nullu}
1308 1888 1360 1933 sit,
1374 1892 1427 1924 vix
1440 1889 1494 1925 ille
1510 1891 1584 1925 loco
1598 1889 1684 1923 ced1t
1701 1902 1707 1922 :
1727 1901 1806 1924 nam

406 1943 447 1977 ab
467 1939 686 1978 incumbentis
707 1942 790 1975 aeris
818 1941 906 1976 mole
922 1941 1100 1990 premitur,
1117 1952 1215 1988 atque
1238 1939 1320 1974 illius
1341 1940 1436 1974 molis
1458 1940 1584 1989 pondus
1607 1938 1804 1973 vincendum

407 1993 465 2027 est.

452 2045 563 2089 Qire
582 2040 649 2074 haec
665 2039 754 2075 velut
765 2037 927 2074 conclufio
939 2052 978 2074 ex
994 2040 1088 2074 dietis
1101 2039 1147 2073 est
1165 2039 1303 2073 eruenda
1316 2068 1325 2081 ‚
1341 2052 1408 2074 non
1427 2049 1536 2073 aerem
1559 2038 1659 2072 modo
1671 2066 1681 2080 ‚
1704 2036 1754 2071 sed
1769 2042 1805 2074 ὅτ

404 2094 513 2137 gravia
525 2102 664 2137 quaeque
673 2102 809 2138 corpora
819 2091 850 2123 in
870 2091 1006 2137 propriis
1016 2089 1095 2124 locis
1106 2091 1277 2138 gravitate.
1293 2090 1394 2136 Qod
1408 2091 1522 2136 utique
1540 2100 1577 2122 ex
1590 2089 1627 2121 iis
1638 2100 1707 2134 quse
1717 2085 1806 2135 supe-

404 2132 468 2176 iius
480 2141 520 2174 de
534 2140 810 2188 gravitatione‚de
825 2137 949 2172 libratis
962 2138 1189 2186 liquoribus,&
1201 2141 1362 2187 gravitate
1379 2142 1460 2173 aeris
1472 2138 1559 2172 dieta
1573 2135 1654 2173 sunt,
1668 2139 1805 2172 omnino

407 2189 615 2226 manifestum
628 2200 718 2237 puto.
729 2190 831 2236 quue
844 2190 942 2223 etiam
954 2201 996 2224 ex
1007 2188 1069 2224 hoc
1079 2189 1264 2225 confirmari
1275 2188 1381 2237 potest
1393 2188 1482 2236 quod
1497 2198 1611 2234 corpus
1624 2197 1722 2233 grave
1737 2198 1804 2220 nou

407 2239 571 2275 resistit‘vi
583 2251 807 2287 externae‚quae
827 2237 905 2273 illud
917 2238 1059 2273 avellere
1072 2239 1091 2275 ἐι
1104 2241 1234 2288 proprio
1250 2238 1325 2272 loco
1338 2234 1520 2279 nititur‚nifi
1533 2246 1666 2284 propter
1681 2234 1804 2269 insitam

406 2292 602 2335 gravitatem
616 2290 800 2337 &pondus:
820 2300 897 2337 ergo
908 2287 956 2322 ibi
970 2301 1099 2323 exercet
1116 2291 1187 2324 vim
1198 2287 1282 2323 sunm
1301 2317 1309 2330 ,
1339 2287 1390 2322 seu
1404 2288 1510 2321 aCtum
1528 2286 1706 2333 gravitatis*
1725 2287 1804 2333 Qa

407 2332 494 2373 enim
507 2340 538 2372 vi
553 2350 666 2386 corpus
684 2351 784 2387 grave
801 2338 822 2373 ξπ
835 2336 888 2372 suo
905 2350 1017 2373 centro
1035 2336 1175 2374 diffitum
1189 2351 1229 2372 eo
1243 2339 1374 2380 nititur,
1394 2336 1510 2370 eadem
1533 2346 1624 2368 terrae
1642 2335 1779 2370 adliaeret
1792 2362 1804 2378 ,

408 2401 479 2423 cum
495 2387 629 2435 quiescit
639 2394 671 2426 δε
681 2399 721 2424 ne
736 2389 758 2425 a-
769 2390 824 2424 suo
834 2387 908 2427 loco
917 2388 1098 2426 revellatur
1110 2418 1119 2432 ,
1136 2401 1195 2437 per
1205 2388 1402 2436 gravitatem
1411 2384 1498 2421 suam
1509 2383 1621 2419 obstat.
