1878 2724
376 155 432 195 298
697 146 1136 185 FHYSICAEPARS
1172 148 1455 199 SECUNDA.

373 201 471 233 duum
485 210 557 233 cum
578 194 699 232 femiffe
715 196 871 234 efficiunt.
893 198 990 232 Extra
1011 197 1081 233 haec
1099 198 1170 234 loca
1188 199 1293 235 lineas
1307 212 1418 238 curvas
1429 227 1439 245 ‚
1455 204 1491 237 &
1507 209 1593 249 pene
1614 198 1771 249 elliptieas

373 246 558 283 describunt
570 274 578 288 ‚
588 258 727 294 quarum
736 248 926 282 convexitas
938 249 1026 282 varie
1035 248 1077 282 ad
1090 248 1261 285 borealem
1271 279 1281 293 ,
1293 249 1347 285 ‘vel
1358 250 1397 285 ad
1417 248 1599 286 Australem
1611 249 1681 285 solis
1697 263 1778 300 par-

373 309 439 333 tem
452 298 663 339 convertitur,
682 307 718 330 ut
728 295 795 344 poli
806 295 898 344 hujus
916 308 1024 332 motus
1047 297 1171 347 longius
1193 310 1250 334 aut
1262 301 1391 349 propius
1403 298 1445 335 ab
1465 299 1613 347 ecliptica
1628 298 1702 335 solis
1720 300 1774 339 di-

371 347 460 381 stant.
481 344 569 380 Cum
583 343 630 380 sol
656 343 703 380 est
719 346 751 380 in
766 345 868 394 gradu
880 346 1003 382 ostavo
1035 345 1170 383 Piscium
1183 376 1193 391 ,
1218 359 1288 384 tum
1307 349 1400 398 polus
1423 349 1565 385 Borealis
1579 354 1608 383 V
1625 349 1671 384 est
1685 347 1775 398 quass

370 406 520 442 apogaeus
533 418 549 438 ,η
563 405 697 442 tumque
709 394 836 430 macula
846 407 938 432 motu
948 394 1005 431 suo
1025 395 1178 432 describit
1188 397 1308 434 lineam
1317 411 1449 433 curvam
1461 428 1470 442 ‚
1481 404 1564 446 cujus
1575 402 1773 436 convexitas

369 444 410 478 ad
436 446 572 479 Boream
584 444 708 480 tendit:
721 456 834 479 contra
846 446 964 481 accidit
975 444 1032 481 ubi
1044 444 1088 481 sol
1100 448 1257 483 oetavum
1266 448 1402 498 gradum
1413 450 1556 496 Virginis
1571 459 1670 484 tenet.
1690 450 1771 484 Haec

367 496 482 540 utique
493 505 533 529 ex
550 496 631 528 Viro
643 492 827 530 Clarislimo
836 497 1084 544 praetermittere
1102 496 1266 533 noluimus
1278 527 1288 541 ‚
1301 497 1377 533 licet
1389 496 1518 533 forsitan
1529 497 1638 535 multis
1650 496 1771 534 subob-

367 539 455 579 scura
468 542 658 580 videantur:
674 556 751 580 nam
765 545 934 581 manifeste
943 545 1167 582 demonstrant
1186 547 1326 594 maculas
1343 546 1402 583 soli
1412 546 1468 596 ipsi
1482 545 1622 582 inlidere.

380 614 389 618 ›-
403 592 489 642 Qae
502 591 538 627 fit
546 603 657 629 autem
671 593 870 630 macularum
889 596 923 631 in
939 592 1004 630 sole
1017 596 1168 643 periodus
1181 609 1219 632 ex
1233 599 1421 646 nuperrima
1433 596 1558 632 macula
1569 609 1640 644 quae
1661 595 1770 634 mense

361 643 457 677 Maio
469 644 547 678 anni
562 645 634 680 1680
652 641 717 678 visa
732 643 793 679 fuit
807 671 817 686 ,
830 649 865 681 δε
877 642 898 680 ὲ
914 647 960 682 D.
976 644 1092 680 Picard
1110 644 1269 692 descripta
1279 676 1289 690 ‚
1300 646 1424 683 facilius
1438 644 1649 695 intelligetur.

401 693 485 727 Haec
498 691 622 727 macula
631 704 773 729 exeunte
789 694 885 728 Maio
898 705 1110 742 apparuerat,
1123 699 1157 731 &
1169 708 1195 741 ¹3
1205 697 1294 743 Junii
1312 697 1419 732 rediit.
1444 710 1486 742 23.
1506 697 1587 730 Maii
1606 698 1690 730 circa
1702 693 1769 730 ho*

364 753 433 775 ram
452 741 657 778 undecimam
671 740 756 790 quafi
768 744 802 777 in
815 742 1067 787 meridiano‚seu
1081 745 1115 778 in
1132 745 1243 779 medio
1255 745 1455 781 macularum
1472 746 1601 780 tramite
1619 742 1684 779 visa
1696 742 1770 786 fue-

364 802 414 825 rat
424 807 432 834 3
443 803 480 825 ac
489 791 541 825 die
553 804 585 836 19
595 792 689 840 Junii
703 792 819 827 eadem
835 792 916 827 hora
934 794 968 828 in
980 793 1100 827 eodem
1115 792 1189 827 loco
1203 792 1246 828 sui
1256 797 1384 844 copiam
1410 793 1500 832 fecit.
1524 796 1636 843 Qiare
1654 792 1769 834 habita

362 840 460 876 nostri
475 841 603 876 ratione
622 841 794 890 periodum
810 840 894 877 suam
909 841 1097 891 synodicam
1108 857 1142 885 27
1161 841 1276 879 diebus
1291 844 1456 887 confecit,
1477 856 1551 878 cum
1574 842 1619 878 sol
1642 839 1720 878 effer
1733 845 1768 881 in

364 889 521 938 Apogaeo,
533 889 598 925 Sed
607 902 679 925 cum
691 892 717 924 is
732 902 837 926 motus
855 903 921 940 prae
931 903 1041 926 annuo
1057 903 1112 926 aut
1128 890 1202 926 solis
1215 921 1224 934 ‚
1237 905 1293 928 aut
1311 905 1400 929 terrae
1421 904 1515 928 motu
1534 897 1545 938 (
1562 905 1639 928 nam
1651 892 1683 926 id
1707 903 1767 939 pe-

361 939 455 973 rinde
465 938 511 973 est
525 967 534 982 ,
555 942 567 982 )
587 939 741 974 retardari
761 952 807 986 42
821 939 908 975 horis
924 940 1073 975 videatur
1085 969 1094 983 ‚
1112 941 1254 976 totidem
1273 942 1362 978 horae
1376 942 1397 978 ἐι
1414 954 1507 978 motu
1522 942 1678 991 synodico
1696 939 1768 976 sunt

360 985 586 1024 subtrahendae
595 1017 604 1032 ,
623 986 730 1037 sicque
741 1000 848 1024 motus
868 1002 977 1024 earum
989 989 1174 1038 periodicas
1188 1018 1199 1034 ‚
1210 1002 1267 1026 aut
1280 1003 1388 1027 motus
1403 989 1475 1026 solis
1490 993 1573 1026 circa
1584 990 1672 1025 suum
1684 1003 1767 1025 cen-

364 1047 449 1082 trum
462 1038 585 1123 erits25
605 1038 730 1073 dierum
743 1044 776 1077 &
795 1036 846 1074 sex
859 1038 930 1075 fere
945 1039 1098 1076 horarum
1113 1055 1124 1084 ;
1144 1051 1217 1076 cum
1232 1051 1344 1078 tamen
1364 1052 1463 1079 antea
1481 1055 1516 1089 25
1538 1040 1664 1076 dierum
1686 1044 1720 1077 ὃ(
1734 1042 1768 1081 18

361 1085 515 1122 horarum
540 1099 564 1123 ιι
575 1086 740 1124 definitus.

874 1185 906 1223 C
930 1187 959 1223 A
986 1188 1011 1224 P
1035 1186 1072 1224 U
1093 1187 1126 1223 T
1187 1187 1204 1221 1
1215 1189 1245 1225 1.

397 1284 495 1317 Lnnae
508 1292 610 1319 motus
622 1312 634 1330 ,
649 1294 777 1334 quaque
784 1283 831 1320 ad
842 1283 1033 1321 Calendarii
1042 1283 1303 1331 instaurationem
1314 1288 1476 1336 pertinent
1487 1288 1726 1338 ‚explicantur.
1758 1275 1762 1277 “

354 1377 522 1471 VArii
539 1382 781 1431 &multiplices
800 1382 872 1419 sunt
883 1382 967 1419 lunae
979 1394 1087 1419 motus
1101 1385 1160 1432 qui
1171 1384 1255 1420 illius
1275 1384 1437 1421 theoriam
1451 1385 1628 1434 plurimum
1655 1385 1763 1422 invol-

455 1442 549 1467 vunt.
568 1433 616 1468 Ac
629 1441 660 1466 10
678 1433 751 1468 luna
765 1432 805 1467 sic
822 1444 915 1468 motu
933 1433 1050 1468 diurno
1068 1432 1170 1469 fertur
1185 1464 1195 1479 ‚
1216 1446 1252 1475 ut
1269 1446 1485 1483 unoquoque
1505 1436 1557 1470 die
1578 1437 1610 1471 in
1629 1434 1759 1471 diversis

357 1479 454 1528 plane
474 1480 655 1516 horizontis
665 1484 793 1531 punctis
806 1485 926 1517 oriatur
943 1510 953 1524 ‚
975 1487 1009 1519 &c
1026 1484 1174 1520 occidat:
1196 1489 1229 1520 δι
1244 1496 1354 1519 tamen
1370 1496 1407 1519 ut
1425 1487 1456 1520 in
1469 1484 1533 1520 sole
1544 1514 1554 1528 ,
1573 1481 1613 1519 fic
1627 1487 1661 1520 in
1685 1485 1760 1521 luna

356 1532 437 1564 certi
449 1528 520 1564 suut
531 1532 564 1565 in
573 1531 767 1575 horizonte,
778 1536 813 1569 δι
831 1532 1013 1567 meridiano
1030 1530 1110 1567 fines
1121 1560 1129 1575 ,
1140 1545 1222 1581 quos
1238 1545 1275 1567 ea
1284 1530 1629 1582 noirpraetergreditur.
1644 1535 1760 1583 Qod-

356 1590 424 1625 que
436 1577 482 1614 sol
493 1580 578 1614 intra
593 1579 729 1629 spatium
737 1593 881 1617 annuum
893 1609 902 1625 ‚
920 1580 1164 1616 hoclunaintra
1189 1581 1474 1618 mensem-conficit
1494 1596 1502 1617 :
1523 1584 1568 1617 ita
1582 1593 1616 1617 ur
1626 1581 1758 1632 singulis

355 1626 471 1663 diebus
488 1627 557 1665 fere
574 1642 602 1677 ις
615 1629 765 1677 gradibus
779 1629 821 1665 ab
835 1642 899 1665 una
908 1642 948 1665 ex
968 1629 1065 1665 stellis
1085 1629 1156 1666 fixis
1174 1631 1327 1666 recedere
1344 1632 1515 1677 videatur,
1531 1637 1565 1670 δι
1588 1630 1681 1668 suum
1695 1634 1758 1668 cit.

358 1676 468 1712 culum
483 1676 587 1726 spatio
603 1693 644 1722 27
661 1679 803 1724 dierum,
818 1679 971 1716 horarum
991 1678 1061 1716 fere
1076 1682 1154 1716 οέὶο
1173 1679 1334 1717 absolvat.

389 1727 500 1774 Atque
520 1728 572 1763 hic
587 1729 631 1763 est
648 1728 765 1764 menfis-
779 1729 961 1776 periodicus
974 1759 984 1773 ,
1002 1729 1055 1764 seu
1068 1741 1192 1778 tempus
1204 1743 1270 1777 quo
1280 1729 1355 1766 luna
1364 1729 1406 1764 ab
1418 1729 1528 1765 occasu
1540 1732 1572 1766 in
1583 1742 1689 1766 ortum
1703 1741 1756 1766 re-

356 1775 564 1811 volutionem
577 1775 662 1811 suam
678 1777 811 1813 conficit
823 1806 832 1820 ‚
847 1776 987 1812 ubicum
1007 1778 1115 1825 aliqua
1138 1778 1229 1817 stella
1243 1790 1469 1826 comparatur:
1486 1792 1520 1816 ut
1537 1776 1650 1815 menfis
1660 1779 1757 1828 syno-

353 1824 445 1858 dicus
456 1825 569 1860 dicitur
580 1824 717 1873 spatium
734 1827 891 1874 temporis
906 1826 995 1874 quod
1010 1827 1166 1861 interduo
1178 1826 1344 1870 novilunia
1356 1828 1530 1862 intercedit
1542 1845 1551 1872 3
1564 1829 1755 1876 constatque

354 1872 469 1907 diebus
481 1886 520 1915 29
536 1903 545 1917 ‚
563 1873 651 1908 horis
667 1888 715 1917 12,
730 1876 810 1910 min.
826 1889 882 1921 44.
896 1876 980 1910 Cum
997 1877 1085 1911 enim
1096 1876 1171 1910 luna
1184 1875 1271 1911 suum
1289 1874 1404 1910 orbem
1416 1888 1582 1926 peragrat,
1603 1875 1650 1912 so}
1666 1879 1754 1912 inte-

353 1923 415 1956 rim
425 1923 522 1956 instar
534 1922 631 1957 stellae
643 1923 714 1959 fixae
724 1925 758 1958 in
775 1925 894 1959 eodem
907 1923 980 1960 loco
990 1938 1056 1960 non
1067 1936 1252 1972 permanet,
1275 1923 1328 1959 sed
1338 1932 1374 1962 26
1382 1937 1438 1960 aut
1452 1927 1580 1960 circiter
1599 1924 1754 1975 gradibus

355 1973 388 2004 in
402 1971 548 2007 Zodiaco
563 1984 796 2020 promovetur:
810 1985 876 2021 quo
891 1975 988 2023 igitur
1007 1973 1082 2009 luna
1093 1986 1169 2009 eum
1182 1973 1363 2023 assequatur
1374 2003 1385 2018 ,
1399 1975 1477 2011 duos
1489 1975 1568 2020 dies,
1581 1980 1615 2013 ὅ(
1625 1973 1753 2024 aliquot

354 2019 451 2054 horas
465 2020 604 2056 insumit.

387 2070 470 2117 Qae
489 2068 653 2119 supersunt
670 2074 794 2107 minuta
808 2101 818 2116 ,
836 2074 870 2108 in
887 2073 982 2108 horas
1001 2072 1197 2120 colliguntur
1209 2074 1343 2122 ‚glonec
1354 2072 1424 2121 post
1444 2071 1573 2121 aliquot
1589 2086 1750 2112 annorum

354 2118 522 2154 volumina
537 2121 628 2155 unius
642 2121 707 2155 diei
719 2119 876 2156 summam
886 2119 1036 2159 efficiant.
1062 2121 1175 2170 Qare
1189 2123 1242 2159 hic
1254 2120 1367 2159 mensis
1389 2121 1560 2171 synodicus
1576 2123 1750 2159 duodecies

351 2170 510 2217 repetitus
528 2168 673 2205 lunarem
695 2183 817 2206 annum
833 2183 983 2219 procreat
1003 2186 1062 2219 354
1081 2173 1207 2208 dierum
1223 2201 1233 2216 ,
1250 2173 1401 2208 horarum
1417 2175 1434 2208 8
1448 2201 1458 2216 ,
1476 2173 1555 2207 min·
1576 2175 1620 2215 48
1637 2185 1646 2208 z
1663 2173 1750 2210 adeo

351 2229 388 2253 ut
397 2230 484 2254 anno
500 2217 593 2254 solari
603 2219 718 2255 diebus
727 2220 880 2255 undecim
891 2220 943 2256 vel
953 2224 1080 2257 circiter
1090 2224 1197 2258 minor
1208 2223 1326 2257 existat
1337 2235 1344 2257 :
1364 2223 1419 2269 qui
1432 2223 1530 2255 tertio
1540 2232 1676 2269 quoque
1687 2235 1747 2258 an.

348 2280 392 2302 no
406 2267 589 2304 intercalati
599 2280 675 2305 cum
690 2265 834 2304 efficiant
849 2282 969 2306 annum
989 2286 1016 2316 ¹3
1035 2271 1191 2307 mensium
1206 2271 1365 2308 lunarium
1376 2299 1386 2314 ‚
1415 2270 1482 2304 dies
1499 2269 1629 2318 aliquot
1643 2269 1747 2307 abun-

350 2316 447 2359 dant,
468 2320 527 2364 qui
545 2320 640 2353 certis
658 2321 752 2356 annis
769 2319 952 2355 accrescunt
971 2335 978 2356 :
996 2323 1043 2357 ira
1072 2334 1105 2356 ur
1131 2322 1201 2370 post
1219 2335 1251 2366 19
1269 2332 1429 2356 annorum
1454 2319 1611 2354 circulum
1629 2319 1745 2368 septies

347 2366 539 2402 intercalare
567 2380 722 2418 oporteat
743 2386 752 2414 3
786 2379 920 2418 tumque
946 2374 1023 2408 anni
1053 2370 1180 2407 lunares
1203 2369 1364 2407 solaribus
1388 2368 1459 2404 satis
1483 2380 1636 2406 accurate
1656 2382 1748 2406 exae-

352 2425 502 2459 quantur.
