1878 2724
391 158 436 187 ψ
938 139 962 173 Ρ
977 138 1010 172 Η
1025 139 1054 173 Y
1066 139 1086 173 3
1100 138 1113 172 1
1125 136 1156 174 C
1166 140 1204 173 AE

387 186 506 226 rituum
517 198 623 223 morus
637 185 840 234 perturbatus
857 187 1046 221 immutatur
1062 217 1070 231 ,
1088 193 1121 225 &
1139 187 1304 223 vellicatio
1318 184 1424 223 ceffat.

435 243 522 276 Tum
535 252 564 268 vt
577 250 609 270 :o
623 248 789 280 bustiam
801 236 942 281 quadani
957 236 1057 270 [astus
1071 236 1276 285 perfunditur
1287 265 1297 280 ‚
1311 248 1385 271 cnm
1395 235 1520 284 spiritus
1531 235 1656 285 placide
1667 241 1700 276 &
1710 249 1807 286 aequa.

400 289 471 324 litei
488 284 586 319 difflui
607 286 694 318 nuxit)
708 284 800 317 obice
814 285 1015 319 retardantur
1033 301 1043 329 ς
1061 297 1116 321 aut
1133 285 1155 320 si
1172 285 1261 320 forte
1280 285 1378 335 paulo
1391 284 1622 320 vehementius
1640 289 1803 334 agitentur

401 350 435 371 ur
452 350 482 369 in
497 334 680 367 [ltili-itione
694 335 808 369 „it-cidit
821 363 830 377 ,
846 344 956 369 tamen
970 337 1004 369 in
1015 335 1125 370 statum
1139 335 1320 371 naturalem
1334 347 1411 369 mox
1426 334 1629 370 restituuntur
1643 351 1652 378 3
1664 347 1718 370 aut
1730 347 1804 370 cera

405 398 435 419 re
452 397 522 417 cuin
542 382 696 417 molt-ssiu:
711 382 799 417 causa
814 383 950 420 tollitur.
975 386 1062 420 Nam
1079 384 1227 433 voluptas
1255 385 1396 420 maxima
1421 383 1579 419 molestiae
1598 384 1803 420 detrafflone-

404 435 589 468 continetur
604 460 613 474 ‚
628 443 662 466 ut
672 434 703 466 in
713 432 830 467 morali
841 461 853 477 ,
867 445 940 468 cum
955 432 995 467 de
1008 431 1179 469 affectibus
1191 434 1291 468 animi
1301 444 1469 482 ageremus
1486 461 1497 477 ,
1512 430 1642 468 uberius
1662 432 1802 482 explica-

413 494 482 517 tum
496 482 515 516 a
529 480 623 516 nobis
637 481 710 516 fuit.

443 533 526 566 Sunt
539 529 594 564 alii
608 529 743 565 affictus
755 560 764 574 ‚
780 532 839 578 qui
857 531 897 564 ad
917 531 1023 567 taetus
1038 543 1195 579 organum
1218 525 1364 579 [pectant
1376 561 1387 576 ,
1411 543 1549 579 quorum
1575 533 1804 568 tractationem

406 581 523 616 medici
535 578 590 614 sibi
608 581 795 623 vindicant,
811 579 934 629 physici
952 580 1031 616 vero
1041 585 1097 629 qui
1107 593 1212 615 rerum
1223 579 1330 615 causas
1349 581 1599 630 persequuntur,
1616 580 1799 618 summatim

405 642 461 665 eos
481 628 633 664 delibant.
656 631 680 663 Ii
699 641 816 678 magna
833 641 872 664 ex
887 641 978 678 parte
993 631 1032 665 ad
1049 629 1216 679 glandulas
1234 630 1374 665 miliares
1399 631 1595 666 referuntur.
1617 633 1704 668 Nam
1720 633 1804 667 cutis

430 691 478 713 ars
490 680 626 712 interior
637 690 705 712 tota
721 691 804 726 pene
819 677 1005 727 glandulosa
1016 680 1059 714 est
1071 708 1081 722 ‚
1099 690 1134 714 ut
1150 681 1290 714 exterior
1299 680 1433 715 nervosa
1445 685 1478 717 ὃ(
1498 678 1617 714 crebris
1637 679 1806 716 foramini..

405 693 466 763 Eas
478 724 615 776 pertusa.
632 730 692 762 His
705 739 740 762 ut
753 727 894 762 diximus
904 756 913 770 ‚
926 731 1133 763 continentur
1148 729 1262 764 duel-,us
1286 727 1456 764 sudoriferi
1467 757 1476 773 ‚
1508 734 1542 765 &
1566 732 1655 776 juxta
1680 728 1805 766 Clariss.

406 776 477 813 Mal
505 776 628 824 ighium
643 776 768 825 papillae
779 777 993 825 pyramidales
1002 776 1061 812 fibi
1071 789 1184 812 mutuo
1198 777 1358 827 parallelae
1370 807 1378 822 ‚
1398 790 1436 813 ex
1451 777 1568 826 quibus
1584 777 1806 813 innumerabi-

408 826 455 861 les
493 825 592 860 brillae
602 826 777 861 dimanant.
797 827 911 860 Fateor
925 826 1058 872 quidem
1073 826 1128 861 has
1137 827 1272 875 papillas
1291 827 1311 863 a
1327 826 1519 876 peritissimis
1534 828 1723 861 anatomicis
1735 840 1803 863 non
1833 837 1835 840 ⁴
1865 832 1869 838 ’

405 873 466 910 esse
480 874 684 923 coiispectas,
698 876 744 908 uti
758 887 819 908 nec
831 874 977 909 valvulas
998 877 1032 910 in
1048 873 1125 910 vasis
1157 875 1356 919 {udorifetis‚
1383 889 1416 911 ut
1430 877 1563 911 laticem
1581 872 1719 910 fetosum
1751 875 1806 911 vel
1840 889 1841 892 ¹

406 921 539 959 liberius
561 922 754 966 effundant,
774 922 828 957 vel
856 925 1015 959 retineant
1038 937 1047 960 t
1070 934 1179 960 tamen
1206 936 1258 958 eas
1274 937 1393 973 negare
1415 938 1482 960 non
1499 922 1607 961 ausim.
1626 923 1807 960 Praesertim
1856 938 1858 940 ·

407 985 480 1008 cum
506 974 538 1007 in
553 983 624 1006 cute
641 972 823 1020 elephantis
840 972 1009 1021 perspicuae
1030 973 1201 1008 videantur
1219 972 1267 1008 hae
1285 974 1411 1021 papillae
1423 1002 1433 1018 ,
1452 985 1486 1009 ut
1499 985 1551 1007 eas
1564 974 1597 1007 in
1614 971 1805 1009 diffeetione
1856 976 1861 997 Ν

408 1022 499 1070 hujus
516 1020 662 1055 animalis
673 1032 750 1055 ante
768 1020 935 1056 biennium
951 1023 985 1056 in
1002 1021 1178 1056 Academia
1192 1020 1340 1056 exhibuit
1360 1027 1404 1059 D.
1423 1021 1466 1057 du
1480 1023 1517 1056 V
1515 1034 1621 1069 erney.
1648 1022 1748 1058 Unde
1769 1024 1804 1058 in
1845 1023 1851 1042 ⁴

411 1070 592 1118 elephantis
610 1081 682 1105 cute
696 1081 834 1116 quatuor
847 1070 992 1105 distincta
1005 1082 1141 1118 corpora
1163 1069 1377 1114 ostendebat,
1399 1084 1422 1107 1.
1441 1081 1611 1105 cutaneum
1623 1098 1634 1114 ‚
1658 1071 1747 1118 quod
1769 1073 1805 1107 in·
1857 1076 1862 1113 ζ

410 1131 451 1154 eo
464 1118 596 1154 animali
611 1116 744 1157 densum
759 1130 829 1153 erat
845 1119 1022 1154 admodum
1034 1147 1044 1162 ‚
1068 1131 1108 1153 ex
1127 1121 1301 1154 innumeris
1314 1132 1398 1168 pene
1413 1118 1503 1155 fibris
1522 1129 1633 1154 mutuo
1654 1119 1808 1168 implexis

410 1165 635 1215 compositum.
649 1170 696 1203 Ac
706 1165 794 1202 fibrae
808 1167 870 1202 illae
879 1179 997 1216 magna
1009 1179 1047 1202 ex
1060 1179 1149 1216 parte
1163 1167 1337 1205 tendinosae
1346 1180 1505 1219 apparent
1517 1197 1529 1214 ,
1539 1169 1631 1204 venis
1647 1196 1658 1212 ‚
1669 1170 1796 1204 arteriis

409 1223 444 1255 &
458 1215 615 1265 glandulis
628 1215 807 1262 conspersae.

447 1280 474 1302 2.
486 1266 615 1313 Corpus
634 1264 790 1313 papillare
803 1293 814 1309 ‚
831 1265 920 1312 quod
933 1267 966 1300 in
982 1275 1020 1299 ea
1035 1275 1107 1300 cute
1124 1264 1319 1313 apertissime
1330 1268 1469 1303 cernitur
1484 1281 1492 1303 :
1516 1267 1600 1302 adeo
1609 1277 1644 1301 ut
1658 1266 1808 1313 quaedam·

410 1314 538 1363 papillae
552 1318 642 1349 unius
658 1314 751 1349 lineae
768 1313 1007 1363 longitudinem
1018 1343 1028 1358 ,
1042 1319 1077 1351 &
1089 1313 1180 1362 hujus
1194 1313 1350 1351 semissem
1367 1319 1399 1352 in
1412 1314 1477 1352 bafi
1490 1317 1593 1352 nactae
1608 1315 1779 1351 videantur
1791 1343 1802 1360 ,

411 1375 510 1412 atque
519 1375 632 1398 omnes
649 1363 718 1398 fere
733 1362 805 1397 sunt
818 1361 997 1398 uniusmodi
1012 1391 1022 1406 ‚
1039 1368 1073 1400 &
1087 1361 1132 1398 sui
1147 1361 1273 1399 ssmiles,

454 1425 485 1456 3.
503 1411 698 1448 Reticularis
715 1411 904 1447 membrana
932 1424 972 1447 ex
989 1412 1088 1447 thecis
1106 1424 1178 1459 quae
1205 1412 1339 1460 papillas
1364 1413 1535 1449 involvunt
1553 1441 1564 1457 ,
1591 1414 1634 1448 ita
1669 1425 1805 1462 compo·
1851 1412 1854 1415 ’

413 1463 520 1505 nitur,
559 1473 594 1496 ut
619 1473 820 1508 unaquaeque
837 1460 932 1495 theca
954 1473 995 1495 ex
1032 1460 1103 1495 aliis
1130 1460 1315 1506 confletur;
1337 1463 1420 1496 adeo
1438 1474 1471 1497 ut
1489 1474 1550 1498 una
1581 1461 1700 1509 papilla
1725 1474 1805 1497 con..

412 1509 581 1559 duplicatis
590 1510 800 1558 &triplicatis
819 1509 920 1544 thecis
933 1539 942 1554 ‚
953 1522 1008 1544 aut
1021 1509 1196 1545 involucris
1208 1521 1343 1558 tegatur.
1354 1510 1521 1546 Postremo
1540 1510 1678 1545 cuticula
1694 1511 1778 1546 adest
1791 1539 1802 1555 ,

411 1572 483 1607 quae
499 1572 571 1594 cum
583 1558 748 1594 reticulari
765 1557 953 1594 membrana
961 1559 1044 1593 adeo
1056 1559 1097 1594 est
1110 1557 1254 1594 conserta
1266 1588 1275 1603 ‚
1289 1571 1323 1594 ut
1335 1572 1409 1595 cum
1420 1572 1457 1595 ea
1473 1572 1556 1609 pene
1571 1559 1804 1602 confundatur,

410 1610 460 1643 uti
483 1614 517 1646 &
535 1607 688 1656 papillare
706 1620 820 1656 corpus
846 1620 920 1643 curn
938 1619 1085 1644 cutaneo.
1103 1610 1141 1643 In
1155 1608 1287 1643 homine
1307 1620 1417 1643 tamen
1441 1608 1578 1644 cuticula
1602 1606 1623 1643 ὲ
1647 1608 1807 1644 reticulari

411 1657 601 1692 membrana
614 1670 680 1692 non
690 1668 774 1704 aegre
785 1656 950 1692 divellitur
962 1685 971 1699 ‚
993 1669 1031 1691 ac
1049 1658 1217 1705 praesertim
1230 1660 1311 1691 circa
1325 1658 1355 1692 di
1382 1659 1500 1692 itorum
1515 1669 1647 1705 ungueS.
1667 1658 1715 1692 Ac
1727 1657 1807 1693 licet

413 1709 528 1741 intueri
540 1717 653 1754 corpus
664 1718 834 1740 cutaneum
844 1708 939 1754 ungui
954 1705 1133 1755 subjeetum
1144 1735 1154 1750 ‚
1171 1711 1256 1755 cujus
1270 1706 1356 1755 papil
1371 1719 1395 1740 ae
1406 1705 1533 1755 longius
1544 1706 1706 1754 produstae
1722 1707 1806 1741 intra

412 1757 527 1804 unguis
539 1753 636 1789 fibras
649 1753 834 1790 inseruntur.
847 1756 973 1804 Unguis
985 1754 1050 1803 ipse
1061 1768 1101 1791 ex
1118 1754 1255 1790 cuticula
1275 1760 1309 1792 δε
1320 1755 1480 1790 reticulari
1492 1767 1628 1802 corpore
1650 1755 1805 1790 induratis

413 1804 544 1839 constat.
559 1804 660 1851 quue
671 1803 724 1838 vel
736 1816 773 1837 ex
792 1816 833 1838 eo
843 1803 965 1850 liquet,
982 1805 1073 1852 quod
1083 1807 1119 1838 iis
1133 1805 1284 1839 detractis
1301 1806 1415 1853 unguis
1429 1804 1544 1839 iridem
1557 1802 1742 1838 divellatur.

454 1853 518 1886 Sed
538 1863 701 1898 utcunque
716 1865 754 1886 ea
765 1865 814 1887 res
825 1852 903 1895 fir‚id
915 1852 1015 1899 liquet
1028 1851 1176 1889 nervosas
1191 1852 1323 1887 fibrillas
1331 1855 1528 1900 praecipuum
1546 1851 1607 1887 effe
1628 1850 1734 1887 tath'is
1751 1864 1804 1886 or-

412 1899 676 1950 ganumffinguhs
691 1902 774 1947 poris
785 1929 793 1943 ‚
805 1900 974 1948 praesertim
983 1901 1158 1947 majoribus
1171 1900 1335 1949 glandulas
1352 1899 1469 1936 subeffe
1478 1912 1553 1935 curn
1562 1899 1640 1935 vafis
1654 1911 1804 1936 excreto-

415 1951 466 1983 riis
480 1977 489 1992 ‚
506 1960 578 1995 quae
595 1947 679 1984 forte
692 1948 826 1996 papillas
839 1950 1118 1984 nerveasmadore
1136 1949 1210 1993 suo,
1226 1961 1280 1984 aut
1293 1949 1392 1984 halitu
1409 1949 1616 1998 perfundunt.
1639 1951 1677 1984 In
1694 1948 1808 1996 pleris-·

413 2010 479 2046 que
491 2000 577 2045 poris
592 1995 783 2045 majoribu5‚
804 2010 859 2043 per
875 2009 957 2044 quos
971 1995 1063 2032 sudor
1076 2010 1228 2041 emanat,
1243 1998 1380 2046 pilorum
1396 1999 1517 2033 radices
1532 1996 1651 2034 insunt.
1672 2001 1698 2032 11'
1714 2010 1804 2033 mea-

415 2058 463 2082 tus
475 2049 558 2081 inter
567 2058 660 2094 rugas
673 2045 817 2081 cuticula:
828 2044 912 2094 quasi
924 2046 1069 2095 paralleli
1086 2047 1296 2095 disponuntur
1311 2066 1320 2092 3
1336 2059 1432 2095 atque
1445 2059 1556 2082 eorum
1569 2045 1740 2083 intervalla
1752 2049 1803 2082 in-

413 2097 554 2131 numeris
573 2096 658 2142 poris
678 2095 876 2139 minoribus,
899 2093 983 2141 quasi
995 2097 1121 2144 punctis
1136 2097 1280 2132 distincta
1297 2108 1462 2145 apparent.
1494 2095 1580 2132 Cum
1601 2097 1672 2145 pori
1688 2107 1809 2131 omnes-

412 2145 548 2179 humore
558 2143 701 2190 quodam
716 2143 825 2179 oleoso
840 2145 1030 2192 implentur,
1047 2157 1115 2180 tum
1128 2145 1214 2193 pleni
1231 2151 1264 2182 &
1275 2145 1353 2181 tenfi
1373 2148 1472 2180 cutim
1490 2144 1604 2180 laevem
1623 2150 1657 2181 &
1673 2143 1802 2192 planam

413 2192 556 2228 efficiunt
570 2203 621 2227 :at
633 2192 785 2227 exhausto
798 2206 836 2227 eo
848 2194 981 2228 humore
994 2206 1067 2236 ‚aut
1078 2195 1187 2229 alieno
1197 2193 1351 2230 subeunte
1368 2224 1377 2238 ‚
1394 2196 1475 2229 cutis
1493 2193 1602 2242 aspera
1617 2193 1748 2228 videtur
1768 2197 1810 2229 δί’
1845 2193 1851 2206 ²

411 2240 523 2289 rugosa
537 2256 544 2277 z
570 2253 606 2276 ut
621 2254 692 2275 cuin
705 2241 817 2276 lixivio
829 2242 975 2276 lavantur
985 2244 1108 2279 minus:
1123 2255 1190 2278 tum
1205 2245 1294 2278 enim
1303 2256 1389 2292 rugae
1409 2243 1499 2278 velut
1512 2242 1586 2278 sulci
1601 2242 1683 2278 fiunt
1699 2245 1802 2288 majo-

412 2303 472 2327 res.
499 2292 634 2325 interim
655 2290 814 2326 meatibus
834 2303 969 2325 exrerno
984 2291 1105 2339 frigore
1122 2290 1251 2327 occlusis
1271 2305 1405 2341 vapores
1426 2294 1510 2328 intus
1536 2292 1664 2327 co'e'rciti
1692 2301 1802 2324 curem

413 2339 566 2419 atstollunt
578 2353 586 2375 ε
599 2340 672 2376 hinc
683 2352 794 2376 manus
808 2341 949 2376 exterior
961 2339 1140 2389 superficies
1159 2341 1270 2391 frigori
1291 2340 1432 2391 exposita
1448 2342 1555 2378 statim
1583 2338 1693 2376 scabra
1715 2336 1753 2373 fit
1765 2342 1810 2375 <Scv

414 2398 431 2419 a
445 2399 530 2434 pera.

1648 2435 1797 2484 Plerique
