1878 2724
422 157 469 193 35²
731 138 984 177 PHYSICAE
1025 139 1188 175 PARS
1223 136 1507 177 SECUNDA

449 192 514 228 Sed
527 191 667 228 fallitur:
685 201 760 224 nam
771 201 856 236 aqua
869 189 997 224 Oceani
1007 189 1042 223 in
1058 189 1125 222 imo
1135 187 1238 222 salsior
1252 188 1298 222 est
1309 188 1409 235 quam
1420 190 1454 224 in
1464 185 1630 236 superficie
1648 189 1710 224 :est
1721 189 1809 229 enim

413 253 496 290 aqua
512 239 585 275 salsa
603 239 686 273 dulci
704 240 834 287 gravior
855 252 863 274 :
881 243 915 274 &
933 248 1041 272 tamen
1055 238 1136 271 radii
1153 235 1266 271 solares
1286 239 1338 271 vix
1360 237 1495 272 fundum
1514 239 1607 272 maris
1628 240 1806 286 attingunt.

405 293 483 339 Jam
502 288 583 335 quid
614 286 712 322 causae
732 285 793 321 effe
811 286 919 334 potest
936 298 991 321 cur
1007 286 1190 334 stagnantes
1207 298 1297 333 aquae
1318 285 1426 320 dulces
1444 286 1598 329 existant,
1622 298 1696 321 cum
1713 287 1814 325 radiis

415 336 569 373 solaribus
585 333 646 371 {int
664 334 814 384 expositae
831 346 841 372 Ξ
874 335 937 371 Sed
955 347 1010 369 cur
1029 336 1147 382 pluviae
1175 336 1191 371 ὲ
1207 335 1314 369 medio
1332 336 1470 371 Oceano
1491 334 1623 370 sublatae
1650 335 1809 372 salsedinis

411 386 480 421 sunt
499 396 647 433 expertes
663 397 670 419 :
685 396 758 420 curn
777 396 815 418 ex
830 383 954 421 Aristst.
970 399 996 420 2.
1007 386 1153 420 Mereor.
1167 397 1194 419 c.
1208 399 1234 427 7.
1261 383 1344 418 fumi
1362 384 1460 418 adusti
1477 383 1541 418 unzi.
1562 396 1635 418 cum
1665 384 1808 420 humidis

411 434 549 479 sublati,
568 436 601 468 in
622 433 765 482 pluviam
783 437 936 469 coeuntes
961 436 1042 468 mari
1064 432 1250 481 salsuginem
1273 434 1462 480 impertiant
1480 441 1490 467 Ξ
1517 433 1618 481 Quod
1637 445 1747 468 autem
1767 434 1810 469 de

411 496 495 519 zona
513 483 634 518 torrida
650 481 808 525 afferunt,
831 483 863 517 id
874 483 1083 517 concedimus
1103 496 1110 517 :
1127 495 1203 517 nam
1223 480 1263 516 sol
1282 486 1437 530 majorem
1455 480 1555 515 dulcis
1576 494 1664 528 aquae
1681 485 1816 531 copiam·

411 531 555 575 attollit,
574 537 607 569 &
627 533 661 567 iu
676 544 811 579 vapores
831 533 1012 573 convertit,
1030 533 1085 577 qui
1099 531 1178 579 saepe
1195 528 1298 565 versus
1317 530 1409 578 polos
1430 530 1587 566 recidunt.
1610 533 1696 565 Hinc
1719 544 1811 566 mare

411 580 656 630 hyperboreum
675 583 783 615 minus
806 580 904 615 habet
931 579 1091 628 salsuginis
1111 610 1121 624 ,
1147 579 1201 614 vel
1229 579 1279 614 οὗ
1306 579 1431 627 pluvias
1453 609 1462 623 ‚
1484 584 1518 617 δι
1551 581 1644 614 nives
1674 579 1809 616 uberio-

411 643 460 665 res
475 660 484 674 ‚
502 630 552 665 vel
565 641 696 678 propter
715 628 885 665 fluminum
898 627 1061 665 affluxum.
1076 631 1204 678 Aquam
1218 628 1344 664 dulcem
1363 628 1420 663 soli
1434 640 1591 676 quantum
1603 628 1694 665 voles
1706 633 1811 679 expo-i

411 692 453 715 ne
464 709 474 722 ,
501 679 575 714 [alsa
591 693 656 714 non
669 678 733 715 fier.

445 730 557 777 Qnre
568 727 688 777 salsugo
697 730 793 763 maris
804 727 824 762 ὲι
841 727 909 762 salis
921 727 1083 776 particulis
1095 728 1197 761 oritur
1212 740 1220 762 ε
1236 724 1298 760 sive
1312 724 1456 761 sintmari
1471 725 1524 774 ipfi
1540 738 1655 761 coaevae
1666 756 1675 770 ‚
1688 739 1723 762 ut
1736 727 1817 763 satis

411 777 585 834 probabile
601 777 809 813 arbitramur:
827 778 913 812 unde
933 783 965 814 &
977 777 1087 812 frustra
1104 776 1144 809 de
1161 787 1269 810 earum
1290 787 1364 809 ortu
1385 776 1517 823 quaestio
1535 787 1686 810 movetur
1706 790 1714 811 t
1743 775 1815 812 ssve*

412 840 445 862 in
461 829 541 861 mari
558 838 591 861 ut
606 828 636 861 in
649 838 730 861 terra
746 826 895 874 quaedam
912 826 982 860 salis
992 825 1113 861 fodinae
1128 852 1137 866 ‚
1159 837 1196 857 ac
1214 823 1367 859 dissolutae
1383 824 1474 860 infint
1489 853 1499 868 ,
1518 838 1591 872 quae
1606 824 1741 861 fortaffis
1755 838 1810 861 re..

411 875 589 912 nascuntur.
613 877 700 911 Nam
713 876 832 910 multos
844 873 904 910 effe
919 877 950 910 in
962 876 1058 910 maris
1071 873 1166 908 alveo
1181 872 1294 908 salinos
1310 886 1439 908 montes
1456 887 1524 909 non
1540 874 1586 908 est
1601 874 1816 911 incr-edibile:-

413 923 488 961 cum
502 937 570 960 tota
583 937 666 972 pene
679 923 777 959 insula
794 937 866 971 quae
879 925 998 958 Ormus
1016 924 1132 957 dicitur
1143 950 1153 965 ‚
1173 922 1253 957 nihil
1269 921 1304 956 fir
1315 935 1427 969 praeter
1444 923 1554 957 durum
1564 952 1574 966 ,
1589 928 1621 959 &
1635 924 1814 960 candidum

413 972 510 1009 salem
523 1004 532 1017 ‚
558 986 599 1009 ex
611 986 677 1021 quo
697 974 777 1008 aedes
795 973 868 1021 ipsae
881 970 1106 1008 conficiuntur.
1130 973 1252 1018 Neque
1273 970 1354 1005 nllus
1371 972 1440 1006 fere
1458 974 1490 1007 in
1515 971 1570 1006 illa
1582 971 1679 1006 insula
1695 984 1813 1021 puteus·

413 1035 504 1070 aquae
517 1023 616 1058 dulcis
630 1024 779 1058 occurrit.
800 1025 874 1058 Nec
892 1021 933 1056 sal
953 1033 991 1056 ex
1012 1033 1093 1067 aqua
1111 1021 1240 1055 Oceani
1252 1020 1390 1055 multum
1402 1019 1598 1063 absumitur,
1615 1025 1734 1057 cumin
1749 1035 1807 1056 va-
1850 1046 1852 1048 v
1876 1027 1878 1030 ⁴

412 1084 507 1120 pores
522 1071 627 1106 attolli
645 1075 698 1105 vix
709 1070 813 1119 poffit.
834 1073 918 1106 Sunt
929 1073 1014 1105 enim
1030 1069 1099 1104 salis
1109 1068 1287 1116 particulae,
1306 1080 1341 1103 ut
1359 1068 1428 1103 satis
1449 1068 1666 1117 probabiliter
1677 1073 1815 1119 conjicit'

416 1120 576 1155 Cartefius
588 1148 597 1164 ‚
614 1120 698 1154 durae
710 1121 837 1169 ,rigidae
849 1148 859 1164 ,
880 1125 914 1157 &
929 1119 1020 1155 velut
1038 1117 1218 1153 columellae
1241 1130 1311 1165 quae
1329 1116 1461 1153 sublatae
1480 1120 1512 1153 in
1536 1130 1646 1156 aerem
1669 1122 1815 1168 proprio

416 1170 560 1218 pondere
571 1170 731 1205 recidunt.
1810 1197 1812 1200 ,

450 1221 538 1253 Hinc
555 1220 641 1253 enim
661 1218 768 1265 palam
785 1215 821 1250 fit
837 1229 890 1251 cur
907 1229 989 1263 aqua
1006 1215 1078 1250 salsa
1093 1215 1234 1265 linguam
1251 1227 1371 1264 pungat
1385 1229 1458 1260 3cur
1473 1228 1583 1252 carnes
1597 1215 1659 1251 sale
1677 1215 1806 1265 aspersae

415 1265 473 1302 fint
485 1266 641 1302 firmiores
652 1295 662 1309 ,
675 1271 708 1302 δε
721 1268 825 1301 minus
841 1267 1039 1311 corruptioni
1051 1264 1312 1301 obnoxiaesNam
1323 1278 1413 1312 aquae
1425 1293 1435 1307 ,
1455 1270 1489 1301 &
1504 1265 1641 1300 aliorum
1659 1265 1727 1300 fere
1741 1266 1804 1301 hu-

415 1328 543 1351 morum
562 1314 726 1362 particula:
738 1328 811 1349 cum
829 1311 888 1348 sint
907 1312 1034 1348 lubricae
1048 1343 1057 1357 ‚
1073 1318 1107 1350 δε
1120 1313 1277 1361 plicatiles
1292 1342 1300 1355 ,
1315 1313 1334 1348 ἐι
1352 1315 1460 1361 rigidis
1483 1319 1515 1350 &
1527 1314 1610 1349 duris
1621 1314 1690 1348 salis
1707 1318 1805 1363 parti-

416 1364 476 1399 bus
490 1394 499 1408 ‚
514 1363 634 1411 quibus
661 1364 899 1406 advolvuntur,
921 1366 1056 1397 omnino
1073 1366 1274 1398 retinentur:
1294 1359 1332 1396 sic
1353 1375 1442 1409 aquae
1464 1362 1628 1410 particulae
1650 1376 1723 1398 cum
1744 1363 1804 1400 fint

415 1413 573 1461 plicatiles
587 1441 595 1454 ‚
606 1412 674 1447 salis
691 1425 818 1448 atomos
831 1411 1093 1446 circumfundunt
1106 1440 1115 1454 ,
1131 1416 1164 1447 &
1177 1411 1339 1459 separant:
1356 1410 1429 1446 hinc
1446 1410 1514 1445 salis
1535 1413 1568 1446 in
1579 1424 1662 1459 aqua
1678 1412 1803 1448 exsolu-

418 1465 477 1497 tio.
496 1465 569 1499 Nec
587 1461 655 1496 slis
667 1474 770 1508 partes
787 1460 873 1496 fleeri
884 1457 1009 1508 possunt
1021 1489 1030 1503 ‚
1045 1459 1099 1494 nisi
1111 1460 1234 1495 summo
1246 1462 1326 1508 ignis
1336 1460 1443 1495 calore
1454 1472 1492 1495 ex
1503 1461 1611 1508 rigidis
1626 1490 1636 1504 ,
1653 1466 1685 1498 &
1694 1462 1816 1511 *cylinffl

416 1512 507 1545 dricis
521 1511 598 1546 fiant
609 1510 764 1546 flexibiles
775 1538 785 1554 ,
798 1515 830 1547 &
842 1511 936 1546 instar
945 1509 1126 1558 gladiorum
1138 1508 1277 1544 secantes
1293 1524 1300 1545 :
1321 1512 1403 1544 utin
1422 1508 1533 1557 spiritu
1555 1508 1623 1544 salis
1635 1537 1645 1553 ‚
1661 1515 1694 1547 δε
1711 1513 1802 1560 aquis

416 1561 523 1608 stygiis
544 1562 692 1608 contigit.
1019 1605 1022 1606 ⁷

452 1611 514 1643 Sed
528 1639 537 1652 ,
552 1610 679 1655 inquies
691 1637 700 1651 ,
712 1620 783 1642 curn
798 1606 865 1641 salis
881 1609 982 1641 atomi
1000 1605 1058 1642 sint
1071 1604 1231 1642 craffiores
1253 1612 1285 1644 &
1304 1609 1469 1655 graviores
1484 1636 1494 1650 ‚
1511 1619 1609 1654 quare
1623 1619 1682 1656 per
1698 1619 1801 1645 totam

416 1670 531 1706 aquam
551 1656 671 1692 diffiisae
684 1660 714 1692 in
730 1669 768 1691 ea
784 1655 961 1691 fluctuant?
974 1657 1041 1691 Cur
1055 1659 1185 1704 proprio
1200 1657 1343 1704 pondere
1356 1669 1421 1691 non
1441 1656 1593 1691 decidunt
1608 1667 1618 1693 Ξ

450 1708 538 1754 Refp.
559 1706 637 1740 Salis
652 1718 757 1753 partes
768 1704 828 1740 esse
840 1703 990 1751 aequabil*
1001 1720 1014 1741 s
1024 1734 1032 1748 ‚
1044 1711 1079 1742 δε
1094 1707 1175 1739 circa
1187 1717 1239 1740 eas
1251 1704 1345 1739 facile
1356 1704 1487 1739 advolvi
1498 1704 1622 1740 flexiles
1631 1718 1721 1754 aquae
1728 1718 1802 1755 par-

420 1755 550 1790 ticulas:
571 1760 603 1792 δι
615 1766 733 1791 tamen
745 1784 754 1798 ,
768 1766 804 1789 ut
822 1754 962 1788 diximus
973 1782 980 1796 ‚
996 1766 1065 1801 pars
1079 1766 1170 1801 aquae
1184 1755 1249 1787 ima
1265 1754 1308 1787 est
1323 1753 1442 1796 salsior,
1463 1767 1504 1789 ex
1521 1767 1623 1801 eaque
1643 1760 1807 1802 majorem*-

417 1803 486 1838 salis
514 1805 642 1852 copiam
671 1803 841 1838 extrahunt
857 1801 924 1837 salis
941 1801 1081 1836 artifices
1102 1832 1110 1845 ‚
1128 1803 1180 1848 qui
1201 1801 1320 1836 scilicet
1342 1815 1461 1849 aquam
1481 1806 1638 1838 marinam
1663 1806 1695 1837 in
1722 1800 1801 1840 vafis

416 1851 577 1901 plumbeis
591 1864 787 1898 excoquunt,
803 1863 900 1898 quam
912 1862 949 1884 ex
967 1863 1057 1896 aquae
1076 1862 1167 1897 parte
1178 1849 1308 1886 summa.
1321 1851 1420 1896 Qod
1435 1848 1512 1885 fieae
1527 1851 1690 1899 particula:
1700 1850 1800 1888 essent

417 1913 456 1935 ex
469 1913 531 1935 una
545 1913 635 1948 patre
644 1903 813 1942 acutiores,
826 1899 955 1933 tandem
964 1900 1005 1934 ad
1022 1899 1157 1934 fundum
1171 1898 1400 1934 descenderent
1412 1927 1421 1941 ,
1432 1898 1597 1934 siarcuatae
1611 1898 1799 1942 elsent,cum

417 1949 561 1997 angustos
575 1950 738 1983 duriorum
754 1960 923 1995 corporum
936 1959 1059 1982 meatus
1079 1947 1210 1982 subeunt
1221 1976 1230 1990 ,
1243 1950 1295 1983 vix
1309 1947 1339 1982 se
1354 1949 1504 1996 expedire
1520 1948 1655 1996 possent.
1685 1952 1800 1997 Itaque

418 2009 454 2032 ut
464 2000 587 2043 optime
597 1997 720 2046 colligit
733 1999 791 2031 Vir
809 1995 1003 2031 doctiffimus
1019 2026 1028 2040 ‚
1042 1995 1163 2032 neceffe
1179 1997 1222 2031 est
1239 2009 1291 2030 eas
1316 1996 1407 2032 velut
1421 1997 1607 2033 columellas
1633 1998 1800 2046 aequaliter

419 2045 528 2082 crassis
542 2046 677 2080 existere
697 2061 704 2081 :
720 2045 759 2080 sic
783 2047 869 2080 enim
887 2045 1012 2080 facilius
1030 2044 1072 2079 ab
1091 2058 1171 2092 aqua
1192 2045 1386 2082 sustinentur.
1410 2046 1500 2081 Hinc
1515 2059 1598 2094 aqua
1620 2049 1743 2082 matina
1757 2048 1816 2083 est:

418 2107 500 2140 aqua
513 2094 645 2142 pluviali
657 2093 847 2142 pellucidior
863 2109 869 2129 :
887 2107 962 2129 nam
974 2094 1094 2129 subtilis
1107 2097 1241 2129 materia
1263 2107 1368 2143 partes
1388 2107 1478 2141 aquae
1502 2098 1690 2143 circumagit
1703 2124 1713 2138 ,
1730 2108 1799 2132 non

419 2143 576 2179 infleffit:
593 2156 717 2178 cumeae
734 2143 791 2177 sint
807 2144 826 2178 ᾖ
843 2143 1024 2178 seinvicem
1043 2143 1207 2188 sejunclae,
1221 2157 1286 2179 non
1300 2143 1356 2178 fibi
1371 2156 1483 2179 mutuo
1497 2144 1643 2191 implexae
1662 2158 1669 2179 τ
1686 2155 1721 2179 ut
1738 2146 1809 2179 cri-1

418 2206 495 2235 nes,
513 2195 620 2239 inquit
631 2192 718 2227 idem
740 2193 882 2234 Aurhm,
903 2194 1041 2240 pectinis
1064 2191 1216 2227 dentibus
1248 2193 1450 2227 discriminati
1473 2192 1597 2227 facilius
1618 2193 1796 2228 calam⁴stro

419 2241 602 2289 crispantur.
639 2243 727 2276 Hinc
740 2244 837 2275 etiam
855 2254 938 2288 aqua
953 2240 1026 2276 salsa
1043 2244 1094 2275 vix
1112 2245 1149 2276 in·
1163 2241 1301 2290 glaciem
1320 2241 1492 2277 concrescit
1507 2270 1516 2285 ,
1529 2241 1616 2287 quod
1639 2241 1660 2277 ἐι
1685 2240 1795 2277 subtili

418 2293 551 2326 materia
573 2290 696 2324 facilius
708 2302 887 2325 moveatur.

450 2342 579 2374 Dixerit
592 2339 703 2386 aliquis
714 2369 722 2382 ‚
737 2352 810 2373 cum
823 2352 861 2373 ex
875 2341 953 2373 msri
966 2351 1016 2373 tot
1029 2352 1165 2387 vapores
1178 2368 1186 2380 ,
1201 2345 1234 2375 «Sc
1252 2339 1355 2375 nulwes
1365 2339 1550 2375 attollantur
1563 2368 1572 2380 ‚
1584 2351 1688 2386 partes
1705 2351 1800 2385 aqua!

412 2386 571 2421 flexibiles
591 2387 709 2423 abeant
724 2391 757 2423 in
767 2401 837 2423 aera
852 2417 863 2432 ,
879 2391 987 2437 rigidae
998 2387 1065 2424 fidis
1078 2387 1240 2437 particulae
1253 2400 1454 2432 remaneant,
1467 2387 1591 2425 necesse
1602 2388 1646 2424 est
1656 2401 1691 2424 ut
1703 2400 1793 2424 mare

407 2436 441 2469 in
452 2436 519 2471 dies
534 2435 634 2472 salsius
648 2439 774 2474 evadat.
1700 2437 1794 2486 Resp.
