1878 2724
372 168 421 208 582
654 161 911 200 PHYSICAE
951 158 1113 197 PARS
1148 159 1431 197 SECUNDA

369 225 490 248 nomen
503 212 630 259 accipit.
653 211 754 260 Qd
773 209 793 245 fi
810 208 927 258 globus
939 211 1050 257 igneus
1076 211 1196 244 circum
1219 209 1248 244 se
1266 207 1386 244 floccos
1402 207 1538 258 pensiles
1556 209 1773 246 instarsslanae'

371 260 522 310 praeferat
534 287 544 303 ,
561 270 596 293 ac
610 257 690 293 saltu
703 260 870 294 incondito
889 257 1053 302 lasciviat,
1071 269 1172 305 caprae
1184 257 1325 293 saltantis
1350 270 1471 294 nomen
1494 257 1674 295 obtinebit.
1694 261 1760 295 Sti-

372 309 449 358 pulae
465 309 610 342 dicuntur
623 333 632 348 ,
647 318 720 341 cum
733 305 849 354 globus
864 309 976 355 igneus
997 320 1065 342 non
1081 317 1215 356 apparet
1230 335 1241 351 ,
1253 305 1307 341 sed
1325 306 1486 342 exhalatio
1498 306 1562 342 late
1571 306 1760 357 dispersain-

377 356 481 393 censas
497 354 637 403 stipulaS,
658 366 714 390 aut
727 356 834 403 paleas
853 355 999 391 exhibet.

434 405 521 439 Cum
541 405 630 450 ignes
642 402 689 437 illi
703 405 846 441 materiae
857 407 947 439 tenui
960 434 969 447 ,
981 410 1013 441 ὃς
1024 402 1407 446 subtili-infideantsacile
1422 405 1650 453 extinguuntur
1663 419 1671 441 :
1685 417 1760 442 nam
1773 420 1775 422 ·

375 451 396 488 fi
419 450 557 489 craffiori
574 451 758 487 adhaereant
770 455 914 488 materiae
928 452 1222 495 ,subitordecidunt
1233 480 1242 494 ‚
1261 464 1298 486 ac
1315 456 1446 501 proptio
1463 455 1624 489 renitente
1637 455 1761 503 ponde-

375 514 409 537 re
431 502 548 536 diutius
560 502 591 534 in
605 513 678 535 aere
695 500 837 548 suspendi
849 515 914 536 non
925 500 1061 549 possunt.
1083 502 1198 547 Qare
1209 499 1315 536 trabes
1327 514 1399 549 quae
1421 501 1608 549 aliquandiu
1619 502 1765 550 perseve-

375 561 447 586 rant
462 554 474 595 (
494 549 625 597 qualem
641 549 670 584 se
690 549 799 585 vidiffe
809 552 909 598 Aquis
921 553 1035 585 Sextiis
1054 563 1141 586 anno
1155 552 1226 595 1637
1241 548 1284 584 ab
1295 562 1368 584 ortu
1390 553 1422 585 in
1433 549 1576 585 occasum
1593 563 1763 600 praetervo-

376 599 502 635 lantem
522 598 656 632 testatur
674 597 862 642 Gaffendus,
876 612 945 646 quae
958 600 1077 634 eodem
1096 610 1242 646 tempore
1263 600 1298 633 in
1315 610 1384 633 tota
1407 600 1581 634 Occitania
1607 600 1672 634 visa
1694 601 1776 643 est)-

376 650 409 682 in
421 646 548 682 sublimi
565 646 671 682 forsan
688 659 763 681 aere
774 647 967 683 formantur.
982 650 1078 684 Anno
1091 655 1181 691 1676,
1200 647 1253 681 die
1271 660 1297 691 3¹
1317 649 1430 682 Martii
1447 647 1525 682 hora
1541 646 1673 695 septima
1691 661 1780 683 curn-

376 694 518 740 semisse,
543 700 555 739 (
570 698 647 730 utin
665 698 906 731 commentariis
922 699 1033 745 Regiae
1045 697 1231 731 Academia:
1253 695 1361 732 clariis.
1380 695 1514 731 Caffino
1534 698 1680 732 Bononia
1696 695 1767 732 scri-

377 757 469 794 ptum
485 746 612 792 reperio
624 746 638 787 )
650 745 740 791 hujus
749 748 878 793 generis
900 748 995 794 ignea
1007 744 1169 793 impreslio
1187 743 1253 779 visa
1261 745 1306 778 est
1315 747 1465 781 Bononiae
1478 758 1487 780 z
1499 744 1588 793 hujus
1599 757 1694 794 caput
1715 745 1774 781 lu·-

377 806 453 829 nam
469 794 692 841 magnitudine
710 793 861 839 aequabat
872 823 881 837 ‚
897 800 930 831 &
953 794 1046 829 instar
1063 793 1135 829 solis
1149 794 1217 841 post
1238 792 1383 841 pluviam
1399 796 1433 830 in
1446 793 1603 841 vaporoso
1621 806 1697 829 aere
1716 794 1767 829 lu-

377 843 484 878 cidum
500 840 679 890 apparebat
690 871 700 885 ,
723 841 856 890 longam
867 843 938 890 post
954 841 984 877 se
997 844 1129 878 caudam
1141 842 1367 877 scintillantem
1385 842 1514 878 trahens
1529 871 1539 886 ,
1554 854 1647 878 motu
1662 842 1769 878 celer-
1822 863 1825 865 >

377 894 461 926 rimo
472 890 514 925 ab
525 903 596 925 ortu
620 892 654 925 in
669 890 814 925 occasum
831 890 933 938 spatio
955 892 1023 926 fere
1043 905 1069 937 4
1085 893 1282 926 minutorum
1299 890 1469 939 abreptum
1487 903 1589 939 prope
1610 891 1777 928 horizon--

379 951 446 975 tem
463 943 565 986 majus
579 941 745 987 apparuit,
761 950 842 973 terra
853 940 944 975 instar
956 941 1038 988 ignis
1055 939 1251 975 rubescente.
1267 942 1352 975 Tum
1369 952 1503 988 magnus
1512 941 1668 988 strepituS,
1682 952 1765 988 qua-

379 988 445 1024 lem
460 989 531 1023 fere
556 990 646 1036 ignes
668 986 798 1023 missiles
824 986 970 1035 disruptis
994 988 1108 1023 chartis
1128 985 1291 1030 efficiunt,
1314 988 1439 1022 auditus
1456 988 1498 1022 est
1512 1017 1522 1031 ‚
1545 994 1579 1025 ὃ(
1599 988 1743 1024 nubibus
1756 1017 1768 1032 ‚

379 1049 432 1071 aut
444 1036 535 1071 fumo
550 1036 737 1084 permistum
755 1038 889 1071 evanuit
908 1052 916 1073 :
933 1049 1070 1083 tumque
1084 1037 1165 1071 odor
1183 1036 1362 1084 sulphureus
1373 1066 1382 1079 ,
1409 1048 1465 1072 aut
1487 1036 1697 1072 bituminosus
1711 1049 1768 1071 ae-

380 1098 450 1121 rem
462 1085 618 1132 implevit.
641 1084 769 1119 Coelum
784 1085 889 1119 statim
899 1085 1064 1121 eat-sereno
1081 1084 1219 1120 nubibus
1233 1084 1414 1120 obductum
1429 1086 1492 1120 fui-t
1504 1114 1514 1129 ‚
1537 1090 1571 1122 ὃς
1593 1087 1691 1120 nocte
1709 1086 1770 1120 ali-

381 1134 573 1181 quantulum
583 1133 670 1181 vpluit
683 1147 691 1168 :
702 1145 773 1167 cum
784 1145 859 1168 ante
872 1145 1012 1180 quatuor
1023 1132 1143 1168 menses
1155 1147 1222 1168 non
1238 1132 1372 1180 pluill'et.
1388 1135 1507 1182 {Eadem
1522 1134 1600 1168 hora
1615 1134 1725 1170 multis
1735 1136 1779 1170 in.

380 1183 460 1218 locis
476 1181 577 1217 ltaliae
588 1209 598 1224 ,
612 1187 646 1218 &
659 1181 825 1216 Florentiae
834 1184 1077 1230 imprimiscurn
1088 1185 1214 1231 ingenti
1224 1181 1302 1217 sono
1319 1183 1351 1216 id
1362 1182 1534 1231 apparuisse
1544 1183 1661 1220 ferunt.
1672 1186 1718 1219 Ac
1728 1184 1770 1217 de

381 1233 493 1269 mixtis
514 1231 714 1278 imperfectis
739 1241 874 1266 tanturn·
899 1233 1002 1268 Nune
1019 1231 1059 1265 de
1075 1233 1155 1266 iride
1168 1236 1228 1274 ,.&
1251 1230 1320 1265 aliis
1346 1230 1600 1280 impressionibus
1641 1245 1686 1267 uae
1699 1244 1769 1266 em-

380 1280 517 1329 phaticae
536 1307 545 1321 ‚
566 1278 618 1313 seu
640 1290 833 1326 apparentes
848 1280 995 1314 dicuntur
1012 1307 1022 1322 ,
1038 1280 1198 1328 agendum
1209 1280 1260 1314 est.
1283 1279 1450 1326 Qilocus
1464 1292 1535 1314 cum
1549 1279 1584 1314 sit
1597 1279 1627 1314 su
1654 1279 1769 1315 obscu-

381 1331 444 1362 rior
456 1356 466 1370 ‚
478 1327 520 1361 ab
536 1325 762 1375 incipientibus
783 1330 986 1376 praetermitti
1000 1329 1114 1376 potest.
1137 1328 1199 1362 Sed
1220 1326 1304 1375 prius
1319 1327 1414 1363 nobis
1435 1329 1476 1364 de
1490 1339 1603 1365 natura
1622 1328 1768 1365 colorum

383 1378 440 1425 qui
451 1387 637 1425 apparentes
650 1376 712 1411 dici
721 1373 825 1413 solent
834 1404 844 1421 ,
856 1377 1004 1425 quaedam
1019 1375 1088 1413 sunt
1103 1376 1354 1426 praemittenda„

871 1477 904 1512 C
918 1476 947 1511 A
964 1477 988 1511 Ρ
1002 1475 1037 1512 U
1054 1475 1085 1510 T
1149 1478 1183 1511 X
1197 1479 1224 1514 1³

861 1571 918 1607 De
927 1574 1034 1610 -Iridis
1064 1573 1255 1611 coloribus.-

385 1668 507 1752 DE
525 1670 597 1706 loco
610 1699 621 1714 ,
638 1683 770 1716 natura,
783 1671 944 1708 coloribus
957 1702 967 1717 ‚
982 1678 1014 1710 &
1034 1668 1135 1722 figura
1152 1672 1238 1707 iridis
1250 1674 1317 1721 jam
1331 1671 1419 1707 nulla
1439 1683 1521 1720 pene
1538 1671 1580 1707 est
1597 1674 1681 1708 inter
1693 1673 1773 1709 Phi‘

485 1718 550 1754 loso
575 1721 633 1755 hos
645 1723 823 1756 contentio.
853 1724 939 1758 Nam
953 1735 1067 1756 omnes
1086 1721 1154 1756 fere
1171 1723 1228 1768 qui
1246 1733 1314 1756 rem
1331 1723 1445 1755 acriori
1468 1722 1578 1755 animo
1606 1723 1771 1768 expende·

384 1778 460 1801 runt
471 1795 482 1810 ,
493 1770 525 1802 in
547 1733 705 1804 [kentenna
729 1769 861 1804 Cartefii
871 1770 1086 1817 acquiescunt.
1099 1771 1161 1805 Sed
1180 1768 1255 1804 cnm
1268 1782 1304 1803 ea
1316 1770 1520 1805 demonstrari
1532 1771 1584 1804 vix
1595 1767 1700 1817 poffir,
1712 1767 1774 1804 nifi‘

384 1814 675 1859 demonstrationes
688 1819 704 1853 ὲ
715 1817 872 1853 secretiori
884 1818 1022 1853 Mathesi
1035 1820 1232 1866 depromptae
1251 1817 1467 1853 adhibeantur
1478 1845 1489 1860 ,
1499 1830 1568 1864 quae
1578 1829 1636 1852 nec
1646 1817 1768 1865 publici

383 1860 455 1897 siunt
465 1864 582 1911 saporis
594 1894 604 1908 ‚
626 1878 732 1912 neque
744 1865 888 1900 hocloco
904 1866 1010 1901 afferri
1030 1867 1172 1909 debent,
1183 1878 1251 1900 rem
1271 1878 1404 1900 omnem
1413 1866 1512 1913 quam
1522 1868 1702 1914 poterimus
1719 1866 1771 1901 di.

385 1910 487 1946 lucide
497 1912 632 1959 Physicis
651 1913 844 1957 rationibus,
858 1921 891 1950 δε
907 1917 1134 1963 experimentis
1153 1913 1311 1949 firmatam
1335 1926 1544 1962 exponemus,

424 1962 471 1995 Ac
489 1960 630 2008 primum
642 1962 770 2007 quidem
784 1963 815 1995 id
833 1974 956 1998 certum
975 1965 1121 2006 videtur,
1141 1968 1174 2000 &
1192 1963 1393 2011 exploratum
1406 1965 1476 1998 irim
1494 1966 1525 1997 in
1541 1962 1628 1998 nube
1639 1964 1744 1998 rorida
1758 1971 1772 2008 ,'

386 2020 442 2042 aut
454 2008 595 2055 globulis
606 2013 717 2056 aqueis
737 2010 845 2044 &nube
858 2010 1085 2046 delabentibus
1099 2011 1240 2048 formari.
1254 2012 1353 2048 Unde
1365 2010 1385 2046 sl
1398 2012 1483 2047 forte
1495 2010 1552 2046 sub
1566 2024 1713 2047 exortum
1722 2013 1772 2047 so·

386 2057 426 2091 lis
441 2059 576 2092 virentia
594 2060 674 2105 prati
693 2061 834 2105 gramina
847 2072 917 2093 rore
936 2059 1055 2107 aspersa
1071 2059 1259 2108 conspicias,
1269 2059 1378 2109 singuli
1392 2063 1470 2095 roris
1483 2059 1606 2108 globuli
1623 2073 1664 2096 ex
1678 2072 1771 2096 certo

387 2104 442 2139 fitu
455 2135 464 2148 ‚
479 2111 511 2143 δε
525 2106 597 2140 loco
613 2105 744 2153 spectati
760 2120 872 2142 omnes
888 2110 973 2142 iridis
993 2109 1116 2144 colores
1126 2108 1338 2145 exhibebunt.
1351 2110 1399 2144 Est
1412 2110 1542 2157 quidam
1555 2111 1587 2143 in
1600 2111 1771 2144 Provincia

387 2154 474 2189 locus
489 2182 499 2196 ,
518 2155 700 2189 Sillantium
718 2167 837 2190 vocant
849 2186 858 2199 ,
884 2156 938 2191 ubi
956 2156 1105 2194 fluviolus
1124 2160 1141 2194 ὲ
1162 2156 1303 2206 praecelsa
1326 2170 1404 2206 rupe
1418 2171 1536 2206 magno
1548 2159 1669 2204 impetu
1687 2170 1770 2206 prae-

387 2205 539 2250 cipitatus
552 2233 561 2246 ,
578 2208 609 2239 &
620 2216 738 2252 vapore
756 2206 864 2238 rorido
878 2234 888 2247 ‚
904 2218 1057 2252 tanquam
1073 2205 1283 2243 minutiffimo
1293 2207 1423 2254 pulvere
1440 2204 1641 2240 circumfusus
1659 2235 1669 2250 ,
1697 2208 1771 2242 irim

388 2251 459 2285 fere
471 2265 646 2298 perennem
659 2281 667 2289 .
679 2252 758 2286 reste
774 2254 811 2285 G.
826 2250 933 2288 ffsndo
947 2283 955 2295 ‚
984 2255 1124 2290 exhibet
1146 2257 1198 2290 Sic
1210 2254 1268 2290 ubi
1282 2267 1400 2303 aquam
1412 2254 1476 2289 sole
1486 2253 1597 2288 averso
1615 2267 1671 2290 ore
1685 2253 1770 2303 spar-

388 2301 492 2347 gimus
506 2329 515 2343 ,
536 2300 599 2335 haec
621 2303 691 2335 irim
703 2301 891 2348 plerumque
903 2305 1054 2350 exprimit

433 2363 459 2384 2.
475 2351 563 2383 Hinc
578 2349 714 2397 sequitur
732 2361 769 2384 ex
780 2353 864 2384 varia
878 2351 1004 2385 luminis
1026 2351 1201 2387 reflexione
1212 2382 1222 2396 ‚
1244 2359 1278 2390 δε
1288 2353 1484 2388 ῐεέῐειὸὶίοῃε
1499 2354 1604 2387 varios
1616 2354 1702 2387 iridis
1713 2364 1769 2387 co-

386 2395 469 2432 lores
487 2410 665 2447 emergere.
681 2400 758 2450 Q>
767 2410 876 2436 autem
886 2401 984 2438 modo
995 2402 1026 2437 id
1037 2400 1270 2450 fiagingeniose
1280 2401 1418 2452 explicat
1431 2398 1597 2447 Cattefius-
1619 2402 1684 2449 Sed
1695 2413 1770 2438 cum
