1878 2724
448 100 809 141 TRACTATUS
843 100 1117 141 TERTIUS.·
1434 122 1489 152 231

96 155 286 204 intercepta
296 152 386 189 idem
399 152 519 189 efficiat
534 182 544 197 ‚
553 165 591 188 ac
602 152 623 188 fi
635 153 703 189 duae
713 165 800 200 aquae
810 152 942 202 guttulae
953 158 986 190 ὃς
1001 153 1148 201 suspensa:
1161 150 1224 187 sese
1244 155 1482 203 contingerent:

109 217 179 242 tum
193 207 278 240 enim
289 231 299 246 ,
315 214 349 237 ut
358 202 434 238 alias
445 203 583 237 diximus
595 231 604 245 ,
615 204 648 237 in
663 214 761 237 unam
775 204 906 238 co‘e'unt.
926 201 1026 238 Unde
1044 207 1079 240 &
1102 201 1148 237 ob
1167 202 1304 237 eandem
1324 206 1484 241 rationem

106 254 140 290 hi
150 251 273 302 globuli
290 253 387 288 vitrei
398 281 408 295 ,
425 264 498 286 cum
516 249 651 299 scyphus
664 250 712 285 est
724 250 888 299 paululum
899 250 1072 299 angustior,
1086 253 1121 287 in
1139 249 1252 298 scyphi
1265 249 1365 285 latera
1375 256 1484 300 praeci.

105 304 188 350 pites
200 311 307 337 ruunt.
323 302 367 336 At
375 313 446 336 cum
457 298 484 334 sc
510 298 591 347 phus
607 297 647 333 fic
662 311 745 346 aqua
761 299 913 348 impletur
924 326 935 342 ,
953 310 988 333 ut
999 311 1036 333 ea
1046 299 1114 334 fere
1127 299 1267 334 exundet
1283 327 1295 341 ,
1317 311 1351 334 ut
1365 303 1398 337 in
1414 302 1484 350 scy.

103 350 172 399 pho
185 348 376 398 A,globulus
391 351 414 383 Β
424 377 434 392 ,
446 313 555 392 velD5
566 359 636 383 tum
648 346 799 397 globulus
808 359 911 396 prope
923 346 1032 395 scyphi
1043 351 1222 397 marginem
1243 347 1361 396 politus
1378 351 1482 387 versus

105 399 250 434 medium
265 397 374 446 scyphi
384 396 550 445 repellitur
563 398 596 432 in
606 396 636 431 C
651 396 759 443 :quod
768 408 855 443 aqua
867 407 968 444 prope
984 394 1095 445 scyphi
1113 398 1273 444 margines
1285 399 1318 432 in
1340 396 1482 436 formam

101 459 282 484 convexam
303 457 429 480 arcuata
440 445 476 480 fit
486 445 582 480 altior
596 459 605 480 :
637 444 721 479 adeo
736 455 772 478 ut
788 443 906 492 globus
926 446 1045 479 vitreus
1060 446 1144 480 circa
1154 457 1255 492 quem
1266 457 1348 493 aqua
1365 447 1479 483 itidem

100 495 228 540 assurgit
240 524 250 539 ,
260 496 300 529 ad
316 493 612 543 scyphimarginem
620 505 688 528 non
699 491 793 541 poffit
807 492 960 528 accedere
969 521 978 535 ,
1001 496 1079 539 quin
1090 506 1174 541 aqua
1196 493 1279 528 ultra
1298 493 1396 541 quam
1412 499 1481 544 pati

101 535 218 593 potel‘c,
235 544 402 579 attollatur
413 553 538 590 :iquare
550 543 689 577 nimium
703 539 828 576 sublata
841 540 988 576 recidens
997 540 1168 590 globulum
1179 541 1316 591 repellit.

140 605 171 634 3.
194 595 228 628 Si
237 590 433 640 globulifint
440 592 572 639 pingues
583 618 594 634 ,
607 601 643 625 ut
655 592 758 634 cerei,
774 602 796 638 g
808 595 840 626 &
853 590 884 633 f,
902 600 975 624 tum
991 602 1111 637 aquam
1131 592 1325 639 depriment.
1335 594 1443 630 Unde
1458 594 1479 629 fi

96 640 232 690 propius
241 640 475 676 admoveantur
486 668 497 682 ‚
517 641 554 673 in
564 638 671 674 locum
683 637 911 687 depreffiorem
924 636 1025 673 ambo
1044 639 1198 674 decident
1208 668 1219 683 ,
1242 645 1275 677 δ(
1288 639 1345 675 fibi
1361 653 1478 677 mutuo

97 693 342 738 con'ungentur.
355 688 418 724 Sed
428 686 450 723 si
462 687 556 723 alteri
567 699 680 723 eorum
693 686 810 737 globus
825 689 950 724 vitreus
961 687 1172 723 admoveatur
1190 717 1200 732 ,
1217 700 1254 724 ut
1268 688 1288 723 fi
1298 689 1436 738 globulo
1449 691 1476 734 f,

95 703 281 786 globumb,
296 736 471 773 admoveas
485 750 494 772 ε
508 749 582 771 cum
592 748 674 784 aqua
711 749 757 771 uae
770 736 856 772 hunc
864 734 1032 785 globulum
1048 735 1171 780 ambit,
1188 736 1224 772 fit
1237 737 1331 773 altior
1341 768 1352 783 ‚
1375 738 1418 774 ab
1437 751 1476 775 ea

93 785 247 834 globulus
260 797 369 825 ,cereus
386 785 547 834 refugiet,
562 784 648 833 quasi
665 789 694 821 el
708 796 764 820 ent
776 784 834 821 fibi
849 796 963 820 mutuo
975 784 1099 822 infenfi.
1111 786 1203 821 Idem
1218 787 1343 823 accidet
1353 792 1387 825 &
1401 801 1477 837 pro-

93 846 166 883 pter
176 835 311 871 eandem
325 837 485 870 rationem
499 863 509 878 ‚
523 833 543 869 fi
559 832 710 882 globulus
725 846 834 870 cereus
847 832 958 869 sensim
979 846 1081 883 prope
1099 833 1214 883 scyphi
1234 834 1313 870 latus
1331 836 1475 872 colloce-

94 893 163 919 tur:
183 897 254 920 cum
267 886 356 919 enim
366 897 406 918 eo
417 882 479 918 loci
490 895 575 931 aqua
584 882 620 918 fit
632 883 727 919 altior
739 910 748 924 ,
766 881 913 931 globulus
926 883 965 917 ad
979 883 1124 919 medium
1133 883 1242 931 scyphi
1254 882 1316 919 sese
1329 888 1476 935 recipiet.

111 947 155 980 4.
164 935 244 970 Non
255 932 394 969 diffimili
406 934 531 967 ratione
543 944 617 968 cum
626 930 760 982 scyphus
772 933 834 967 erit
847 943 931 979 aqua
950 931 1064 980 plenus
1080 960 1091 976 ,
1114 931 1262 981 globulus
1283 945 1391 970 cereus
1407 947 1441 971 ur
1451 935 1480 979 f,

90 993 193 1031 prope
208 981 320 1031 scyphi
329 982 507 1029 marginem
517 979 627 1017 senfim
637 980 812 1017 collocatus
822 982 863 1016 ad
881 979 1006 1017 labrum
1016 980 1124 1030 scyphi
1134 993 1273 1030 praeceps
1285 986 1350 1019 ruit
1361 1012 1370 1027 ,
1385 985 1475 1032 quod

90 1042 208 1078 aquam
219 1031 333 1065 coloci
346 1028 574 1078 depressiorem
587 1029 714 1066 efficiat·
733 1029 876 1078 Reliqua
889 1031 978 1065 enim
990 1042 1073 1078 aqua
1092 1042 1166 1065 cum
1179 1029 1217 1066 sit
1236 1032 1277 1065 ad
1297 1030 1443 1069 libellam
1461 1047 1472 1069 ε

89 1077 144 1115 seu
152 1079 315 1115 horizonti
323 1077 476 1127 parallela
487 1105 497 1120 ‚
515 1082 550 1115 &
561 1090 662 1126 prope
681 1078 791 1127 scyphi
801 1080 961 1126 margines
973 1081 1158 1114 incurvetur
1167 1107 1177 1122 ‚
1188 1078 1246 1114 ubi
1282 1078 1412 1116 lobulus
1421 1095 1473 1118 ce-

89 1138 161 1163 reus
173 1139 275 1175 prope
290 1126 790 1171 eamcurvaturamcollocatur‚
810 1138 928 1174 aquam
948 1125 1116 1174 paululum
1139 1126 1223 1162 infra
1245 1093 1391 1164 ligbellam
1413 1132 1472 1166 de.

84 1178 213 1224 primit.
225 1176 316 1212 Idem
328 1178 414 1211 enim
428 1175 562 1218 accidit,
574 1187 611 1208 ac
623 1174 645 1209 fi
655 1175 735 1210 duos
748 1173 898 1224 globulos
913 1186 1023 1209 cereos
1038 1176 1073 1209 in
1090 1175 1201 1210 medio
1214 1175 1327 1224 scyphi
1339 1177 1470 1224 paulum

87 1224 238 1261 distantes
257 1223 368 1259 sensim
383 1226 426 1259 im
452 1235 566 1257 oneres
579 1236 588 1258 ι
600 1234 670 1259 tum
679 1225 766 1259 enim
776 1235 855 1258 unus
870 1224 909 1257 ad
921 1222 1058 1257 alterum
1072 1223 1224 1267 accedet,
1242 1237 1308 1260 non
1324 1224 1368 1259 ob
1385 1225 1470 1275 sym-

85 1273 230 1320 pathiam
238 1273 416 1322 quandam,
430 1272 469 1307 ed
482 1274 559 1320 quia
567 1283 688 1320 aquam
701 1273 907 1321 interjestam
917 1271 1159 1320 deprimunt‚&
1172 1274 1208 1308 in
1221 1284 1311 1309 arcus
1325 1272 1467 1311 formam

85 1323 267 1358 incurvant.

125 1371 217 1406 Idem
235 1372 268 1413 iu
283 1370 412 1406 aciculis
426 1376 460 1408 δε
475 1371 613 1406 eandem
626 1370 671 1406 ob
681 1373 842 1407 rationem
856 1369 1063 1405 observamus
1074 1399 1083 1414 ‚
1103 1382 1177 1405 cum
1196 1382 1287 1418 aquae
1300 1373 1452 1409 innatant

85 1430 163 1454 nam
182 1418 310 1463 admoti
329 1419 422 1454 cultri
441 1431 632 1455 mucronem
646 1419 714 1454 fere
728 1431 762 1454 ut
785 1430 972 1468 magnetem
986 1417 1195 1466 insequuntur
1212 1433 1219 1454 ε
1241 1419 1420 1456 dummodo
1437 1424 1464 1456 is

84 1479 170 1514 aqua
186 1481 254 1504 non
265 1468 426 1504 maduerit
437 1496 446 1511 ,
462 1479 531 1502 tum
550 1470 636 1503 enim
650 1480 725 1503 eum
739 1468 868 1517 fugiunt
882 1468 986 1504 :adeo
1009 1479 1045 1502 ut
1057 1466 1205 1503 dubitare
1227 1481 1293 1503 non
1309 1468 1463 1516 poffimus

84 1518 162 1562 quin
172 1516 326 1564 pleraque
339 1517 408 1552 haec
424 1516 638 1563 phaenomena
646 1529 685 1551 ex
695 1519 732 1551 iis
747 1516 839 1551 caulis
849 1519 991 1551 otiantur
1004 1531 1012 1552 :
1027 1515 1150 1550 tametsi
1159 1529 1225 1554 uon
1236 1516 1363 1554 inficior
1376 1531 1462 1555 non„

83 1564 167 1600 m'hil
184 1567 282 1600 etiarn
293 1576 349 1602 aut
367 1563 516 1614 preffioni
531 1567 611 1599 aeris
624 1593 636 1609 ‚
651 1576 705 1600 aut
718 1567 822 1599 motui
835 1563 897 1599 effe
908 1563 1129 1599 tribuendum.

561 1647 743 1681 Solvuntur
763 1644 972 1690 Objefliones.

119 1713 204 1761 Opp.
226 1725 261 1747 .x.
287 1714 438 1758 Si-partes
456 1710 650 1746 insensibiles
666 1723 721 1745 cor
745 1713 810 1745 oris
827 1711 920 1746 fluidi
938 1712 1027 1745 vario
1039 1714 1075 1746 ὃ(
1096 1710 1348 1746 indeterminato
1366 1724 1456 1749 motu

81 1761 263 1807 agitantur,
277 1759 357 1796 nihil
366 1759 505 1794 fluiditas
517 1759 537 1795 ὲ
550 1759 656 1794 calore
666 1723 827 1794 dissi’debit
843 1773 851 1795 :
864 1765 897 1796 &
914 1770 1024 1794 tamen
1033 1758 1136 1794 multa
1154 1758 1224 1793 sunt
1239 1772 1373 1807 corpora
1386 1762 1460 1797 flui-

82 1808 141 1851 da,
156 1814 189 1845 δι
200 1810 313 1844 eadem
327 1808 460 1857 frigida,
479 1820 513 1843 ur
526 1808 674 1856 aeripse,
693 1813 820 1856 &aqua
834 1825 843 1852 3
856 1807 955 1843 multa
970 1808 1084 1842 itidem
1099 1807 1168 1842 sunt
1182 1808 1276 1851 dura,
1292 1814 1325 1845 δε
1342 1809 1457 1852 calida,

81 1868 117 1891 ut
127 1856 202 1891 sales
216 1857 308 1893 alcali
321 1886 330 1900 ‚
352 1869 388 1892 ex
407 1856 524 1904 quibus
535 1856 615 1905 saepe
625 1868 776 1904 parantur
786 1860 924 1892 cauteria
941 1870 949 1893 ε
963 1855 1139 1904 cujusmodi
1153 1855 1195 1890 est
1213 1854 1400 1903 salfraxing
1413 1858 1457 1894 sal

83 1903 175 1951 ipsius
192 1908 309 1940 tartari
323 1934 333 1948 ‚
350 1905 420 1940 calx
431 1908 526 1947 viva,
542 1910 576 1942 δι
595 1905 657 1940 alia
668 1904 833 1953 ejusmodi.

117 1954 209 2000 Resp.
221 1955 361 1988 eundem
379 1953 449 1988 fere
465 1953 526 1989 effe
546 1953 1075 2003 motumrpattium>insensibilium
1093 1954 1128 1989 in
1154 1954 1261 1989 fluidis
1286 1959 1322 1991 ὃ(
1345 1954 1455 1990 calidis

81 1999 287 2048 corporibus:
298 2001 348 2035 sed
361 2001 463 2037 inillis
473 2013 577 2036 motus
591 2002 634 2036 est
650 2003 729 2038 lenis
740 2008 774 2040 &
784 2003 927 2051 placidus
942 2034 953 2048 ‚
971 2003 1062 2040 in‘his
1084 2003 1125 2037 est
1138 2003 1312 2039 vehemens
1334 2009 1366 2041 &
1381 2016 1456 2052 per-

83 2047 249 2092 turbatus,
262 2054 295 2086 &
309 2060 414 2096 partes
431 2051 590 2085 terrestres
605 2079 614 2093 ,
631 2063 684 2086 aut
692 2053 777 2087 durae
790 2064 865 2088 cum
879 2056 1004 2102 impetu
1021 2051 1199 2088 vibrantur.
1222 2053 1307 2088 Cum
1320 2053 1454 2098 autemf,

82 2108 118 2132 ut
129 2098 263 2132 diximus
272 2126 281 2141 ,
292 2109 398 2146 partes
409 2110 498 2144 aquae
507 2112 572 2133 non
586 2099 667 2134 adeo
679 2100 823 2136 celeriter
833 2114 1026 2137 moveantur
1039 2130 1047 2144 ,
1064 2114 1100 2135 ac
1115 2113 1219 2149 partes
1232 2101 1385 2149 sanguinis
1397 2113 1452 2136 aut

82 2145 245 2194 spirituum
254 2175 263 2189 ,
278 2158 362 2193 aqua
373 2145 728 2194 nobisfrigidarvidetur
741 2151 844 2197 :quod
855 2151 1067 2198 motuqui‘est
1082 2152 1113 2185 in
1128 2150 1239 2185 nostris
1250 2148 1455 2191 humoribus,

80 2198 113 2229 in
126 2207 242 2241 aquam
255 2195 406 2230 transsato
417 2199 496 2242 ‚jam
507 2197 529 2229 ii
541 2194 659 2230 tardius
681 2199 851 2243 agitentur.
869 2202 921 2234 Sic
930 2199 986 2235 ubi
1000 2199 1139 2248 glaciem
1155 2199 1399 2238 contrectamus,
1412 2197 1453 2231 li-

80 2243 200 2291 quescit
212 2244 340 2291 glacies,
351 2249 384 2280 δε
397 2255 507 2278 manus
516 2243 718 2291 refrigeratur
733 2258 740 2279 z
752 2249 842 2292 *quod
853 2261 964 2283 manus
975 2247 1134 2296 particulae
1145 2245 1232 2279 suum
1240 2256 1366 2279 motum
1376 2245 1447 2293 gla-

81 2294 141 2325 ciei
159 2293 364 2340 impertiant:
378 2303 483 2326 motus
495 2292 548 2327 ille
565 2294 748 2328 imminutus
762 2294 860 2343 frigus
878 2296 1006 2332 dicitur.
1022 2296 1084 2330 Sed
1098 2293 1239 2339 quaudiu
1249 2305 1330 2339 aqua
1347 2296 1378 2327 in
1387 2306 1444 2341 ge,-

81 2339 113 2378 lu
127 2341 392 2387 nonconcrescit,
415 2353 480 2377 non
494 2341 537 2377 est
547 2342 649 2378 omnis
659 2340 770 2378 caloris
787 2356 899 2392 expers
913 2347 987 2392 3qui
1002 2357 1073 2380 cum
1091 2343 1251 2391 spirituum
1263 2342 1444 2379 nostrorum
