1878 2724
514 126 538 161 P
556 125 584 160 A
603 124 637 160 R
653 124 675 160 S
710 124 742 159 T
762 124 786 160 Ε
809 123 842 159 R
858 125 890 160 T
910 122 925 158 1
946 123 988 159 Αζ
1428 137 1439 167 3

73 171 197 211 brachii
214 172 339 222 pondus
358 176 457 222 maJus
473 177 619 222 acquirat
636 185 860 216 momentum,
879 175 961 208 utin
979 171 1095 206 statera
1113 168 1183 206 fieri
1195 169 1250 205 suo
1274 168 1347 206 loco
1369 137 1456 208 digi}

74 236 155 259 mus.
174 226 227 259 Sic
241 223 425 259 funambuli
446 224 606 272 praelonga
626 223 711 258 hasta
730 221 894 265 librantur,
910 233 1009 268 quam
1025 220 1120 254 instar
1133 220 1355 255 veffisxmodo
1375 221 1454 256 dex„

73 271 224 316 norsum,
234 274 332 307 modo
343 271 547 308 finistrorsum
561 283 772 321 promovent.
795 272 903 318 Atque
914 267 1074 304 artificiosi
1087 268 1118 303 hi
1137 279 1243 304 motus
1257 267 1299 302 ab
1316 268 1454 305 infantia

73 331 112 356 ex
124 319 237 356 habitu
253 323 396 368 quodam
417 319 569 368 acquisito
585 323 665 355 citra
684 319 891 354 reflexionem
906 317 1124 366 perficiuntur.

120 383 144 414 3.
171 371 296 405 Stando
315 373 419 406 minus
443 369 653 417 defatigamur
664 397 674 412 ,
698 381 772 403 cum
801 367 933 402 alternis
952 365 1086 415 pedibus
1115 365 1246 401 subinde
1276 366 1457 401 innitimur.

70 419 160 454 Nam
178 419 338 466 potislima
359 418 544 455 laffitudinis
564 417 651 452 causa
668 418 710 451 est
727 414 844 451 assidua
860 421 892 452 &
906 418 1093 450 continuata
1113 416 1200 449 aelio
1217 414 1455 451 musculorum:

72 465 147 503 hinc
158 467 272 502 stantes
283 470 383 516 magis
394 466 537 502 lassamur
552 494 563 509 ,
574 465 674 514 quam
690 477 764 500 cum
779 464 894 500 leniter
911 463 1162 499 deambulamus.

103 530 136 561 4.
171 518 255 550 Situs
276 516 480 551 articulorum
499 514 651 550 naturalis
672 527 738 550 non
758 513 800 548 est
817 514 956 548 directus
972 514 1074 547 autin
1088 509 1252 554 cruribus,
1267 524 1320 547 aut
1338 514 1372 548 in
1383 512 1456 548 bra·

65 563 148 600 chiis
163 592 173 607 ,
190 564 242 599 sed
259 565 408 600 nonnihil
419 564 564 600 inflexus.
594 564 695 600 Unde
708 565 740 598 in
758 561 844 596 lecto
862 560 1016 596 libentius
1035 573 1146 609 parum
1169 558 1296 596 inflexis
1316 562 1456 596 articulis

65 616 210 660 jacemus
221 641 232 656 ,
255 613 354 661 quam
375 616 409 649 in
425 612 558 662 longum
573 614 738 661 permotis.
768 613 927 645 Extremae
947 613 1034 646 enim
1043 609 1248 644 articulorum
1262 608 1455 658 positiones,

67 672 121 696 aut
136 661 205 710 plus
225 661 295 698 satis
310 662 442 698 extensae
454 691 464 706 ,
476 673 530 697 aut
540 664 677 696 nimium
694 661 864 695 contractae
876 657 937 693 else
954 671 1021 694 non
1039 657 1164 706 poffunt
1178 660 1256 692 citra
1275 658 1453 694 violentam

68 709 306 746 distraetionem
318 740 328 755 ,
340 709 669 758 autcompreffionem
687 709 855 744 tendinum
866 737 876 751 ,
894 713 927 745 δε
944 706 1167 743 musculorum.
1187 707 1275 742 Facti
1292 706 1362 742 sunt
1375 710 1455 742 arti-

67 757 132 793 culi
142 770 177 794 ut
193 772 264 794 cum
274 773 353 808 opus
371 761 413 794 est
424 759 532 802 ,fleffl
543 757 658 807 poffint
671 787 681 802 ,
695 764 728 795 &
741 757 881 792 distendi
896 773 907 800 3
931 757 1039 791 media
1063 756 1250 791 constitutio
1271 757 1352 790 inter
1369 756 1455 791 dire-

68 808 154 842 &am
168 807 386 844 extensionem
401 814 434 845 &
449 807 606 842 summam
624 808 881 843 incurvationem
903 804 948 839 est
967 807 1106 840 maxime
1123 803 1288 839 naturalis.
1314 803 1451 839 Musculi

65 854 237 892 flectentes
260 857 397 906 ejusdem
420 856 543 891 articuli
564 855 728 890 breviores
748 854 820 889 sunt
836 853 1096 889 extendentibus,
1119 855 1208 889 Nam
1225 851 1327 887 cubiti
1346 852 1452 889 flexor

66 917 99 940 v.
111 916 157 952 gr.
173 918 239 941 non
255 904 483 954 exceditipfius
495 903 598 939 cubiti
613 903 667 938 lon
692 903 848 938 itudinem
858 930 867 944 ,
881 904 1086 948 quantumvis
1100 902 1294 937 distendatur
1308 914 1316 936 :
1332 900 1384 936 sed
1396 914 1452 937 ex.

66 953 172 988 tensor
185 956 218 989 in
236 954 303 1003 ipsa
316 954 493 990 inflexione
510 951 616 989 ambit
637 917 841 988 tuberculum
864 949 954 999 ipsius
973 949 1044 987 offis
1067 949 1169 986 cubiti
1191 964 1201 987 ε
1223 952 1351 998 utrique
1368 962 1451 1000 aegre

65 1002 310 1039 contrahuntur.

106 1063 138 1096 5.
151 1052 275 1099 Corpus
285 1052 424 1086 hominis
434 1049 580 1086 flexibile
597 1049 657 1086 esse
675 1048 788 1085 debuit
800 1079 810 1093 ,
822 1063 888 1086 non
903 1048 1050 1099 rigidum.
1062 1049 1152 1083 Hinc
1164 1046 1243 1082 dotfi
1261 1049 1368 1084 carina
1379 1061 1449 1096 quae

63 1101 206 1148 corporis
220 1099 310 1148 ipsius
321 1099 449 1135 firmum
459 1105 492 1136 &
502 1097 615 1134 stabile
630 1099 674 1133 est
692 1099 939 1134 fundamentum
950 1127 960 1142 ,
980 1099 1012 1132 in
1028 1097 1131 1145 plures
1143 1108 1248 1144 partes
1260 1125 1270 1139 ‚
1284 1108 1354 1143 quae
1372 1109 1447 1133 ver-

64 1146 165 1183 tebrae
175 1148 415 1193 dicuntur,fuit
429 1148 537 1183 divisa.
554 1147 672 1183 Infimae
688 1147 770 1181 illius
785 1159 889 1197 partes
902 1145 1141 1183 suntcraffiores
1160 1144 1387 1193 superioribus,
1397 1145 1449 1181 fe-

63 1207 97 1231 te
108 1198 201 1232 instar
217 1197 373 1232 columnae
387 1214 395 1240 ;
417 1196 573 1231 vertebrae
587 1198 630 1230 ita
644 1195 715 1230 sunt
726 1198 811 1231 inter
822 1196 852 1230 se
861 1196 1072 1243 cartilagineo
1086 1194 1263 1242 ligamento
1276 1193 1447 1242 colligatae,

61 1255 98 1280 ut
110 1245 208 1280 luxari
218 1248 273 1281 vix
284 1245 409 1295 posfint.
431 1248 512 1280 Sunt
527 1246 614 1280 enim
623 1242 737 1292 asperae
751 1272 760 1286 ‚
777 1245 880 1292 planae
890 1273 900 1288 ,
914 1257 980 1279 non
992 1244 1156 1286 rotundae,
1174 1244 1277 1277 tenaci
1287 1242 1447 1292 cartilagi-

61 1306 105 1329 ne
114 1295 286 1331 devinetae.
300 1296 346 1330 Ac
355 1307 396 1330 ne
413 1293 574 1329 fasciculus
584 1292 730 1328 medullae
749 1292 874 1342 spinalis
893 1294 1143 1341 comprimatur,
1157 1302 1285 1326 cautum
1298 1290 1318 1326 ὲ
1332 1302 1448 1327 natura

62 1341 125 1377 fuit
143 1358 151 1379 :
173 1356 248 1378 nam
261 1343 384 1378 dorsum
400 1342 544 1377 fleetitur
557 1344 636 1376 citra
659 1341 793 1390 angulos
811 1341 994 1377 sensibiliter
1020 1340 1209 1375 inclinatos:
1227 1340 1309 1374 adeo
1325 1351 1361 1375 ut
1373 1353 1445 1375 me-

61 1391 147 1425 (lulla
160 1391 371 1427 inflexionem
381 1405 552 1440 perparum
562 1389 583 1426 ὲ
592 1392 677 1425 reita
692 1390 775 1425 linea
793 1391 954 1427 diversam
965 1392 1112 1438 patiatur.
1135 1390 1223 1425 Nam
1239 1387 1322 1424 binae
1335 1401 1444 1424 verte-

62 1438 129 1474 brae
138 1439 195 1475 fibi
205 1444 361 1489 contiguae
373 1440 519 1475 obtusum
533 1439 706 1474 admodum
725 1439 850 1475 efficere
863 1437 1155 1487 possuntangulum3
1168 1437 1272 1484 licque
1286 1436 1379 1472 series
1391 1449 1445 1472 to-

62 1498 95 1522 ta
106 1488 327 1524 vertebrarum
339 1490 454 1524 leniter
468 1492 660 1524 incurvatur.
675 1488 777 1523 Unde
793 1501 858 1523 non
875 1486 1056 1522 debuerunt
1072 1487 1138 1521 duae
1155 1484 1311 1521 vertebrae
1334 1486 1444 1521 distin·

62 1538 122 1572 ctis
134 1565 142 1579 ‚
166 1537 357 1585 &separatis
372 1537 609 1585 cartilaginibus
624 1539 707 1571 inter
723 1536 752 1570 se
765 1537 927 1571 connecti.
957 1538 1034 1572 Una
1048 1536 1170 1582 quippe
1192 1532 1305 1569 sufficit
1319 1533 1441 1569 duabus

61 1585 219 1620 vertebris
231 1615 240 1629 ,
254 1599 326 1633 quae
338 1586 389 1620 sua
407 1585 544 1620 mollitie
562 1584 649 1619 usum
668 1585 840 1632 pulvinaris
860 1584 996 1632 praebet,
1012 1583 1125 1618 offium
1143 1584 1288 1619 attritum
1301 1581 1442 1627 inhibet,

62 1638 96 1670 &
111 1633 160 1668 sua
177 1637 348 1670 tenacitate
359 1635 496 1682 impedit
508 1634 706 1668 luxationem
721 1650 730 1677 3
747 1631 884 1680 cumque
901 1645 940 1667 ea
953 1632 988 1667 fit
1005 1631 1242 1680 aliquantulum
1254 1630 1327 1667 laxa
1340 1660 1351 1675 ,
1372 1635 1440 1667 exi-

61 1695 162 1730 guum
176 1694 301 1718 motum
312 1683 467 1718 vertebris
478 1687 511 1718 in
524 1694 636 1716 omnes
650 1694 754 1728 partes
770 1684 939 1730 permittit.

102 1733 130 1766 6.
141 1732 226 1766 Cum
242 1732 385 1771 sedemus
402 1734 533 1780 pectore
550 1737 581 1767 &
596 1729 738 1764 cruribus
753 1731 791 1764 ad
811 1730 1015 1765 horizontem
1038 1731 1163 1772 erectis,
1182 1728 1305 1777 surgere
1324 1730 1340 1764 ὲ
1364 1727 1439 1763 sella

60 1793 126 1816 non
138 1779 315 1828 polsumus:
334 1782 421 1827 quod
439 1792 581 1815 centrum
594 1781 759 1827 gravitatis
775 1781 915 1827 pectoris
934 1784 968 1816 &
986 1779 1198 1813 coxendicum
1214 1777 1382 1812 retrorsum
1404 1777 1439 1813 fit

59 1828 214 1876 politum,
227 1829 322 1877 longe
334 1829 355 1864 a
374 1829 488 1877 plantis
504 1830 621 1877 pedum
635 1828 740 1863 :unde
748 1827 852 1862 attolli
868 1840 933 1862 non
945 1827 1103 1876 poffumus
1116 1825 1169 1861 nifi
1186 1826 1283 1873 pedes
1298 1837 1439 1861 retroce-

57 1878 136 1911 dant
161 1906 170 1920 ,
213 1889 268 1913 aut
295 1890 390 1925 caput
417 1883 450 1915 δε
485 1879 596 1926 pectus
641 1876 816 1911 antrorsum
849 1875 1051 1912 inclinentur.
1098 1875 1197 1924 Qd
1230 1875 1342 1921 utique
1371 1874 1438 1923 ipse

58 1926 245 1961 Aristoteles
278 1925 469 1960 observavit.
509 1930 544 1961 In
563 1926 697 1961 homine
720 1923 875 1962 &avibus
887 1936 1033 1961 centrum
1046 1926 1215 1973 gravitatis
1230 1922 1365 1970 pedibus
1376 1927 1437 1959 im-

57 1974 180 2015 minet,
192 1986 259 2008 non
269 1976 345 2008 item
355 1976 389 2008 in
405 1975 646 2022 quadrupedum
656 1986 921 2020 genere,quaeque
936 1974 1019 2007 adeo
1034 1974 1112 2008 stare
1130 1984 1297 2019 nequeunt
1311 1971 1436 2007 duobus

57 2021 195 2070 pedibus
209 2021 419 2056 anterioribus
430 2024 559 2056 innixae:
570 2034 633 2056 non
644 2023 730 2056 enim
740 2021 780 2056 fic
789 2025 870 2069 erigi
882 2020 1007 2068 polsunt
1016 2033 1051 2056 ut
1063 2021 1146 2056 linea
1154 2021 1339 2055 diredhonis
1352 2023 1435 2056 inter

56 2071 137 2104 duos
149 2071 245 2117 pedes
257 2070 384 2105 incidat.
400 2072 474 2106 Nec
484 2070 564 2103 stare
578 2068 700 2116 polsunt
714 2069 768 2103 nisi
785 2069 884 2104 tribus
899 2081 954 2104 aut
966 2081 1101 2116 quatuor
1118 2069 1254 2116 pedibus
1272 2068 1408 2104 insistant
1423 2096 1434 2111 ,

56 2120 144 2167 quod
156 2131 302 2153 centrum
321 2120 487 2166 gravitatis
502 2117 536 2152 fit
554 2120 585 2151 in
598 2118 706 2152 medio
724 2129 856 2161 ventre,
875 2124 908 2154 &
925 2117 1010 2153 linea
1031 2119 1216 2153 directionis
1237 2117 1328 2152 cadat
1350 2120 1433 2152 intra

55 2167 310 2214 quadrangulum
324 2167 343 2201 ἐι
353 2178 489 2213 quatuor
500 2165 633 2213 pedibus
644 2168 872 2214 interceptum.
882 2169 938 2201 Vis
950 2166 1002 2200 illa
1012 2180 1073 2213 qua
1081 2167 1191 2201 stando
1201 2164 1303 2200 moles
1312 2177 1430 2212 corpo-

55 2218 98 2251 ris
110 2215 273 2250 sustinetur
285 2244 295 2258 ‚
307 2228 371 2249 non
385 2214 596 2249 musculorum
606 2217 756 2261 potentiae
769 2244 778 2258 ‚
795 2214 847 2249 sed
870 2214 1015 2250 firmitati
1032 2215 1255 2249 columnarum
1274 2210 1429 2250 offearum

57 2264 174 2311 pedum
186 2264 322 2298 refertur
331 2275 473 2310 accepta.
488 2263 588 2298 Unde
605 2274 716 2309 parum
735 2263 882 2298 molestus
894 2265 941 2298 est
963 2263 1012 2298 hic
1030 2262 1132 2298 labor.
1150 2262 1274 2297 Pedum
1288 2263 1431 2296 anterio-

56 2324 128 2346 rum
143 2311 273 2346 musculi
291 2314 393 2347 minus
405 2312 508 2348 validi
524 2310 594 2345 sunt
605 2339 612 2353 ,
628 2313 726 2357 qu‘am
736 2313 953 2355 posteriorum.

55 2388 58 2390 .
93 2362 130 2396 111
145 2360 204 2395 illis
214 2360 338 2396 articuli
355 2359 424 2396 fiant
442 2362 475 2397 in
486 2361 612 2395 rectum
628 2359 766 2405 extensi,
776 2373 847 2396 cum
861 2361 941 2398 stant
954 2389 963 2404 ,
983 2359 1196 2410 posteriorum
1210 2369 1334 2393 crurum
1348 2356 1432 2394 sem..

1120 2410 1153 2441 X
1164 2419 1182 2441 x
1211 2419 1230 2441 x
1261 2408 1282 2440 ii
1285 2420 1297 2454 J
