1878 2724
258 129 300 161 ,4
605 101 905 145 PHYSIC‘AE
945 99 1301 146 GENERALIS

261 177 335 200 cum
354 161 519 198 induceret
529 188 538 201 ‚
551 160 702 193 nimirum
715 159 802 192 unius
818 185 827 199 ,
837 155 986 191 seu-entis
998 156 1089 206 ipsius
1101 159 1250 207 gra-dung
1260 159 1314 195 vel
1327 158 1470 208 denique
1482 159 1547 197 hoc
1560 159 1669 211 ipsum·

263 210 450 249 universum
462 210 610 258 principii
622 218 757 243 nomine
781 204 968 252 complexus
979 207 1022 240 est
1032 234 1041 249 ‚
1057 209 1147 253 quod
1156 217 1260 244 unum
1269 210 1311 244 est
1324 210 1440 245 ordine
1452 239 1463 254 ,
1481 209 1569 246 sensti
1583 211 1667 246 mul-

266 263 381 312 tiplex.
400 260 487 294 Cum
504 269 613 292 autem
630 256 682 289 vel
696 256 772 289 teste
788 254 966 289 Aristotele
978 257 1135 304 principia
1149 258 1234 292 inter
1248 258 1278 294 se
1294 257 1457 295 'contraria
1481 259 1643 296 definierit
1657 289 1675 304 ‚7

266 312 408 347 calidum
419 318 537 353 nempe
549 335 557 349 ‚
572 310 604 342 ὃς
621 304 776 352 frigidum
786 333 796 348 ‚
810 304 919 352 palam
929 304 973 340 est
987 317 1062 342 eum
1074 317 1142 340 non
1158 319 1256 341 unum
1273 337 1283 352 ‚
1298 307 1351 344 sed
1366 308 1536 358 multiplex
1548 312 1672 358 princi-

272 362 366 410 pium
382 355 546 407 phyficnm
562 353 724 390 admiriffe.
1478 352 1481 354 ¹

307 412 379 445 Nec
396 405 536 440 diffimili
555 406 682 439 ratione
700 403 755 438 alii
770 401 961 450 Philosophi
973 413 1138 450 utcunque
1163 403 1306 438 excusari
1322 403 1457 452 possent.
1487 410 1539 443 Sic
1549 407 1671 443 Thales

270 454 413 495 Milesius
427 467 497 496 non
516 466 555 488 ex
573 452 638 488 sola
649 462 732 500 aqua
743 454 856 488 cuneta
866 450 1045 500 coalescere
1057 481 1066 495 ‚
1085 452 1138 486 sed
1154 464 1224 488 eam
1241 452 1301 488 effe
1319 452 1406 502 quasi
1424 467 1597 493 commune
1621 462 1675 491 ress

270 521 341 543 tum
361 506 511 539 omnium
525 501 716 538 vehiculum
729 531 738 545 ,
762 506 795 539 δι
822 501 898 537 aliis⁴
912 501 1093 536 substantiis
1122 501 1279 538 refertam
1299 504 1498 540 existimavit
1523 520 1530 542 :
1547 507 1629 540 adeo
1641 517 1681 541 ut

271 561 364 595 Deus
375 554 427 589 [eu
441 565 532 588 mens
543 563 582 587 ex
606 564 644 586 ea
659 552 776 586 cuneta
788 550 938 594 finxerit,
956 562 993 585 ut
1010 553 1218 600 Anaxagoras
1234 581 1244 595 ,
1265 557 1299 588 δε
1318 554 1541 589 Anaximenes
1562 556 1681 590 statue-

274 616 361 642 runt.
389 604 436 639 Hi
447 604 568 650 quippe
587 601 764 637 secretione
778 598 1056 648 &compositione
1066 603 1229 649 partium,
1249 614 1316 636 non
1334 606 1477 637 materiae
1490 604 1689 639 transmuta-

276 658 369 691 tione
385 665 433 688 res
448 650 532 687 effici
543 651 759 686 crediderunt.
777 652 865 686 Hinc
877 651 932 684 illa
945 652 1143 699 Anaxagorae
1276 653 1360 686 rmia
1371 681 1381 697 ,
1396 652 1438 686 de
1449 665 1512 701 qua
1527 651 1580 687 suo
1597 653 1692 689 loco,⁴

275 704 399 743 Eadem
418 701 465 737 est
477 701 616 736 aliorum
624 701 667 744 de
678 702 753 749 igne
766 729 776 743 ,
794 702 867 734 a'e‘r'e
879 729 889 744 ‚
910 703 945 737 &
965 709 1049 734 terra
1063 728 1072 743 ‚
1096 699 1150 735 vel
1168 699 1326 745 seorsum,
1346 701 1400 737 vel
1425 700 1515 737 fimul
1534 701 1683 751 sperimus

277 754 456 791 sententia.v
469 753 522 786 Sic
540 749 755 786 Heracliti&
775 749 914 785 aliorum
926 750 1043 798 opinio
1064 748 1126 784 fuit
1146 751 1257 799 ignem
1271 780 1282 794 ,
1305 749 1356 786 seu
1372 750 1515 786 calorem
1535 750 1595 787 effe
1612 763 1684 786 cau·

279 804 346 840 sam
355 804 506 839 omnium
520 811 629 835 terum
645 798 870 842 effectricem,
885 811 952 835 non
971 801 1140 833 materiem
1157 816 1166 843 3
1193 799 1311 835 aethera
1336 800 1389 835 seu
1405 798 1602 851 purislimum
1615 801 1688 834 a'e'ra

281 855 352 889 vim
368 850 551 901 prolificam
559 850 685 887 eunetis
698 848 840 884 tribuere
855 877 864 892 ,
892 861 960 884 non
972 850 1091 884 eumin
1104 860 1243 898 corpora
1252 847 1476 894 concrescet-(23
1491 861 1611 885 terram
1630 849 1690 883 de-

284 905 386 949 nique
405 899 470 936 sinu
483 898 537 934 suo
550 899 665 934 fovere
682 899 792 934 omnia
812 910 884 946 quae
893 899 1083 947 gignuntur.
1103 899 1284 946 Utcunque
1302 911 1347 933 ea·
1359 912 1409 934 res
1433 899 1471 935 fit
1490 928 1499 943 ‚

322 952 459 986 Certum
472 949 517 983 est
541 964 562 985 ι.
585 959 692 995 neque
711 960 811 983 unum
823 947 884 983 effe
898 948 1090 996 principium
1105 977 1114 990 ,
1135 958 1244 995 neque
1260 947 1408 985 infinitar
1421 948 1522 1000 Qd
1539 950 1627 984 enim
1647 946 1692 981 est

287 998 501 1049 compositum
515 1028 524 1042 ,
545 1011 585 1033 ex
597 995 744 1046 pluribus
757 996 884 1032 constat
896 1008 904 1030 ε
917 996 1044 1044 alioqui
1060 995 1138 1032 effer
1152 998 1227 1045 quid
1249 997 1511 1046 simplicissimum
1525 1013 1533 1034 :
1557 997 1608 1032 sed
1622 1007 1693 1030 cor-

289 1060 350 1100 pus
367 1059 465 1084 omne
475 1048 523 1083 est
534 1045 749 1095 compositum
766 1075 776 1090 ‚
808 1051 841 1084 ὃ(
863 1048 897 1082 in
914 1045 976 1080 alia
995 1045 1186 1095 simpliciora
1195 1045 1312 1082 resolvi
1323 1048 1445 1095 potest:
1465 1061 1533 1083 non
1547 1049 1643 1096 igitur
1652 1044 1699 1080 est

291 1112 393 1135 unuin
411 1109 585 1146 corporum
600 1098 699 1143 princi
705 1098 801 1144 pium.
816 1095 948 1131 Deinde
961 1094 981 1128 fi
992 1107 1089 1130 unum
1101 1096 1260 1130 duntaxat
1272 1095 1359 1130 foret
1373 1098 1568 1144 principium
1580 1124 1590 1140 ,
1607 1093 1706 1130 nulla.

292 1148 370 1183 effet
384 1150 470 1182 inter
482 1158 531 1180 res
544 1146 626 1194 ipsas
643 1143 791 1192 specifica
805 1150 839 1182 &
859 1143 1030 1179 essentialis
1049 1144 1230 1187 distinctim
1251 1144 1334 1180 nihil
1347 1143 1423 1180 effet
1445 1147 1476 1181 in
1489 1158 1553 1180 uno
1562 1154 1699 1190 corpore

295 1194 519 1246 praetetipsum
535 1196 730 1241 'principium
751 1211 763 1237 -5
781 1193 898 1227 nullius
918 1204 996 1241 ergo
1015 1195 1061 1226 rei
1087 1191 1163 1228 esset
1177 1196 1376 1242 principium
1393 1208 1409 1230 εγ
1425 1193 1537 1229 utalia
1547 1195 1711 1229 omittam·

296 1259 365 1294 quae
394 1244 502 1280 afferri
517 1240 647 1291 poisunt
666 1271 675 1286 ,
695 1247 727 1278 δέ
746 1242 842 1278 facile
862 1242 968 1277 cuivis
985 1253 1165 1276 occurrunt.

332 1295 471 1329 Certum
487 1293 533 1327 est
550 1307 576 1328 2.
595 1293 756 1340 principia
770 1291 1020 1338 quodammodo
1037 1289 1100 1325 effe
1119 1292 1204 1326 int-et
1230 1290 1262 1326 se
1285 1293 1467 1327 contraria:
1488 1302 1559 1339 quae
1578 1320 1588 1336 ,
1608 1301 1644 1326 ut
1657 1292 1711 1337 ait?

300 1344 487 1381 Aristoteles
500 1371 509 1385 ,
530 1354 678 1376 veterum
691 1353 777 1389 pene
790 1342 939 1375 omniurn
954 1339 1018 1374 fuit
1028 1338 1148 1375 summa
1158 1339 1331 1378 consensio.
1346 1343 1398 1376 Sic
1411 1343 1621 1376 Democritus
1633 1340 1704 1389 ple-

301 1407 378 1429 num
403 1398 435 1430 δε
455 1404 590 1427 vacuum
603 1408 611 1434 5
635 1389 848 1438 Empedocles
874 1389 987 1432 litem,
1009 1391 1257 1434 &amicitiam3
1278 1391 1488 1426 Parmenides
1512 1390 1650 1425 calidum
1671 1394 1707 1427 δε

303 1443 458 1491 frigidum
473 1470 482 1485 ,
501 1452 536 1474 ut
547 1443 652 1487 prima
664 1452 769 1474 reruni
782 1439 913 1475 exordia
930 1440 1079 1476 statuere.
1106 1441 1210 1487 Qod
1228 1451 1263 1474 ut
1276 1440 1395 1489 probet
1408 1438 1708 1488 Philosophus‚.an-

306 1504 338 1526 te
357 1493 471 1526 onmia
494 1490 571 1536 quid
596 1491 748 1537 principii
767 1490 905 1524 nomine
927 1487 1112 1536 intelligat,
1141 1487 1268 1524 definit.

340 1540 511 1588 Principia
533 1567 539 1576 ,
570 1540 778 1585 inquit‚sunt
795 1551 858 1585 quae
873 1551 934 1572 non
946 1536 1033 1583 fiunt
1049 1539 1137 1582 exse
1152 1541 1419 1584 invicem,neque
1430 1551 1470 1573 ex
1487 1539 1562 1573 aliis
1577 1537 1658 1585 ,sed
1671 1550 1711 1572 ex

307 1591 347 1624 iis
365 1592 479 1624 omnia.
501 1588 586 1622 Cum
607 1590 694 1621 enim
714 1586 773 1622 sint
790 1589 912 1635 prima,
937 1588 970 1620 in
989 1585 1054 1620 alia
1066 1585 1186 1620 resolvi
1198 1600 1267 1622 non
1287 1585 1424 1635 possunt.
1435 1590 1487 1624 Sic
1498 1590 1634 1627 materia
1646 1589 1713 1636 pri-

309 1651 361 1674 ma
372 1651 411 1673 ex
422 1637 484 1672 alia
500 1649 568 1671 non
586 1637 712 1671 constat
727 1665 736 1679 ‚
763 1635 848 1671 secus
866 1648 932 1671 non
945 1637 1050 1682 prima
1067 1635 1178 1670 futura
1196 1637 1249 1671 est.
1269 1639 1377 1683 Major
1389 1638 1524 1684 quidem
1539 1636 1718 1672 difficultas*

311 1689 354 1722 est
367 1688 406 1721 de
422 1686 529 1721 forma
541 1697 612 1731 qua:
632 1698 671 1719 ex
686 1687 819 1718 materia
834 1685 990 1717 educitur.
1006 1683 1069 1716 Sed
1093 1695 1132 1716 ea
1142 1686 1273 1731 proprie
1284 1697 1352 1718 non
1363 1683 1420 1727 fit,
1439 1696 1473 1719 ut
1490 1685 1604 1732 postea
1623 1684 1715 1717 dice..

313 1749 393 1773 mus,
421 1738 501 1771 Non
513 1735 601 1767 enim
615 1732 650 1766 fit
667 1733 846 1767 rotunditas
858 1761 868 1775 ,
882 1733 989 1778 inquit
1003 1731 1189 1766 Aristoteles
1202 1760 1212 1774 ‚
1234 1730 1286 1766 sed
1297 1744 1338 1766 aes
1349 1733 1525 1767 rotundum
1541 1748 1550 1775 ·‚
1571 1744 1631 1768 nec
1647 1731 1716 1766 for-

315 1798 369 1820 ma
380 1793 553 1833 generatur
567 1810 575 1823 ‚
594 1780 646 1815 sed
663 1780 891 1830 compofitum.
917 1780 1048 1816 Deinde
1066 1792 1139 1816 cum
1159 1781 1296 1816 dicimus
1315 1783 1472 1829 principia
1499 1794 1569 1817 non
1591 1780 1662 1817 fieri
1676 1792 1716 1816 ex

317 1833 348 1868 se
367 1834 509 1868 invicem
526 1859 536 1875 ,
559 1842 667 1877 neque
692 1843 734 1866 ex
754 1830 823 1865 aliis
835 1859 844 1874 ,
862 1830 897 1864 id
913 1840 1039 1865 tantum
1057 1829 1230 1874 volumus,
1248 1831 1406 1879 principia
1427 1842 1469 1865 ex
1495 1829 1586 1874 aliis,
1603 1841 1659 1864 aut
1677 1841 1717 1865 ex

317 1882 348 1918 se
375 1883 518 1917 invicem
531 1909 540 1923 ‚
567 1890 725 1928 tanquam
746 1892 786 1915 ex
800 1878 947 1929 partibtis
959 1891 1025 1914 non
1047 1879 1192 1915 constare
1213 1894 1227 1915 r
1241 1879 1349 1915 forma
1366 1891 1405 1914 ex
1422 1880 1557 1915 materia
1582 1879 1718 1926 quidem

321 1931 465 1966 educitur
480 1959 490 1973 ,
506 1929 558 1964 sed
572 1942 608 1964 ex
625 1941 663 1964 ea
681 1942 749 1965 non
768 1931 987 1978 componitur.
1008 1932 1060 1965 De
1070 1930 1256 1977 privatione
1270 1930 1390 1979 postea.

371 1984 415 2016 Ex
430 1980 489 2014 hac
503 1981 735 2028 principiorum
752 1982 889 2014 notione
910 1977 1036 2025 colligit
1046 1977 1261 2027 Philosophus
1279 1980 1438 2029 principia
1456 1990 1525 2015 non
1545 1976 1647 2013 modo
1662 1975 1721 2013 fibi

324 2031 469 2065 invicem
481 2028 542 2063 effe
561 2030 722 2064 contraria
735 2057 743 2071 ‚
764 2026 818 2063 sed
827 2031 927 2064 etiam
939 2025 998 2064 effe
1011 2031 1113 2077 prima
1123 2030 1282 2064 contraria
1293 2058 1303 2073 ,
1317 2026 1405 2078 quod
1420 2030 1505 2065 exiis
1518 2029 1625 2064 omnis
1636 2029 1724 2062 oria-

327 2091 378 2114 tur
389 2079 612 2113 contrarietas.
642 2080 722 2115 Non
742 2080 829 2114 enirn
846 2109 855 2122 ,
877 2079 983 2126 inquit
996 2107 1006 2122 ‚
1024 2075 1200 2127 quodlibet
1224 2077 1262 2113 fit
1280 2091 1320 2115 ex
1344 2076 1496 2126 quolibet
1508 2095 1517 2122 3
1531 2076 1640 2111 album
1655 2088 1724 2112 non

326 2128 366 2164 fit
379 2141 418 2162 ex
432 2125 551 2161 musico
565 2155 574 2169 ‚
588 2126 642 2162 sed
657 2140 724 2164 non
741 2141 780 2163 ex
801 2128 898 2165 albo:
920 2133 953 2166 &
968 2129 1057 2175 quod
1078 2132 1292 2180 corrumpitur
1306 2159 1315 2172 ‚
1339 2139 1394 2163 aut
1417 2138 1577 2170 mutatur,
1592 2127 1624 2161 in
1643 2137 1725 2160 con-

330 2179 465 2212 trarium
477 2176 662 2222 degenerat.
686 2179 769 2227 Ergo
779 2190 848 2226 quae
861 2177 943 2214 fiunt
953 2180 1063 2213 omnia
1080 2182 1113 2214 &
1129 2190 1290 2216 mutantur
1299 2208 1309 2223 ‚
1326 2189 1382 2213 aut
1395 2175 1465 2213 sunt
1475 2176 1633 2212 contraria
1645 2202 1656 2217 ‚
1671 2184 1726 2209 aut

332 2239 371 2261 ex
385 2227 553 2260 contrariis
564 2226 747 2273 prodeunt,
768 2233 801 2265 &
818 2227 976 2275 quidquid
997 2229 1138 2276 gign³rut
1149 2257 1158 2271 ‚
1179 2241 1217 2265 ex
1227 2227 1373 2277 opposita
1384 2225 1422 2261 fit
1438 2227 1626 2276 privatione
1648 2237 1656 2260 :
1676 2234 1728 2258 at-

334 2286 398 2319 que
420 2275 494 2309 hinc
510 2277 741 2323 principiorum
764 2289 937 2315 numerum
950 2288 1026 2326 apte
1048 2276 1182 2327 colligit.
1203 2277 1329 2317 Verum
1341 2287 1377 2313 ut
1392 2277 1434 2312 ad
1457 2273 1644 2314 consuetam
1657 2283 1729 2310 nie-

337 2323 476 2357 thodum
491 2336 550 2358 nos
571 2325 765 2372 referamus,
785 2324 820 2363 fit
