1878 2724
6 0 19 214 l

353 141 356 144 .
570 105 640 141 DE
688 102 1002 142 METEORIS.
1403 116 1448 150 391

63 156 133 194 -viae
146 152 279 205 guttulae
293 165 362 203 quae
374 154 479 190 tinetae
487 152 649 189 coloribus
668 155 771 188 videri
784 153 906 188 debent
916 183 925 198 ‚
942 154 981 192 ad
993 153 1114 189 clivum
1129 154 1251 189 montis
1267 152 1447 188 referuntur

67 214 174 251 neque
189 205 263 238 irim
274 215 341 239 tum
360 206 394 240 in
407 201 495 239 nube
507 232 516 247 ,
538 203 588 239 fed
606 205 638 238 in
657 202 730 237 loco
744 200 891 251 oppofito
904 232 913 246 ,
932 207 966 239 &
982 202 1147 251 splendido
1167 204 1335 238 intuemur.

99 253 158 287 Ista
169 264 246 287 vero
257 252 353 301 longe
362 251 492 288 aberitis
507 258 542 290 &
555 251 731 287 accuratius
747 251 883 300 explicat
899 255 942 288 D.
955 253 1119 286 Marione
1133 252 1168 285 in
1181 253 1320 287 tractatu
1338 265 1447 302 nuper,

71 301 159 336 edito
168 301 208 336 de
221 300 384 338 coloribus
399 316 408 338 :
431 313 529 350 pauca
544 302 559 337 ὲ
569 300 676 337 multis
687 312 869 349 excerpam,
882 312 955 335 cum
970 300 1052 336 liber
1062 299 1096 334 sit
1109 299 1234 335 Gallice
1245 299 1447 350 conscriptus,

66 355 101 388 &
135 352 317 387 eometricis
335 350 661 386 demonstrationibus
672 361 816 386 munitus
829 350 988 385 eruditum
1002 351 1205 387 &intentum
1218 348 1372 385 lectorem
1386 364 1446 398 po-

62 399 109 435 stu
120 409 174 435 et:
186 399 270 434 unde
284 411 354 448 quae
367 400 519 447 deinceps
533 400 647 434 diduri
657 398 759 434 sumus
773 399 813 432 de
831 398 934 442 Iride,
948 398 990 433 ab
1008 400 1050 432 iis
1076 400 1131 445 qui
1149 397 1168 433 ἐι
1183 400 1372 433 Geometria
1386 399 1444 433 ab-

63 447 216 490 horrent,
228 448 351 484 tametsi
365 449 446 484 nihil
460 449 502 484 est
520 448 697 483 admodum
713 446 863 491 difficile,
877 448 1032 496 quodque
1053 458 1093 482 ex
1124 445 1284 495 praemiffis
1307 449 1445 498 intelligi

13 528 15 530 .
57 499 130 532 non
144 495 238 544 poffit
252 526 261 541 ,
289 498 493 545 praetermitti
504 495 640 545 possunt.

108 544 253 581 Primum
271 548 382 594 itaque
399 547 432 581 id
449 545 702 581 constituendum
711 544 805 580 nobis
824 546 867 581 est
881 573 890 588 ‚
921 544 1010 593 quod
1035 544 1214 580 identidem
1234 547 1416 581 monuimus
1435 575 1444 589 ,

59 594 162 628 radios
176 594 218 629 ab
228 595 345 630 eodem
359 594 563 644 solispunsto
574 593 700 629 emissos
709 623 719 638 ‚
741 606 872 643 propter
894 592 1083 629 immensam
1094 593 1181 628 illius
1190 594 1209 629 ὲ
1218 594 1313 629 nobis
1325 595 1445 629 distan-

60 643 135 678 tiam
146 653 182 678 ut
198 643 367 691 parallelos
382 645 508 692 concipi
526 654 677 691 oportere
693 656 704 678 τ
718 644 803 679 unde
824 640 1077 678 innumerabiles
1099 643 1178 676 radii
1198 642 1219 678 ἒι
1240 655 1353 678 centro
1371 643 1442 678 solis

58 702 123 727 non
139 691 240 726 modo
258 693 291 728 in
301 704 426 742 guttam
433 703 523 741 aquae
538 720 549 736 ,
567 690 619 726 fed
633 693 733 727 etiam
745 695 777 727 in
793 693 948 742 pupillam
966 691 1052 727 oculi
1069 702 1188 727 exeunt
1202 703 1290 741 pene
1312 694 1397 727 inter
1410 691 1442 727 se

57 739 324 838 Pafflffihciuoque
339 787 519 826 meminisse
536 800 667 839 oportet
684 819 692 834 ‚
712 802 748 826 ut
758 789 811 825 lux
820 790 959 826 refracta
975 792 1009 825 in
1026 789 1148 825 colores
1179 788 1277 825 abeat
1294 795 1327 828 ὅ(
1349 792 1440 826 Iridis

45 836 177 889 «colores
188 838 361 883 exhibeat,
373 840 404 874 id
419 837 577 874 neceffum
591 838 654 874 effe
667 851 702 874 ut
718 841 776 887 qui
786 838 930 889 paralleli
945 838 1080 874 subeunt
1091 867 1101 882 ‚
1122 839 1221 873 iidem
1243 844 1276 876 &
1296 840 1441 888 paralleli

54 897 186 931 exeant,
200 898 257 922 aut
264 900 352 923 certe
369 901 482 937 parum
491 888 699 924 distrahantur
714 917 724 932 ‚
748 888 813 937 quo
827 887 937 924 ottilos
951 886 1078 924 afficere
1092 890 1124 923 in
1133 888 1284 923 distantia
1295 901 1363 925 non
1373 902 1442 925 me-

52 934 154 970 diocri
179 935 308 984 poffint,

75 987 122 1026 ²3.
136 987 186 1022 Ut
200 986 336 1022 extremi
347 985 428 1019 radii
438 985 576 1021 eundem
585 984 680 1022 situm
689 997 837 1023 tueantur
851 1015 860 1030 ,
875 989 999 1035 quique
1010 987 1041 1022 in
1054 985 1360 1034 primarefraffione
1372 986 1441 1022 fue·

43 1044 126 1068 -tunt
136 1037 277 1069 convexi
290 1062 301 1077 ,
322 1037 356 1069 in
365 1032 619 1070 secundaitidem
633 1047 805 1079 maneant,
821 1038 870 1071 uti
891 1036 1070 1071 identidem
1090 1037 1268 1069 innuimus.
1292 1034 1444 1083 Utraque

51 1081 120 1118 haec
139 1082 285 1118 conditio
303 1084 452 1131 apprime
461 1086 616 1118 convenit
632 1083 804 1132 radiis‚qui
812 1087 895 1120 circa
908 1093 1006 1122 60um
1024 1083 1159 1130 gradum
1183 1084 1215 1116 in
1227 1082 1368 1130 phialam
1386 1087 1439 1119 vi-

46 1141 153 1166 tream
169 1160 178 1175 ,
203 1143 259 1167 aut
269 1142 398 1182 guttam
415 1130 531 1180 pluviae
548 1133 709 1176 incidunt,
728 1145 795 1181 quo
809 1136 842 1170 in
866 1133 998 1168 rubrum
1014 1125 1133 1168 &beant
1148 1130 1292 1166 colorem
1312 1145 1322 1167 t
1349 1134 1439 1179 quod

45 1178 105 1216 *vel
127 1192 166 1215 ex
189 1180 255 1229 ipso
285 1179 408 1217 calculo
428 1179 532 1230 poffet
559 1181 781 1219 demonstrari.
820 1187 872 1220 Sit
893 1181 1002 1232 phiala
1017 1183 1120 1218 vitrea
1138 1208 1148 1222 ,
1167 1190 1221 1214 aut
1239 1191 1330 1227 aquae
1348 1192 1446 1229 gutta·

74 1231 79 1246 ·’
1100 1229 1272 1272 AB‘CD‚
1296 1230 1437 1266 radiusE

1099 1278 1128 1314 A
1142 1277 1172 1312 C
1196 1277 1216 1313 ὲ
1236 1289 1347 1312 centro
1362 1277 1434 1314 solis

1097 1337 1155 1375 pet
1175 1338 1320 1362 centrum
1340 1338 1437 1375 guttae

1096 1375 1212 1409 duetus
1224 1377 1435 1423 concipiatur,

1099 1428 1133 1460 &
1156 1424 1227 1459 huic
1238 1423 1385 1472 paralleli
1399 1425 1422 1459 P

1098 1484 1138 1519 q,
1153 1485 1174 1506 n
1187 1474 1232 1515 O,
1248 1477 1282 1509 &
1295 1471 1350 1507 alii
1361 1476 1436 1520 qui..

1096 1520 1178 1555 libet
1197 1535 1205 1556 :
1233 1520 1252 1556 31
1268 1523 1388 1569 puncto
1403 1524 1433 1557 A

1098 1569 1205 1604 versus
1224 1571 1248 1604 E
1264 1582 1434 1605 numeren-

1097 1628 1147 1652 tur
1164 1631 1207 1661 90
1223 1618 1337 1667 gradus
1352 1647 1361 1661 ,
1388 1618 1431 1654 ab

1092 1668 1209 1702 eodem
1245 1668 1365 1714 pundto
1382 1669 1410 1703 A
1420 1697 1431 1711 ,

1093 1714 1243 1763 usquead
1259 1717 1306 1759 O,
1324 1717 1366 1751 60
1382 1729 1431 1764 gr.

1093 1763 1249 1860 ἓὲᾞῗῖ
1267 1765 1432 1849 Ἑῗέἒῖἰςέ·

1095 1863 1154 1898 AC
1167 1862 1432 1911 irrefrafflsper-

1095 1910 1238 1947 tranfibit
1256 1938 1266 1954 ‚
1294 1917 1372 1947 'cum
1397 1910 1432 1947 fit

1094 1960 1433 2010 perpendicularis:ra-

1094 2009 1163 2044 dius
1177 2020 1224 2057 qt
1237 2037 1247 2052 ‚
1268 2008 1432 2057 frangetur

1094 2060 1129 2093 in
1148 2069 1179 2102 t,
1213 2058 1316 2092 radius
1342 2060 1375 2093 N
1391 2071 1432 2099 o,

1091 2108 1167 2142 inT
1181 2125 1190 2151 3
1206 2118 1320 2142 omnes
1341 2106 1383 2140 ab
1399 2108 1429 2141 A

1092 2154 1191 2203 usque
1208 2155 1248 2189 ad
1264 2156 1309 2197 O,
1324 2167 1362 2188 ex
1374 2166 1428 2187 or-

1092 2205 1169 2238 dine
1189 2203 1405 2247 refringentnr
1419 2230 1428 2242 ,

1100 2263 1136 2285 ac
1162 2243 1429 2299 sempet‘propius

38 2302 194 2338 accedent
205 2301 242 2335 ad
258 2300 363 2346 T‚sed
381 2299 463 2335 ultra
478 2302 633 2349 punffiim
647 2300 681 2333 O
695 2304 757 2348 jam
768 2300 987 2347 regredientur
1010 2299 1118 2335 versus
1135 2310 1155 2332 t.

74 2363 99 2385 2.
113 2351 216 2400 Qod
233 2350 253 2386 si
265 2351 371 2386 radius
384 2351 418 2387 N
432 2350 466 2385 O
476 2351 563 2386 recta
577 2345 754 2398 progrelsus
766 2348 919 2393 fuilset‚a<l
929 2363 950 2397 y
964 2345 1168 2397 pervenisset:
1184 2346 1264 2382 adeo
1277 2358 1311 2382 ut
1322 2360 1341 2394 y
1353 2348 1386 2382 O
1401 2348 1431 2382 T
