1878 2724
297 124 341 164 76
672 121 934 159 PHYSICAE
971 120 1297 158 GENERVALIS

323 170 402 218 jam
415 168 538 205 veroin
549 168 743 206 resolutione
757 169 910 219 cujusque
922 175 1064 220 corporis
1079 183 1198 220 praeter
1211 175 1373 208 tetram&
1382 180 1499 219 aquam
1513 202 1524 218 ,
1541 175 1603 209 tria
1616 172 1696 219 hae‘cg

297 217 416 261 salem,
441 217 570 268 sulphur
585 248 595 262 ‚
625 225 661 257 &
676 220 840 268 spiritum,
860 219 914 254 seu
928 223 1122 256 mercurium
1139 220 1209 269 ipsis
1233 220 1335 256 oculis
1358 220 1466 269 subjici
1491 224 1599 259 multis
1621 230 1698 271 pross

297 266 379 302 bant
387 271 616 316 experimentis
628 297 639 312 ,
657 281 730 316 quae
745 280 830 305 nunc
839 268 961 304 referre
971 269 1050 304 nihil
1060 271 1187 305 attinet.
1195 272 1312 306 Unum
1324 271 1422 319 idque
1433 272 1630 310 notissimum
1643 275 1696 309 in-

295 317 355 351 star
377 319 525 352 omnium
542 320 615 354 erit.
634 322 757 354 Vinum
771 330 889 368 nempe
901 317 1003 368 ipsum
1015 320 1104 368 quod
1123 317 1286 354 alembico
1303 320 1488 369 impositum
1502 325 1585 372 ignis
1603 322 1695 358 calo-

295 378 330 399 re
345 369 378 401 in
389 368 494 400 varias
513 378 618 414 partes
631 368 809 403 exhalatur.

335 414 481 450 Primum
501 419 590 452 enim
604 416 730 466 spiritus
741 446 751 462 ‚
764 417 816 453 seu
834 429 919 466 aqua
930 417 1045 453 ardens
1057 418 1093 452 in
1110 416 1199 452 aliud
1223 427 1279 452 vas
1294 416 1476 467 subjeEkum
1493 420 1698 466 exstimant,-

295 464 382 510 quod
395 463 499 511 plures
512 466 665 516 Chymici
681 472 810 516 (neque
826 471 916 503 enim
927 470 1012 502 inter
1025 466 1056 503 se
1069 466 1288 510 consentiunt)
1307 469 1500 504 mercurium
1513 470 1694 519 appellant.-

295 515 394 549 Hunc
411 517 534 563 excipit
549 527 632 565 aqua
646 516 797 566 insipida,
818 529 919 565 quam
940 516 1138 566 phlegmatis
1161 521 1297 552 nomine
1312 519 1354 552 -iis
1376 516 1500 566 placuit
1520 519 1695 568 designare.

293 563 381 598 Cum
392 575 503 599 autem
515 567 547 600 in
559 566 663 601 fundo
680 566 833 602 alembici
845 596 854 610 ,
864 566 1054 616 phlegmate
1065 579 1184 615 magna
1193 579 1232 602 ex
1246 578 1337 615 parte
1349 566 1506 602 exhausto
1516 597 1526 612 ,
1545 568 1625 603 nihil
1641 577 1695 605 rei

294 625 425 652 maneat
437 627 550 662 praeter
570 619 741 652 materiam
753 615 952 653 viscosam&
968 614 1098 652 crassam
1108 629 1122 652 ,ε
1140 616 1200 651 hac
1216 619 1333 664 utique
1352 618 1386 652 in
1401 616 1490 651 aliud
1511 629 1567 652 vas
1580 647 1591 661 ‚
1612 624 1696 667 pyro

293 675 360 697 non
373 662 532 708 dissimile,
548 666 638 713 quod
658 678 781 701 retorta
799 665 898 715 vulgo
915 679 975 700 une
988 668 1119 704 cornihe,
1137 666 1200 700 dici
1214 665 1312 710 solet,
1337 665 1504 710 transsata,
1533 672 1568 703 &
1593 668 1697 703 vehes

294 714 448 748 mentiori
473 716 543 762 igni
575 715 713 750 admota
724 741 734 761 ‚-
777 717 896 750 timum
915 714 1068 750 nonnihil
1097 715 1293 764 phlegmatis
1312 745 1322 760 ,
1348 727 1418 750 tum
1440 715 1550 763 liquor
1572 717 1695 762 acidus,

294 774 394 809 quein
410 765 603 799 mercurium
629 728 776 800 nonnulli
791 767 940 800 vocitant
955 780 965 808 3
981 765 1123 799 tandem
1146 763 1281 799 viscosus
1297 789 1307 807 ⁵
1330 766 1458 813 pinguis
1475 793 1486 808 ,
1510 770 1544 801 δε
1567 764 1697 801 oleosue

293 811 411 847 humor
425 813 588 862 egreditur
605 842 614 857 ‚
635 826 736 862 quem
748 814 903 862 sulphuris
928 817 1083 858 nomine,
1102 825 1159 849 aut
1175 813 1243 848 olei
1254 813 1438 863 insigniunt.
1468 815 1572 863 Qod
1582 813 1697 863 super.-

293 861 336 896 est
345 866 413 910 jam
432 863 528 898 valde
543 862 733 899 exsiccatum
741 867 817 913 igne
825 863 1020 899 comburunt
1032 892 1042 907 ‚
1061 875 1131 899 turn
1144 866 1179 898 in
1191 875 1250 899 vas
1268 875 1412 898 terreum
1423 866 1601 914 conjiciant
1615 893 1625 907 ‚
1643 866 1695 900 cui

292 922 378 959 aqua
395 912 522 947 fervida
534 915 718 961 apponitur.
741 915 822 948 Haec
840 911 901 948 sale
918 915 1168 963 impraegnatur,
1193 923 1263 947 tum
1286 911 1404 948 filtrata
1417 942 1428 956 ,
1455 912 1507 949 seu
1527 922 1586 962 per
1599 913 1695 949 char..

294 972 362 996 tam
378 961 523 997 bibulam
540 990 550 1005 ‚
576 976 606 998 v.
629 962 673 997 du
685 965 801 1013 papier
812 965 885 1012 gris
898 991 907 1005 ,
926 975 983 998 aut
999 965 1099 1012 panni
1119 963 1250 997 lacinias
1278 964 1413 1010 trajeeta
1427 984 1437 1006 ‚⁷
1462 968 1496 999 ὅς
1517 963 1625 997 calore
1635 970 1694 998 ex.-

292 1011 401 1047 halata
413 1041 423 1056 ,
447 1010 545 1046 salem
560 1013 596 1046 in
608 1010 714 1048 fundo
730 1011 807 1048 vasis
826 1012 977 1061 deponit.
1008 1013 1111 1060 Qod
1127 1022 1276 1048 remanet
1291 1023 1333 1047 ex
1349 1011 1514 1047 cineribus
1528 1022 1612 1047 terra
1630 1013 1692 1058 est,

292 1072 348 1096 aut
361 1072 456 1110 caput
471 1073 650 1098 mortuum.

326 1114 441 1158 Itaque
454 1113 486 1145 in
497 1113 565 1146 vini
578 1111 773 1147 resolutione
786 1125 900 1163 praetet
915 1123 1033 1148 terram
1051 1116 1085 1148 &
1104 1123 1222 1158 aquam
1239 1123 1312 1159 quae
1325 1140 1336 1154 ‚
1355 1109 1376 1145 si
1398 1110 1568 1159 Chymicis
1587 1113 1693 1148 credi..

291 1173 362 1196 mus
374 1191 383 1204 ‚
409 1162 525 1195 inertia
541 1159 610 1196 sunt
622 1161 771 1198 &otiosa
789 1163 971 1204 elementa,
993 1162 1053 1195 tria
1066 1161 1204 1196 multum
1225 1159 1353 1196 aetuosa
1372 1164 1407 1198 ὃς
1428 1172 1546 1209 vegeta
1571 1160 1634 1196 sese
1657 1164 1693 1199 ixi

292 1210 500 1259 conspectum
512 1209 590 1245 dant
600 1213 770 1259 principia.
783 1216 921 1261 Spiritus
936 1213 1090 1246 nimirum
1100 1241 1110 1254 ‚
1126 1210 1178 1246 seu
1190 1212 1362 1245 mercurius
1375 1227 1385 1254 3
1402 1212 1459 1257 qui
1484 1209 1607 1258 duplex
1624 1211 1692 1256 est,

291 1262 420 1310 pinguis
438 1271 515 1293 unus
535 1265 570 1296 &
587 1259 832 1296 inflammabilis
846 1289 855 1301 ,
880 1263 1003 1308 quique
1024 1259 1090 1294 leni
1109 1260 1218 1294 calore
1244 1262 1363 1308 primus
1389 1259 1553 1308 egreditur
1566 1287 1576 1298 ‚
1600 1260 1695 1308 isque

291 1311 361 1345 vini
376 1309 499 1358 spiritus
515 1311 696 1352 vocitatur3
714 1311 796 1346 alter
809 1321 983 1360 penetrans
995 1337 1004 1351 ,
1024 1314 1058 1345 ὅ(
1070 1321 1178 1343 macer
1191 1338 1200 1352 ‚
1228 1311 1351 1357 quique
1365 1309 1399 1342 in
1419 1319 1514 1343 aceto
1534 1308 1692 1356 plurimus

292 1359 347 1395 est.
365 1356 516 1394 Secundo
526 1387 536 1402 ,
554 1358 662 1406 liquor
680 1359 805 1396 oleosus
820 1366 853 1399 &
865 1359 1051 1408 sulphureus
1064 1363 1186 1407 majore
1201 1358 1235 1395 vi
1251 1360 1337 1409 ignis
1348 1357 1539 1394 extrahitur.
1554 1358 1694 1405 Tertio,

292 1408 388 1444 salex
409 1409 570 1444 cineribus
589 1408 726 1446 elicitur.

327 1462 371 1495 Ex
387 1457 488 1494 tribus
503 1459 551 1494 his
563 1460 725 1508 principiis
739 1458 914 1508 qualitates
931 1470 1019 1507 pene
1031 1469 1145 1494 omnes
1163 1458 1237 1493 duci
1254 1457 1450 1493 arbitrantur
1466 1472 1473 1492 :
1496 1458 1580 1493 adeo
1597 1469 1633 1494 ut
1651 1467 1692 1494 ex

292 1508 356 1544 sale
367 1509 496 1558 sapores
510 1526 520 1554 3
534 1520 573 1543 ex
592 1508 740 1556 sulphure
760 1510 897 1553 odores,
909 1512 977 1543 imo
994 1513 1029 1545 &
1044 1507 1171 1543 colores
1192 1526 1202 1553 3
1220 1520 1258 1542 ex
1271 1509 1432 1543 mercurio
1447 1506 1549 1542 facilis
1570 1510 1604 1542 in
1619 1520 1693 1543 cor-

292 1571 374 1607 pora
390 1559 496 1594 aditus
507 1588 516 1602 ,
531 1564 565 1595 &
585 1561 634 1594 vis
646 1570 818 1607 penetrans
831 1587 840 1601 ,
862 1571 900 1593 ac
911 1556 1084 1593 diffolvens
1098 1587 1108 1601 ,
1126 1560 1196 1592 imo
1212 1558 1426 1593 fermentatio
1449 1559 1556 1593 omnis
1574 1586 1584 1602 ,
1616 1566 1695 1606 qua

291 1611 448 1657 praecipua
463 1609 510 1642 est
526 1610 691 1643 mixtionis
707 1614 741 1645 δε
756 1607 971 1644 diisolutionis
992 1606 1081 1641 causa
1092 1635 1102 1649 ‚
1123 1609 1280 1644 oriantur.

326 1660 406 1694 Haec
414 1659 529 1704 utique
547 1662 582 1694 δε
599 1658 661 1692 alia
677 1659 710 1693 in
727 1670 800 1692 eam
815 1669 885 1693 rem
907 1655 1042 1705 plurima
1060 1656 1217 1705 Chymici
1231 1657 1271 1692 de
1285 1657 1344 1692 suis
1368 1658 1533 1706 principiis
1549 1657 1692 1702 tradunt,

292 1721 360 1756 quae
375 1707 440 1743 sola
452 1706 513 1742 esse
530 1718 639 1742 terum
660 1707 836 1755 primordia
846 1717 964 1754 putant
979 1723 988 1749 3
1016 1716 1116 1752 atque
1131 1718 1168 1739 ex
1184 1707 1221 1738 iis
1235 1718 1350 1740 omnes
1368 1719 1542 1754 corporum
1555 1709 1638 1740 vires
1655 1712 1691 1743 &

291 1758 465 1805 qualitates
477 1756 550 1790 duci
564 1784 573 1797 ‚
598 1769 665 1791 non
681 1767 719 1790 ex
731 1766 872 1802 quatuor
882 1754 1055 1789 elementis
1067 1782 1076 1796 ,
1103 1766 1172 1800 quae
1187 1759 1219 1790 &
1232 1753 1351 1802 saporis
1373 1757 1479 1789 omnis
1490 1783 1500 1798 ‚
1522 1760 1555 1790 &
1568 1755 1690 1800 odoris,

292 1806 455 1843 &coloris
470 1806 571 1839 etiam
588 1816 624 1839 ut
649 1804 824 1852 plurimum
847 1802 917 1839 sunt
925 1805 1093 1852 expertia;
1108 1815 1174 1837 non
1187 1815 1226 1837 ex
1238 1805 1355 1838 atomis
1367 1832 1374 1846 ,
1393 1815 1448 1838 aut
1462 1806 1598 1838 minutis
1615 1817 1690 1839 cor-

290 1855 446 1903 pusculis,
471 1867 544 1902 quse
563 1853 616 1889 sub
638 1852 741 1889 sensus
755 1867 823 1888 non
837 1854 993 1896 veniunt,
1014 1864 1153 1899 quaeque
1175 1851 1247 1887 solis
1272 1855 1468 1901 conjecturis
1484 1852 1690 1901 assequimur.

327 1908 365 1941 Et
378 1905 512 1952 quidem
525 1904 692 1939 fatendum
705 1904 748 1938 est
758 1901 924 1952 Physicam
945 1915 982 1937 ex
998 1903 1235 1951 Chymicorum
1250 1902 1415 1937 laboribus
1435 1908 1469 1939 δε
1482 1905 1688 1951 experimen-

291 1959 331 1991 tis
345 1966 461 1998 magna
472 1956 672 1988 incrementa
686 1952 816 2001 cepisse.
838 1954 926 1988 Hinc
936 1952 1046 1987 multae
1060 1961 1145 1986 artes
1159 1952 1199 1985 ad
1216 1951 1303 1987 usum
1317 1954 1391 1987 vitae
1405 1953 1560 2001 perutiles
1574 1964 1688 1987 mana-

290 2016 364 2040 runt
381 1995 484 2040 ιᾞίηε
499 2005 598 2038 etiam
611 2015 785 2051 corporum
796 2004 1014 2050 proprietates
1024 2008 1058 2040 &
1071 2003 1153 2036 vires
1164 2013 1282 2049 magna
1292 2014 1329 2036 ex
1345 2014 1433 2051 parte
1449 2003 1589 2049 cognitae
1604 2000 1688 2039 sunt.

291 2055 356 2089 Sed
378 2065 486 2088 tamen
505 2055 559 2087 vix
576 2052 691 2087 adduci
703 2051 824 2101 possum
839 2063 875 2087 ut
888 2051 1018 2087 credam
1042 2052 1090 2087 his
1104 2054 1269 2100 principiis
1292 2049 1524 2099 Philosophum
1548 2063 1687 2086 conten..

292 2115 359 2139 tum
377 2101 436 2138 effe
449 2114 602 2148 oportere
618 2131 628 2145 ‚
659 2114 715 2137 aut
732 2114 772 2137 ea
789 2100 882 2135 rebus
905 2101 1103 2149 explicandis
1119 2097 1272 2136 sufficere.
1301 2101 1389 2152 Qd
1410 2102 1506 2149 igitur
1529 2101 1567 2134 iis
1581 2099 1661 2134 defit
1672 2129 1685 2143 ,

291 2153 413 2202 quidve
429 2153 461 2186 in
473 2152 535 2186 hoc
549 2150 797 2200 philosophandi
809 2148 930 2200 genere
945 2151 1247 2199 reprehendendum
1261 2180 1270 2194 ‚
1295 2151 1383 2186 simul
1396 2150 1473 2198 quid
1492 2148 1570 2183 utile
1580 2178 1590 2192 ,
1605 2149 1685 2196 quid

292 2215 369 2237 vero
385 2203 570 2249 proximum
586 2200 682 2236 nobis
703 2201 852 2237 videatur
864 2229 874 2244 ,
894 2199 993 2249 quam
1007 2203 1183 2251 poterimus
1194 2201 1337 2238 distincte
1353 2207 1386 2238 ἃ
1399 2200 1544 2234 breviter
1561 2199 1684 2246 aperire

293 2251 497 2287 conabimur.
515 2253 564 2286 Sit
578 2252 673 2299 igitur
