1878 2724
382 137 445 177 566
934 126 960 163 P
978 125 1013 160 H
1026 124 1057 161 Y
1070 125 1115 161 SI
1133 123 1163 160 C
1177 127 1217 161 AE

383 181 466 214 adeo
480 191 514 214 ut
524 175 718 216 crvstallinus
734 175 848 210 humor
867 186 934 210 non
948 176 1077 223 propria
1088 176 1192 210 tunica
1205 202 1216 218 ,
1238 172 1291 209 sed
1301 177 1466 211 communi
1486 187 1559 212 cum
1572 176 1679 213 vitreo
1693 186 1768 214 niu-⁴

369 231 495 264 niatur:
514 218 573 263 nec
585 223 707 259 diversa
720 223 755 258 sir
767 222 809 257 ab
827 236 884 267 ea,
901 235 970 270 quae
986 225 1105 257 idcirco
1126 222 1316 272 hyaloideS,
1336 222 1389 259 seu
1411 226 1514 259 vitrea
1530 225 1655 262 dicitur.
1677 228 1766 261 Hinc

372 277 570 325 crystallinus
581 276 614 308 in
631 274 724 307 vitrei
735 272 881 307 humoris
894 283 1053 308 excavato
1064 270 1130 307 [inu
1144 300 1154 315 ,
1171 283 1324 320 tanquam
1338 285 1468 321 gemma
1485 275 1518 310 in
1529 274 1650 310 annulo
1659 277 1766 311 conti.

371 336 475 361 netur.

411 374 494 407 Haec
517 372 630 417 utique
646 368 769 404 facilius
779 372 994 418 percipientur
1007 382 1046 404 cx
1061 369 1160 420 figura
1174 369 1259 405 oculi
1273 382 1373 418 quam
1389 370 1408 406 ὲ
1419 370 1467 406 D.
1484 371 1633 405 Perrault
1641 383 1768 407 mutua-

374 421 481 456 bimur
493 449 502 462 ,
520 422 577 466 qui
595 424 627 455 &
647 418 777 466 pulchre
792 431 959 466 comparat
975 420 1058 453 oculi
1071 418 1228 454 fabricam
1239 432 1312 454 curn
1322 419 1403 454 tubo
1415 421 1527 467 optico
1539 447 1548 461 ,
1568 421 1666 468 idque
1680 432 1770 456 nova

375 470 515 518 quadam
532 470 666 503 ratione.
688 466 842 517 Videfig.
863 477 891 503 6.
911 467 1030 502 tabellae
1053 481 1064 510 3
1079 496 1087 504 .
1100 470 1188 504 Nam
1204 468 1353 503 humores
1369 471 1401 503 in
1418 468 1513 503 oculo
1526 469 1613 504 idem
1625 469 1769 517 praestant

377 519 466 567 quod
484 519 564 552 vitm
580 519 612 551 in
631 515 805 564 telcscopio
819 545 828 560 ,
855 529 910 552 aut
924 516 1149 565 microscopio.
1174 518 1222 560 C,
1242 519 1338 565 igitur
1360 518 1403 552 est
1425 529 1564 561 cornea,
1580 520 1613 552 H
1626 545 1635 560 ‚
1652 518 1768 553 humor

378 579 511 611 aqueus3
523 570 556 602 D
570 595 578 609 ,
590 568 646 600 Iris
665 565 749 599 oculi
765 567 798 600 in
813 567 923 601 medio
934 565 1110 614 perforata,
1126 579 1258 613 quaeque
1276 567 1361 601 idem
1381 567 1509 614 praestat
1524 567 1611 614 quod
1634 569 1668 601 in
1683 565 1769 601 tubis

377 617 495 665 opticis
509 615 619 650 circuli
630 615 791 649 chartacei
801 642 810 656 ,
822 617 853 649 in
867 616 978 649 medio
989 614 1027 649 fic
1040 614 1165 663 pertuli,
1177 626 1213 649 ut
1223 613 1423 663 obliquiores
1439 616 1545 649 radios
1559 617 1770 662 arceant,qui

379 667 554 712 imaginem
570 662 715 699 infundo
733 663 819 698 oculi
834 664 996 712 depi&am
1012 663 1252 699 confunderent
1265 693 1274 707 ,
1306 667 1330 700 E
1351 665 1394 698 est
1409 663 1563 712 processus
1583 664 1698 698 ciliaris
1713 666 1769 711 qui

379 713 563 762 crystallino
578 714 760 747 anneffltur
774 741 783 755 ‚
805 724 945 760 eumque
963 712 1069 748 firmat
1080 742 1088 755 ,
1103 712 1171 747 fere
1186 724 1221 747 ut
1237 713 1369 749 circulus
1381 713 1498 748 ferreus
1511 741 1520 756 ‚
1537 713 1637 762 vulgo
1646 726 1706 747 une
1716 714 1771 747 vi.

379 763 444 797 role
454 791 463 806 ‚
478 763 536 810 qui
554 764 673 797 vitrum
688 764 721 797 in
736 760 816 795 tubo
827 765 946 797 retinet
960 775 968 796 ι
983 764 1004 796 F
1018 762 1065 796 est
1078 761 1246 797 choroidcs
1259 765 1346 811 nigra
1358 774 1426 798 tum
1439 775 1477 796 cx
1490 773 1578 810 parte
1594 764 1770 806 anteriore,

378 810 434 846 ubi
449 823 570 846 nomen
587 823 677 846 uvcae
692 812 826 858 accipit,
842 823 910 846 tum
924 824 966 846 ex
977 823 1065 859 parte
1078 811 1268 858 posteriore,
1280 824 1383 859 eaque
1397 811 1484 845 idem
1494 809 1591 846 efficit
1602 839 1612 853 ‚
1631 812 1720 857 quod
1736 812 1770 846 in

378 859 461 894 tubo
477 871 545 894 ater
564 859 653 893 color
671 872 738 906 quo
768 871 839 906 pars
853 862 987 894 interior
1002 859 1074 894 tubi
1089 859 1171 894 solet
1192 859 1279 894 infici
1294 889 1303 903 ‚
1317 873 1353 894 ut
1371 861 1577 908 peregrinum
1592 859 1698 895 lumen
1710 887 1720 904 ,
1735 864 1770 897 δε

379 907 507 943 crebras
527 921 555 943 rt
563 907 721 942 flexiones
734 906 755 942 ἐι
769 907 923 943 lateribus
936 909 1037 943 stratas
1053 907 1197 942 inhibeat
1212 922 1220 943 :
1235 911 1264 942 G
1281 909 1326 942 cst
1340 911 1451 943 retina.

416 960 492 992 Hoc
503 957 576 992 loco
592 956 796 1004 quaerendum
814 956 890 991 effer
903 987 913 1001 ,
926 958 1016 1005 quod
1029 955 1064 991 sit
1077 959 1267 1005 praecipuum
1277 956 1357 992 visus
1368 969 1522 1006 organum
1534 987 1544 1001 ‚
1557 970 1597 993 an
1609 958 1721 999 retina,
1734 967 1770 991 ut

381 1006 480 1054 vulgo
495 1006 638 1040 creditur
649 1023 658 1049 3
668 1018 707 1040 an
721 1007 829 1052 potius
850 1017 885 1040 ut
897 1006 1006 1040 multis
1019 1008 1212 1052 argumentis
1229 1018 1311 1053 pei-re
1323 1007 1519 1040 demonstrat
1537 1007 1770 1048 D.Mari0tte,

382 1057 485 1090 tunica
503 1054 672 1090 choroides
686 1082 696 1096 ,
711 1066 783 1100 quae
799 1056 911 1089 retinae
927 1053 1129 1089 substernitur
1140 1083 1150 1097 ‚
1165 1052 1200 1087 sit
1215 1056 1380 1102 proprium
1392 1052 1474 1088 visus
1489 1066 1655 1102 organum.
1665 1054 1768 1097 Qod

384 1115 421 1137 ea
440 1105 547 1139 tunica
563 1102 598 1137 sit
610 1104 666 1151 piae
675 1105 785 1137 matris
800 1104 946 1149 quaedam
967 1103 1158 1151 productio,
1172 1115 1213 1138 ex
1231 1103 1363 1138 infinitis
1377 1115 1459 1151 pene
1478 1102 1604 1138 fibrillis
1617 1100 1772 1151 composi-

386 1163 417 1186 ta
429 1167 436 1188 :
448 1165 521 1188 cum
542 1154 575 1187 in
591 1153 695 1186 retina
709 1150 802 1186 nullae
812 1151 873 1186 fint
891 1152 1048 1200 ejusmodi
1062 1151 1188 1187 fibn'llae
1200 1181 1208 1194 ,
1222 1154 1290 1187 imo
1305 1164 1346 1187 ne
1355 1151 1543 1188 membrana
1559 1153 1694 1200 quidem
1716 1150 1771 1186 illa

384 1201 447 1235 dici
460 1202 583 1250 potest,
608 1200 660 1235 sed
678 1199 795 1235 humor
811 1205 916 1248 potius
936 1214 974 1236 ex
995 1202 1108 1236 intima
1119 1203 1209 1235 nervi
1221 1199 1497 1248 opticisubstantia
1510 1212 1769 1236 concretuszne-

384 1262 448 1296 que
463 1262 564 1298 opaca
579 1250 625 1283 est
637 1277 646 1291 ,
658 1249 870 1285 utchoroidcs
880 1278 890 1293 ,
902 1249 953 1284 sed
972 1249 1119 1285 nonnihil
1134 1249 1279 1286 tralucet.
1302 1252 1392 1285 Hinc
1412 1249 1491 1284 facis
1506 1249 1643 1284 accensae
1658 1249 1771 1285 lumen

383 1297 403 1333 ὲ
418 1299 570 1333 choroide
583 1300 627 1333 ita
641 1297 813 1333 refleffirur
823 1326 832 1340 ,
851 1310 887 1333 ut
903 1300 990 1334 canis
1005 1298 1114 1334 oculus
1123 1299 1163 1333 de
1175 1299 1273 1334 noire
1283 1299 1404 1334 lucidus
1412 1299 1658 1346 quodammodo
1670 1310 1771 1347 appa-

386 1359 473 1384 reat:
491 1348 559 1383 haec
577 1350 665 1382 enim
685 1359 757 1382 cum
771 1346 807 1381 fit
820 1347 954 1382 candida
966 1377 975 1391 ,
999 1347 1108 1382 lumen
1122 1347 1237 1382 fortius
1252 1350 1378 1396 regerit.
1411 1351 1448 1383 ln
1462 1347 1577 1383 felium
1599 1346 1700 1382 oculis
1718 1347 1771 1382 lux

384 1408 515 1444 quoque
534 1408 654 1444 vegeta
666 1425 675 1439 ,
691 1395 743 1430 sed
761 1396 895 1431 caeruleo
909 1397 1018 1431 colore
1038 1398 1139 1431 tincta
1167 1399 1322 1440 cernitur,
1335 1397 1422 1444 quod
1439 1398 1473 1432 in
1488 1398 1524 1432 iis
1537 1396 1707 1431 choroides
1728 1395 1766 1430 fit

384 1457 425 1479 eo
436 1446 546 1480 colore
562 1445 695 1484 infecta,
713 1448 748 1485 In
760 1445 891 1480 homine
905 1451 993 1493 cujus
1009 1445 1177 1480 choroidcs
1188 1446 1234 1480 est
1249 1448 1339 1493 nigra
1352 1473 1362 1487 ‚
1378 1448 1404 1480 is
1418 1445 1526 1493 fulgor
1540 1458 1607 1480 non
1621 1455 1765 1493 apparet:

384 1506 489 1541 neque
500 1497 585 1529 enim
603 1494 659 1529 lux
674 1506 713 1528 ex
727 1495 824 1542 nigris
838 1494 1025 1542 corporibus
1039 1506 1127 1529 tanta
1149 1496 1181 1528 vi
1193 1492 1376 1530 refledtizur.

426 1545 502 1578 Hoc
514 1545 613 1578 etiam
627 1542 791 1578 luculento
808 1543 959 1592 exemplo
970 1542 1191 1578 confirmatur.
1216 1543 1339 1578 Charta
1351 1545 1382 1578 in
1395 1542 1509 1578 orbem
1523 1543 1606 1580 secta
1621 1548 1655 1581 &
1665 1542 1772 1592 parie-

386 1594 411 1627 ti
430 1593 469 1626 ad
485 1592 568 1627 oculi
590 1591 796 1626 altitudinem
816 1590 932 1635 affixa,
949 1592 966 1627 ὲ
981 1604 1067 1627 certa
1088 1592 1239 1627 distantia
1257 1591 1311 1627 sub
1323 1591 1476 1628 obtutum
1489 1605 1555 1628 non
1578 1593 1682 1636 cadit,
1699 1603 1772 1626 cum

387 1653 491 1689 partes
506 1643 622 1676 vicinae
638 1640 798 1675 hincinde
813 1641 1001 1677 videantur:
1019 1654 1089 1676 cum
1107 1641 1226 1676 scilicet
1238 1641 1323 1676 locus
1336 1643 1483 1690 imaginis
1493 1644 1525 1676 in
1536 1654 1573 1675 ea
1587 1652 1677 1690 parte
1691 1640 1772 1675 cho-

387 1691 484 1723 roidis
502 1718 511 1733 ‚
528 1702 596 1736 quae
611 1689 738 1733 deficit,
756 1688 806 1724 seu
828 1692 859 1724 in
874 1689 938 1724 bafi
966 1694 1057 1726 nervi
1073 1691 1173 1739 optici
1202 1691 1303 1725 existit
1320 1690 1449 1725 :lumen
1469 1692 1556 1725 enim
1574 1688 1672 1724 bafim
1686 1688 1770 1724 illius

388 1742 481 1774 nervi
495 1752 560 1773 non
576 1737 691 1774 afficit:
709 1739 794 1773 unde
809 1737 977 1786 objectum
988 1752 1096 1774 coram
1107 1737 1244 1788 politum
1257 1753 1322 1774 non
1341 1741 1491 1775 cernitur.

423 1791 543 1822 Verum
560 1787 607 1822 his
623 1785 745 1821 omissis
755 1800 825 1832 quae
842 1787 1024 1835 longiorem
1035 1787 1285 1835 disquifitionem
1295 1787 1458 1836 postulant
1471 1817 1480 1831 ‚
1497 1787 1644 1835 quaedam
1663 1789 1771 1835 potius

388 1849 456 1884 quae
468 1850 486 1871 ι
502 1838 599 1871 Do&
612 1837 745 1870 Medico
756 1840 893 1871 Vernaeo
911 1840 993 1871 circa
1009 1836 1139 1870 oculum
1157 1836 1227 1871 sunt
1243 1835 1605 1879 observata‚fi1mmatim
1618 1836 1769 1884 perstrin-

411 1896 505 1918 amut.
539 1895 580 1918 10.
603 1886 716 1918 Motus
742 1884 823 1918 illius
849 1884 1047 1920 membranae
1065 1897 1134 1931 qua:
1163 1887 1193 1917 in
1227 1883 1338 1918 avibus
1360 1886 1500 1920 maxime
1530 1885 1628 1918 tertiae
1657 1883 1772 1932 palpe-

387 1897 455 1967 ἷκε
470 1944 600 1966 munere
613 1931 755 1977 fungitur
767 1960 776 1975 ‚
790 1937 822 1966 &
842 1933 926 1966 oculi
940 1944 1065 1978 partem
1075 1934 1267 1966 anteriorem
1287 1935 1368 1981 regit
1380 1962 1390 1976 ,
1401 1931 1581 1968 incredibili
1594 1932 1771 1977 celeritate,

389 1987 423 2018 &
441 1981 558 2029 duplici
572 1979 711 2015 musculo
727 1979 898 2028 perficitur.
921 1981 995 2030 Q
1006 1980 1229 2016 membranam
1244 1981 1367 2016 attollit
1389 1987 1423 2018 δε
1442 1981 1526 2016 oculi
1541 1993 1666 2029 partem
1679 1993 1772 2016 ante-

388 2033 505 2065 riorem
526 2031 625 2077 tegit,
644 2031 767 2076 quique
785 2029 970 2075 pyriformis
987 2030 1102 2064 dicitur
1122 2035 1155 2066 &
1178 2030 1261 2064 infra
1281 2030 1452 2079 globulum
1469 2030 1553 2065 oculi
1571 2029 1686 2078 politus
1701 2031 1768 2074 est,

389 2080 463 2114 huic
484 2080 586 2114 motui
613 2078 707 2126 plane
734 2076 909 2113 sufficeret:
927 2079 976 2113 sed
996 2078 1078 2113 illius
1093 2078 1192 2113 tendo
1207 2079 1341 2115 distendi
1366 2093 1430 2114 non
1442 2080 1544 2128 potest
1562 2078 1616 2113 nisi
1633 2092 1770 2115 nervum

387 2130 529 2175 opticum
541 2129 621 2161 circa
640 2138 737 2173 quem
748 2126 920 2162 infleffitur
936 2157 944 2171 ‚
960 2130 1162 2175 comprimat.
1178 2128 1290 2173 Qiare
1303 2141 1343 2163 ne
1359 2130 1433 2176 quid
1447 2129 1644 2163 incommodi
1667 2131 1771 2176 patia-

389 2188 436 2211 tur
453 2187 568 2211 nervus
586 2177 729 2223 optimu,
742 2176 821 2210 alter
839 2175 994 2210 musculus
1010 2179 1106 2224 priori
1119 2176 1278 2225 oppositus
1298 2176 1316 2212 Ξι
1332 2189 1444 2212 natura
1457 2177 1495 2211 fic
1505 2189 1630 2224 aptatus
1643 2182 1678 2215 &
1693 2189 1766 2224 per<

387 2225 508 2260 foratus
528 2224 639 2268 fuir‚ut
654 2223 805 2259 tubulum
816 2225 1004 2259 tendineum
1020 2224 1159 2269 efficiat,
1176 2226 1420 2263 &tendinosum
1431 2226 1542 2260 funem
1561 2228 1673 2274 prioris
1686 2223 1770 2259 mus-

386 2274 449 2307 culi
465 2274 636 2316 admittat,
665 2286 802 2319 cumque
828 2274 867 2308 ad
895 2274 974 2309 latus
997 2275 1169 2317 deflectat,
1201 2288 1242 2310 ne
1269 2276 1346 2320 quid
1375 2288 1490 2310 noceat
1513 2288 1615 2310 nervo
1645 2275 1768 2318 optico.

386 2325 518 2358 Natura:
539 2322 709 2358 artificium
722 2325 752 2358 in
766 2323 856 2370 hujus
870 2322 1067 2358 membranae
1087 2324 1238 2358 structura
1257 2323 1385 2371 pulchre
1407 2323 1583 2372 descripsit,
1613 2327 1646 2358 &
1661 2322 1768 2371 figuris

386 2370 536 2419 expressit
552 2372 601 2408 D.
622 2372 784 2408 Permult.
807 2374 968 2410 Existimat
982 2374 1122 2410 eundem
1135 2370 1195 2410 else
1213 2372 1301 2409 usum
1317 2376 1477 2411 interioris
1502 2370 1667 2422 palpebrae
1678 2399 1689 2416 ,
1713 2373 1768 2420 qui
