<?xml version="1.0" encoding="UTF-8"?>
<!DOCTYPE html PUBLIC "-//W3C//DTD XHTML 1.0 Transitional//EN"
    "http://www.w3.org/TR/xhtml1/DTD/xhtml1-transitional.dtd">
<html xmlns="http://www.w3.org/1999/xhtml" xml:lang="en" lang="en">
 <head>
  <title>
</title>
<meta http-equiv="Content-Type" content="text/html;charset=utf-8" />
  <meta name='ocr-system' content='tesseract 3.04.00' />
  <meta name='ocr-capabilities' content='ocr_page ocr_carea ocr_par ocr_line ocrx_word'/>
</head>
<body>
  <div class='ocr_page' id='page_1' title='image "./philosophiavetus02duhauoft_0650.png"; bbox 0 0 1878 2724; ppageno 0'>
   <div class='ocr_carea' id='block_1_1' title="bbox 378 100 1791 2442">
    <p class='ocr_par' dir='ltr' id='par_1_1' title="bbox 383 100 1172 142">
     <span class='ocr_line' id='line_1_1' title="bbox 383 100 1172 142; baseline -0.005 0"><span class='ocrx_word' id='word_1_1' title='bbox 383 111 441 142; x_wconf 77' lang='lat'>616</span> <span class='ocrx_word' id='word_1_2' title='bbox 863 101 888 139; x_wconf 81' lang='lat' dir='ltr'>P</span> <span class='ocrx_word' id='word_1_3' title='bbox 910 102 945 140; x_wconf 84' lang='lat' dir='ltr'><strong>H</strong></span> <span class='ocrx_word' id='word_1_4' title='bbox 963 101 996 139; x_wconf 76' lang='lat' dir='ltr'>Y</span> <span class='ocrx_word' id='word_1_5' title='bbox 1014 102 1035 139; x_wconf 85' lang='lat' dir='ltr'>S</span> <span class='ocrx_word' id='word_1_6' title='bbox 1049 101 1065 138; x_wconf 86' lang='lat'>1</span> <span class='ocrx_word' id='word_1_7' title='bbox 1084 100 1115 138; x_wconf 93' lang='lat' dir='ltr'>C</span> <span class='ocrx_word' id='word_1_8' title='bbox 1132 101 1172 138; x_wconf 58' lang='grc' dir='ltr'><em>Β</em></span> 
     </span>
    </p>

    <p class='ocr_par' dir='ltr' id='par_1_2' title="bbox 378 145 1775 785">
     <span class='ocr_line' id='line_1_2' title="bbox 380 145 1772 202; baseline -0.001 -13"><span class='ocrx_word' id='word_1_9' title='bbox 380 156 496 189; x_wconf 86' lang='lat' dir='ltr'>teriam</span> <span class='ocrx_word' id='word_1_10' title='bbox 509 151 634 202; x_wconf 82' lang='lat' dir='ltr'>illapsus</span> <span class='ocrx_word' id='word_1_11' title='bbox 648 152 693 186; x_wconf 89' lang='lat' dir='ltr'>est</span> <span class='ocrx_word' id='word_1_12' title='bbox 710 148 797 199; x_wconf 82' lang='lat' dir='ltr'>quasi</span> <span class='ocrx_word' id='word_1_13' title='bbox 810 151 843 187; x_wconf 85' lang='lat' dir='ltr'>in</span> <span class='ocrx_word' id='word_1_14' title='bbox 857 151 1040 199; x_wconf 81' lang='lat' dir='ltr'>aequilibtio</span> <span class='ocrx_word' id='word_1_15' title='bbox 1051 164 1123 187; x_wconf 85' lang='lat' dir='ltr'>curn</span> <span class='ocrx_word' id='word_1_16' title='bbox 1137 161 1273 188; x_wconf 84' lang='lat' dir='ltr'>externo</span> <span class='ocrx_word' id='word_1_17' title='bbox 1285 160 1359 185; x_wconf 82' lang='lat' dir='ltr'>aere</span> <span class='ocrx_word' id='word_1_18' title='bbox 1370 148 1426 198; x_wconf 82' lang='lat' dir='ltr'>qui</span> <span class='ocrx_word' id='word_1_19' title='bbox 1449 145 1561 199; x_wconf 64' lang='lat' dir='ltr'>peffiis</span> <span class='ocrx_word' id='word_1_20' title='bbox 1575 148 1772 201; x_wconf 53' lang='lat' dir='ltr'>comprimit}</span> 
     </span>
     <span class='ocr_line' id='line_1_3' title="bbox 381 199 1769 250; baseline -0.003 -12"><span class='ocrx_word' id='word_1_21' title='bbox 381 203 475 238; x_wconf 87' lang='lat' dir='ltr'>Hinc</span> <span class='ocrx_word' id='word_1_22' title='bbox 488 200 619 236; x_wconf 89' lang='lat' dir='ltr'>musculi</span> <span class='ocrx_word' id='word_1_23' title='bbox 631 199 848 235; x_wconf 89' lang='lat' dir='ltr'>intercostales</span> <span class='ocrx_word' id='word_1_24' title='bbox 864 201 961 236; x_wconf 67' lang='lat' dir='ltr'>facile-</span> <span class='ocrx_word' id='word_1_25' title='bbox 974 202 1075 236; x_wconf 87' lang='lat' dir='ltr'>costas</span> <span class='ocrx_word' id='word_1_26' title='bbox 1092 201 1173 250; x_wconf 84' lang='lat' dir='ltr'>ipsas</span> <span class='ocrx_word' id='word_1_27' title='bbox 1184 201 1310 247; x_wconf 75' lang='lat' dir='ltr'>erigunt</span> <span class='ocrx_word' id='word_1_28' title='bbox 1325 227 1335 244; x_wconf 92' lang='lat'>,</span> <span class='ocrx_word' id='word_1_29' title='bbox 1353 210 1488 247; x_wconf 88' lang='lat' dir='ltr'>tumque</span> <span class='ocrx_word' id='word_1_30' title='bbox 1501 212 1556 234; x_wconf 87' lang='lat' dir='ltr'>aer</span> <span class='ocrx_word' id='word_1_31' title='bbox 1572 199 1703 235; x_wconf 82' lang='lat' dir='ltr'>uberior</span> <span class='ocrx_word' id='word_1_32' title='bbox 1718 202 1769 235; x_wconf 80' lang='lat' dir='ltr'>in-</span> 
     </span>
     <span class='ocr_line' id='line_1_4' title="bbox 378 248 1769 298; baseline -0.004 -13"><span class='ocrx_word' id='word_1_33' title='bbox 378 253 528 285; x_wconf 74' lang='lat' dir='ltr'>creditur.</span> <span class='ocrx_word' id='word_1_34' title='bbox 542 251 588 283; x_wconf 88' lang='lat' dir='ltr'>Fit</span> <span class='ocrx_word' id='word_1_35' title='bbox 598 250 684 283; x_wconf 86' lang='lat' dir='ltr'>enim</span> <span class='ocrx_word' id='word_1_36' title='bbox 700 253 803 296; x_wconf 74' lang='lat' dir='ltr'>major</span> <span class='ocrx_word' id='word_1_37' title='bbox 817 250 957 297; x_wconf 61' lang='lat' dir='ltr'>pectoris</span> <span class='ocrx_word' id='word_1_38' title='bbox 974 253 1145 298; x_wconf 83' lang='lat' dir='ltr'>capacitas,</span> <span class='ocrx_word' id='word_1_39' title='bbox 1155 248 1214 284; x_wconf 83' lang='lat' dir='ltr'>ubi</span> <span class='ocrx_word' id='word_1_40' title='bbox 1225 248 1318 282; x_wconf 82' lang='lat' dir='ltr'>costae</span> <span class='ocrx_word' id='word_1_41' title='bbox 1330 260 1402 296; x_wconf 81' lang='lat' dir='ltr'>quae</span> <span class='ocrx_word' id='word_1_42' title='bbox 1417 260 1489 283; x_wconf 89' lang='lat' dir='ltr'>cum</span> <span class='ocrx_word' id='word_1_43' title='bbox 1499 248 1602 283; x_wconf 79' lang='lat' dir='ltr'>sterno</span> <span class='ocrx_word' id='word_1_44' title='bbox 1612 254 1646 286; x_wconf 88' lang='lat'>&amp;</span> <span class='ocrx_word' id='word_1_45' title='bbox 1660 260 1769 282; x_wconf 76' lang='lat' dir='ltr'>verte-</span> 
     </span>
     <span class='ocr_line' id='line_1_5' title="bbox 379 282 1771 348; baseline 0 -15"><span class='ocrx_word' id='word_1_46' title='bbox 379 282 444 333; x_wconf 62' lang='lat' dir='ltr'>ssris</span> <span class='ocrx_word' id='word_1_47' title='bbox 459 295 538 332; x_wconf 77' lang='lat' dir='ltr'>dorsi</span> <span class='ocrx_word' id='word_1_48' title='bbox 550 299 592 331; x_wconf 90' lang='lat' dir='ltr'>ita</span> <span class='ocrx_word' id='word_1_49' title='bbox 609 299 906 342; x_wconf 77' lang='lat' dir='ltr'>com-nittuntiir,ut</span> <span class='ocrx_word' id='word_1_50' title='bbox 918 299 1254 348; x_wconf 76' lang='lat' dir='ltr'>parallelogrammum</span> <span class='ocrx_word' id='word_1_51' title='bbox 1271 295 1526 346; x_wconf 80' lang='lat' dir='ltr'>efficiuntur,jam</span> <span class='ocrx_word' id='word_1_52' title='bbox 1541 299 1722 345; x_wconf 85' lang='lat' dir='ltr'>eriguntur,</span> <span class='ocrx_word' id='word_1_53' title='bbox 1735 301 1771 333; x_wconf 86' lang='lat'>&amp;</span> 
     </span>
     <span class='ocr_line' id='line_1_6' title="bbox 383 345 1770 395; baseline -0.003 -14"><span class='ocrx_word' id='word_1_54' title='bbox 383 348 423 381; x_wconf 84' lang='lat' dir='ltr'>ad</span> <span class='ocrx_word' id='word_1_55' title='bbox 438 346 627 393; x_wconf 78' lang='lat' dir='ltr'>quadratam</span> <span class='ocrx_word' id='word_1_56' title='bbox 645 345 778 395; x_wconf 83' lang='lat' dir='ltr'>figuram</span> <span class='ocrx_word' id='word_1_57' title='bbox 791 349 890 395; x_wconf 79' lang='lat' dir='ltr'>magis</span> <span class='ocrx_word' id='word_1_58' title='bbox 901 349 1076 383; x_wconf 86' lang='lat' dir='ltr'>accedunt:</span> <span class='ocrx_word' id='word_1_59' title='bbox 1095 360 1166 382; x_wconf 88' lang='lat' dir='ltr'>cum</span> <span class='ocrx_word' id='word_1_60' title='bbox 1181 348 1267 381; x_wconf 86' lang='lat' dir='ltr'>enim</span> <span class='ocrx_word' id='word_1_61' title='bbox 1281 358 1388 380; x_wconf 83' lang='lat' dir='ltr'>aerem</span> <span class='ocrx_word' id='word_1_62' title='bbox 1397 346 1542 381; x_wconf 84' lang='lat' dir='ltr'>ducimus</span> <span class='ocrx_word' id='word_1_63' title='bbox 1553 374 1563 389; x_wconf 88' lang='lat'>‚</span> <span class='ocrx_word' id='word_1_64' title='bbox 1578 357 1645 380; x_wconf 92' lang='lat' dir='ltr'>tum</span> <span class='ocrx_word' id='word_1_65' title='bbox 1659 347 1770 393; x_wconf 72' lang='lat' dir='ltr'>chtus</span> 
     </span>
     <span class='ocr_line' id='line_1_7' title="bbox 379 394 1770 444; baseline -0.001 -15"><span class='ocrx_word' id='word_1_66' title='bbox 379 395 659 438; x_wconf 74' lang='lat' dir='ltr'>attollitur,costae</span> <span class='ocrx_word' id='word_1_67' title='bbox 671 398 854 443; x_wconf 81' lang='lat' dir='ltr'>eriguntur,</span> <span class='ocrx_word' id='word_1_68' title='bbox 871 408 981 444; x_wconf 77' lang='lat' dir='ltr'>eaeque</span> <span class='ocrx_word' id='word_1_69' title='bbox 993 395 1086 431; x_wconf 81' lang='lat' dir='ltr'>dorso</span> <span class='ocrx_word' id='word_1_70' title='bbox 1105 402 1136 432; x_wconf 68' lang='grc' dir='ltr'>δε</span> <span class='ocrx_word' id='word_1_71' title='bbox 1150 396 1256 430; x_wconf 83' lang='lat' dir='ltr'>sterno</span> <span class='ocrx_word' id='word_1_72' title='bbox 1265 394 1306 428; x_wconf 86' lang='lat' dir='ltr'>ad</span> <span class='ocrx_word' id='word_1_73' title='bbox 1322 394 1585 443; x_wconf 81' lang='lat' dir='ltr'>perpendiculum</span> <span class='ocrx_word' id='word_1_74' title='bbox 1605 395 1706 442; x_wconf 82' lang='lat' dir='ltr'>magis</span> <span class='ocrx_word' id='word_1_75' title='bbox 1725 395 1770 428; x_wconf 88' lang='lat' dir='ltr'>in-</span> 
     </span>
     <span class='ocr_line' id='line_1_8' title="bbox 379 441 1770 494; baseline -0.001 -16"><span class='ocrx_word' id='word_1_76' title='bbox 379 443 492 479; x_wconf 84' lang='lat' dir='ltr'>sistunt-</span> <span class='ocrx_word' id='word_1_77' title='bbox 507 445 595 479; x_wconf 86' lang='lat' dir='ltr'>Hinc</span> <span class='ocrx_word' id='word_1_78' title='bbox 609 448 712 493; x_wconf 87' lang='lat' dir='ltr'>major</span> <span class='ocrx_word' id='word_1_79' title='bbox 725 444 760 479; x_wconf 86' lang='lat' dir='ltr'>fir</span> <span class='ocrx_word' id='word_1_80' title='bbox 778 447 916 493; x_wconf 63' lang='lat' dir='ltr'>pectoris</span> <span class='ocrx_word' id='word_1_81' title='bbox 931 445 1175 494; x_wconf 82' lang='lat' dir='ltr'>dilatatio.Jam</span> <span class='ocrx_word' id='word_1_82' title='bbox 1188 443 1245 479; x_wconf 90' lang='lat' dir='ltr'>ubi</span> <span class='ocrx_word' id='word_1_83' title='bbox 1257 443 1348 478; x_wconf 86' lang='lat' dir='ltr'>costae</span> <span class='ocrx_word' id='word_1_84' title='bbox 1361 443 1412 478; x_wconf 86' lang='lat' dir='ltr'>sua</span> <span class='ocrx_word' id='word_1_85' title='bbox 1421 442 1545 491; x_wconf 86' lang='lat' dir='ltr'>sponte,</span> <span class='ocrx_word' id='word_1_86' title='bbox 1557 448 1590 480; x_wconf 92' lang='lat'><strong>&amp;</strong></span> <span class='ocrx_word' id='word_1_87' title='bbox 1600 441 1683 489; x_wconf 84' lang='lat' dir='ltr'>quafi</span> <span class='ocrx_word' id='word_1_88' title='bbox 1694 454 1770 490; x_wconf 76' lang='lat' dir='ltr'>pro-</span> 
     </span>
     <span class='ocr_line' id='line_1_9' title="bbox 379 491 1772 542; baseline -0.002 -15"><span class='ocrx_word' id='word_1_89' title='bbox 379 495 452 541; x_wconf 82' lang='lat' dir='ltr'>prio</span> <span class='ocrx_word' id='word_1_90' title='bbox 470 494 614 541; x_wconf 88' lang='lat' dir='ltr'>pondere</span> <span class='ocrx_word' id='word_1_91' title='bbox 625 493 794 537; x_wconf 86' lang='lat' dir='ltr'>decidunt,</span> <span class='ocrx_word' id='word_1_92' title='bbox 810 506 879 529; x_wconf 86' lang='lat' dir='ltr'>tum</span> <span class='ocrx_word' id='word_1_93' title='bbox 889 495 1000 542; x_wconf 63' lang='lat' dir='ltr'>pecias</span> <span class='ocrx_word' id='word_1_94' title='bbox 1017 493 1224 542; x_wconf 79' lang='lat' dir='ltr'>fitangustius</span> <span class='ocrx_word' id='word_1_95' title='bbox 1235 497 1287 536; x_wconf 83' lang='lat'>,&amp;</span> <span class='ocrx_word' id='word_1_96' title='bbox 1303 491 1415 541; x_wconf 89' lang='lat' dir='ltr'>pulmo</span> <span class='ocrx_word' id='word_1_97' title='bbox 1432 491 1472 528; x_wconf 87' lang='lat' dir='ltr'>sic</span> <span class='ocrx_word' id='word_1_98' title='bbox 1489 491 1688 528; x_wconf 88' lang='lat' dir='ltr'>contrahitur</span> <span class='ocrx_word' id='word_1_99' title='bbox 1699 519 1709 535; x_wconf 93' lang='lat'>,</span> <span class='ocrx_word' id='word_1_100' title='bbox 1733 501 1772 525; x_wconf 88' lang='lat' dir='ltr'>ut</span> 
     </span>
     <span class='ocr_line' id='line_1_10' title="bbox 378 538 1772 592; baseline -0.002 -16"><span class='ocrx_word' id='word_1_101' title='bbox 378 542 486 589; x_wconf 76' lang='lat' dir='ltr'>aliqua</span> <span class='ocrx_word' id='word_1_102' title='bbox 498 553 608 576; x_wconf 82' lang='lat' dir='ltr'>tamen</span> <span class='ocrx_word' id='word_1_103' title='bbox 624 544 705 576; x_wconf 82' lang='lat' dir='ltr'>aeris</span> <span class='ocrx_word' id='word_1_104' title='bbox 721 545 880 590; x_wconf 77' lang='lat' dir='ltr'>porr-ioin</span> <span class='ocrx_word' id='word_1_105' title='bbox 896 549 964 592; x_wconf 79' lang='lat' dir='ltr'>ejus</span> <span class='ocrx_word' id='word_1_106' title='bbox 977 542 1119 579; x_wconf 79' lang='lat' dir='ltr'>vesiculis</span> <span class='ocrx_word' id='word_1_107' title='bbox 1143 552 1318 579; x_wconf 85' lang='lat' dir='ltr'>remaneat.</span> <span class='ocrx_word' id='word_1_108' title='bbox 1352 541 1506 588; x_wconf 78' lang='lat' dir='ltr'>Cumque</span> <span class='ocrx_word' id='word_1_109' title='bbox 1531 538 1696 576; x_wconf 88' lang='lat' dir='ltr'>conclusus</span> <span class='ocrx_word' id='word_1_110' title='bbox 1717 551 1772 574; x_wconf 84' lang='lat' dir='ltr'>aer</span> 
     </span>
     <span class='ocr_line' id='line_1_11' title="bbox 380 588 1775 639; baseline -0.001 -15"><span class='ocrx_word' id='word_1_111' title='bbox 380 593 486 627; x_wconf 85' lang='lat' dir='ltr'>minus</span> <span class='ocrx_word' id='word_1_112' title='bbox 503 593 670 625; x_wconf 78' lang='lat' dir='ltr'>exterioris</span> <span class='ocrx_word' id='word_1_113' title='bbox 680 588 831 639; x_wconf 75' lang='lat' dir='ltr'>preffioni</span> <span class='ocrx_word' id='word_1_114' title='bbox 842 591 960 627; x_wconf 79' lang='lat' dir='ltr'>resistat</span> <span class='ocrx_word' id='word_1_115' title='bbox 976 591 1090 635; x_wconf 66' lang='lat' dir='ltr'>‚facile</span> <span class='ocrx_word' id='word_1_116' title='bbox 1100 597 1250 630; x_wconf 76' lang='lat' dir='ltr'>externus</span> <span class='ocrx_word' id='word_1_117' title='bbox 1265 592 1496 630; x_wconf 34' lang='lat' dir='ltr'>iterumvirruit.</span> <span class='ocrx_word' id='word_1_118' title='bbox 1516 590 1604 630; x_wconf 76' lang='lat' dir='ltr'>Cum</span> <span class='ocrx_word' id='word_1_119' title='bbox 1620 600 1726 623; x_wconf 87' lang='lat' dir='ltr'>tamen</span> <span class='ocrx_word' id='word_1_120' title='bbox 1741 589 1775 623; x_wconf 91' lang='lat' dir='ltr'>in</span> 
     </span>
     <span class='ocr_line' id='line_1_12' title="bbox 381 637 1774 689; baseline -0.003 -15"><span class='ocrx_word' id='word_1_121' title='bbox 381 652 534 687; x_wconf 79' lang='lat' dir='ltr'>magnam</span> <span class='ocrx_word' id='word_1_122' title='bbox 553 639 676 675; x_wconf 88' lang='lat' dir='ltr'>molem</span> <span class='ocrx_word' id='word_1_123' title='bbox 688 640 802 674; x_wconf 78' lang='lat' dir='ltr'>thorax</span> <span class='ocrx_word' id='word_1_124' title='bbox 815 640 1004 689; x_wconf 77' lang='lat' dir='ltr'>amplietur,</span> <span class='ocrx_word' id='word_1_125' title='bbox 1023 653 1083 675; x_wconf 89' lang='lat' dir='ltr'>nec</span> <span class='ocrx_word' id='word_1_126' title='bbox 1093 639 1234 675; x_wconf 85' lang='lat' dir='ltr'>multum</span> <span class='ocrx_word' id='word_1_127' title='bbox 1244 640 1269 673; x_wconf 86' lang='lat' dir='ltr'>is</span> <span class='ocrx_word' id='word_1_128' title='bbox 1282 640 1511 687; x_wconf 81' lang='lat' dir='ltr'>comprimatur</span> <span class='ocrx_word' id='word_1_129' title='bbox 1525 667 1535 681; x_wconf 89' lang='lat'>,</span> <span class='ocrx_word' id='word_1_130' title='bbox 1547 637 1678 679; x_wconf 80' lang='lat' dir='ltr'>illudest</span> <span class='ocrx_word' id='word_1_131' title='bbox 1688 637 1774 671; x_wconf 89' lang='lat' dir='ltr'>veri..</span> 
     </span>
     <span class='ocr_line' id='line_1_13' title="bbox 379 685 1775 737; baseline -0.001 -14"><span class='ocrx_word' id='word_1_132' title='bbox 379 688 574 724; x_wconf 82' lang='lat' dir='ltr'>simillimum</span> <span class='ocrx_word' id='word_1_133' title='bbox 587 701 739 737; x_wconf 75' lang='lat' dir='ltr'>magnum</span> <span class='ocrx_word' id='word_1_134' title='bbox 754 687 814 724; x_wconf 78' lang='lat' dir='ltr'>effe</span> <span class='ocrx_word' id='word_1_135' title='bbox 830 691 863 723; x_wconf 90' lang='lat' dir='ltr'>in</span> <span class='ocrx_word' id='word_1_136' title='bbox 881 687 969 725; x_wconf 85' lang='lat' dir='ltr'>fibris</span> <span class='ocrx_word' id='word_1_137' title='bbox 980 691 1103 725; x_wconf 78' lang='lat' dir='ltr'>carneis</span> <span class='ocrx_word' id='word_1_138' title='bbox 1118 717 1131 733; x_wconf 84' lang='lat'>‚</span> <span class='ocrx_word' id='word_1_139' title='bbox 1145 700 1212 737; x_wconf 78' lang='lat' dir='ltr'>quae</span> <span class='ocrx_word' id='word_1_140' title='bbox 1220 686 1382 723; x_wconf 68' lang='lat' dir='ltr'>tracheam</span> <span class='ocrx_word' id='word_1_141' title='bbox 1393 687 1521 725; x_wconf 87' lang='lat' dir='ltr'>&amp;illius</span> <span class='ocrx_word' id='word_1_142' title='bbox 1533 685 1669 722; x_wconf 76' lang='lat' dir='ltr'>surculos</span> <span class='ocrx_word' id='word_1_143' title='bbox 1681 686 1775 721; x_wconf 86' lang='lat' dir='ltr'>strin-</span> 
     </span>
     <span class='ocr_line' id='line_1_14' title="bbox 380 738 1037 785; baseline 0.003 -14"><span class='ocrx_word' id='word_1_144' title='bbox 380 748 463 785; x_wconf 86' lang='lat' dir='ltr'>gunt</span> <span class='ocrx_word' id='word_1_145' title='bbox 477 766 487 782; x_wconf 95' lang='lat'>,</span> <span class='ocrx_word' id='word_1_146' title='bbox 510 738 549 771; x_wconf 90' lang='lat' dir='ltr'>ad</span> <span class='ocrx_word' id='word_1_147' title='bbox 568 739 804 785; x_wconf 73' lang='lat' dir='ltr'>expirationem</span> <span class='ocrx_word' id='word_1_148' title='bbox 819 749 1037 773; x_wconf 88' lang='lat' dir='ltr'>momentum-</span> 
     </span>
    </p>

    <p class='ocr_par' dir='ltr' id='par_1_3' title="bbox 383 783 1779 1125">
     <span class='ocr_line' id='line_1_15' title="bbox 414 783 1777 835; baseline -0.001 -13"><span class='ocrx_word' id='word_1_149' title='bbox 414 786 547 822; x_wconf 83' lang='lat' dir='ltr'>Thorax</span> <span class='ocrx_word' id='word_1_150' title='bbox 561 787 603 820; x_wconf 86' lang='lat' dir='ltr'>est</span> <span class='ocrx_word' id='word_1_151' title='bbox 613 786 704 820; x_wconf 81' lang='lat' dir='ltr'>instar</span> <span class='ocrx_word' id='word_1_152' title='bbox 716 786 988 835; x_wconf 86' lang='lat' dir='ltr'>follis,pulmones</span> <span class='ocrx_word' id='word_1_153' title='bbox 1004 787 1102 822; x_wconf 85' lang='lat' dir='ltr'>instar</span> <span class='ocrx_word' id='word_1_154' title='bbox 1114 785 1345 828; x_wconf 20' lang='lat' dir='ltr'>utriadilatatos</span> <span class='ocrx_word' id='word_1_155' title='bbox 1353 785 1502 829; x_wconf 85' lang='lat' dir='ltr'>thorace,</span> <span class='ocrx_word' id='word_1_156' title='bbox 1511 786 1546 820; x_wconf 80' lang='lat' dir='ltr'>vi</span> <span class='ocrx_word' id='word_1_157' title='bbox 1561 783 1777 820; x_wconf 81' lang='lat' dir='ltr'>musculorum</span> 
     </span>
     <span class='ocr_line' id='line_1_16' title="bbox 383 831 1777 883; baseline -0.001 -14"><span class='ocrx_word' id='word_1_158' title='bbox 383 847 437 869; x_wconf 78' lang='lat' dir='ltr'>aer</span> <span class='ocrx_word' id='word_1_159' title='bbox 452 834 563 883; x_wconf 84' lang='lat' dir='ltr'>sponte</span> <span class='ocrx_word' id='word_1_160' title='bbox 577 834 675 879; x_wconf 82' lang='lat' dir='ltr'>sua,ac</span> <span class='ocrx_word' id='word_1_161' title='bbox 685 847 750 883; x_wconf 86' lang='lat' dir='ltr'>prae</span> <span class='ocrx_word' id='word_1_162' title='bbox 767 837 995 883; x_wconf 78' lang='lat' dir='ltr'>gravitate,aut</span> <span class='ocrx_word' id='word_1_163' title='bbox 1007 837 1039 870; x_wconf 88' lang='lat' dir='ltr'>vi</span> <span class='ocrx_word' id='word_1_164' title='bbox 1050 835 1180 870; x_wconf 86' lang='lat' dir='ltr'>elastica</span> <span class='ocrx_word' id='word_1_165' title='bbox 1193 838 1226 870; x_wconf 85' lang='lat' dir='ltr'>i&#39;n</span> <span class='ocrx_word' id='word_1_166' title='bbox 1237 835 1408 882; x_wconf 79' lang='lat' dir='ltr'>pulmones</span> <span class='ocrx_word' id='word_1_167' title='bbox 1419 833 1685 873; x_wconf 79' lang='lat' dir='ltr'>illabitur.Costas</span> <span class='ocrx_word' id='word_1_168' title='bbox 1698 831 1777 868; x_wconf 69' lang='lat' dir='ltr'>verb</span> 
     </span>
     <span class='ocr_line' id='line_1_17' title="bbox 383 881 1776 931; baseline -0.001 -13"><span class='ocrx_word' id='word_1_169' title='bbox 383 883 555 920; x_wconf 85' lang='lat' dir='ltr'>dilatari&amp;</span> <span class='ocrx_word' id='word_1_170' title='bbox 566 883 704 918; x_wconf 68' lang='lat' dir='ltr'>sternu&#39;m</span> <span class='ocrx_word' id='word_1_171' title='bbox 717 883 824 917; x_wconf 83' lang='lat' dir='ltr'>attolli</span> <span class='ocrx_word' id='word_1_172' title='bbox 838 883 943 922; x_wconf 83' lang='lat' dir='ltr'>versus</span> <span class='ocrx_word' id='word_1_173' title='bbox 953 883 1116 931; x_wconf 80' lang='lat' dir='ltr'>jugulum,</span> <span class='ocrx_word' id='word_1_174' title='bbox 1131 896 1205 918; x_wconf 90' lang='lat' dir='ltr'>cum</span> <span class='ocrx_word' id='word_1_175' title='bbox 1220 882 1258 916; x_wconf 85' lang='lat' dir='ltr'>fit</span> <span class='ocrx_word' id='word_1_176' title='bbox 1272 883 1436 931; x_wconf 74' lang='lat' dir='ltr'>inspiratio</span> <span class='ocrx_word' id='word_1_177' title='bbox 1446 911 1456 926; x_wconf 93' lang='lat'>,</span> <span class='ocrx_word' id='word_1_178' title='bbox 1471 883 1559 917; x_wconf 64' lang='lat' dir='ltr'>taclu</span> <span class='ocrx_word' id='word_1_179' title='bbox 1577 881 1644 930; x_wconf 87' lang='lat' dir='ltr'>ipso</span> <span class='ocrx_word' id='word_1_180' title='bbox 1655 887 1776 919; x_wconf 85' lang='lat' dir='ltr'>&amp;ocu-</span> 
     </span>
     <span class='ocr_line' id='line_1_18' title="bbox 383 929 1776 981; baseline -0.001 -15"><span class='ocrx_word' id='word_1_181' title='bbox 383 932 422 966; x_wconf 88' lang='lat' dir='ltr'>lis</span> <span class='ocrx_word' id='word_1_182' title='bbox 434 933 623 981; x_wconf 83' lang='lat' dir='ltr'>judicamuS.</span> <span class='ocrx_word' id='word_1_183' title='bbox 649 932 683 965; x_wconf 78' lang='lat' dir='ltr'>l‘d</span> <span class='ocrx_word' id='word_1_184' title='bbox 711 930 790 966; x_wconf 76' lang='lat' dir='ltr'>vero</span> <span class='ocrx_word' id='word_1_185' title='bbox 812 931 911 967; x_wconf 88' lang='lat' dir='ltr'>solum</span> <span class='ocrx_word' id='word_1_186' title='bbox 925 932 1133 981; x_wconf 77' lang='lat' dir='ltr'>diaphragma</span> <span class='ocrx_word' id='word_1_187' title='bbox 1153 945 1220 967; x_wconf 89' lang='lat' dir='ltr'>non</span> <span class='ocrx_word' id='word_1_188' title='bbox 1232 929 1347 967; x_wconf 81' lang='lat' dir='ltr'>efficit:</span> <span class='ocrx_word' id='word_1_189' title='bbox 1363 943 1436 966; x_wconf 88' lang='lat' dir='ltr'>cum</span> <span class='ocrx_word' id='word_1_190' title='bbox 1456 931 1544 965; x_wconf 89' lang='lat' dir='ltr'>enim</span> <span class='ocrx_word' id='word_1_191' title='bbox 1562 931 1753 978; x_wconf 84' lang='lat' dir='ltr'>deprimitur</span> <span class='ocrx_word' id='word_1_192' title='bbox 1766 958 1776 974; x_wconf 91' lang='lat'>,</span> 
     </span>
     <span class='ocr_line' id='line_1_19' title="bbox 383 978 1779 1027; baseline -0.002 -12"><span class='ocrx_word' id='word_1_193' title='bbox 383 979 473 1016; x_wconf 79' lang='lat' dir='ltr'>fibrae</span> <span class='ocrx_word' id='word_1_194' title='bbox 484 980 657 1015; x_wconf 66' lang='lat' dir='ltr'>contractae</span> <span class='ocrx_word' id='word_1_195' title='bbox 669 984 734 1027; x_wconf 82' lang='lat' dir='ltr'>ejus</span> <span class='ocrx_word' id='word_1_196' title='bbox 746 979 1222 1024; x_wconf 76' lang='lat' dir='ltr'>ambitum‘imminuunt‚costae</span> <span class='ocrx_word' id='word_1_197' title='bbox 1236 980 1344 1014; x_wconf 84' lang='lat' dir='ltr'>nothae</span> <span class='ocrx_word' id='word_1_198' title='bbox 1356 991 1411 1013; x_wconf 89' lang='lat' dir='ltr'>aut</span> <span class='ocrx_word' id='word_1_199' title='bbox 1420 978 1582 1014; x_wconf 83' lang='lat' dir='ltr'>mendosae</span> <span class='ocrx_word' id='word_1_200' title='bbox 1594 978 1636 1012; x_wconf 90' lang='lat' dir='ltr'>ab</span> <span class='ocrx_word' id='word_1_201' title='bbox 1647 991 1688 1012; x_wconf 82' lang='lat' dir='ltr'>eo</span> <span class='ocrx_word' id='word_1_202' title='bbox 1697 991 1779 1026; x_wconf 89' lang='lat' dir='ltr'>quo-</span> 
     </span>
     <span class='ocr_line' id='line_1_20' title="bbox 386 1026 1779 1077; baseline 0 -14"><span class='ocrx_word' id='word_1_203' title='bbox 386 1041 450 1077; x_wconf 90' lang='lat' dir='ltr'>que</span> <span class='ocrx_word' id='word_1_204' title='bbox 469 1028 616 1064; x_wconf 87' lang='lat' dir='ltr'>deorsum</span> <span class='ocrx_word' id='word_1_205' title='bbox 628 1029 814 1065; x_wconf 82' lang='lat' dir='ltr'>trahuntur:</span> <span class='ocrx_word' id='word_1_206' title='bbox 832 1029 916 1064; x_wconf 92' lang='lat' dir='ltr'>unde</span> <span class='ocrx_word' id='word_1_207' title='bbox 928 1033 961 1066; x_wconf 88' lang='lat'>&amp;</span> <span class='ocrx_word' id='word_1_208' title='bbox 979 1028 1116 1064; x_wconf 86' lang='lat' dir='ltr'>thoracis</span> <span class='ocrx_word' id='word_1_209' title='bbox 1132 1029 1342 1077; x_wconf 79' lang='lat' dir='ltr'>capacitatem</span> <span class='ocrx_word' id='word_1_210' title='bbox 1364 1029 1472 1076; x_wconf 85' lang='lat' dir='ltr'>potius</span> <span class='ocrx_word' id='word_1_211' title='bbox 1494 1029 1662 1071; x_wconf 89' lang='lat' dir='ltr'>minuunt,</span> <span class='ocrx_word' id='word_1_212' title='bbox 1677 1026 1779 1075; x_wconf 70' lang='lat' dir='ltr'>quam</span> 
     </span>
     <span class='ocr_line' id='line_1_21' title="bbox 391 1088 540 1125; baseline 0 -13"><span class='ocrx_word' id='word_1_213' title='bbox 391 1088 540 1125; x_wconf 75' lang='lat' dir='ltr'>augeant.</span> 
     </span>
    </p>

    <p class='ocr_par' dir='ltr' id='par_1_4' title="bbox 386 1122 1787 1714">
     <span class='ocr_line' id='line_1_22' title="bbox 424 1122 1779 1176; baseline -0.001 -16"><span class='ocrx_word' id='word_1_214' title='bbox 424 1123 589 1174; x_wconf 84' lang='lat' dir='ltr'>roirca</span> <span class='ocrx_word' id='word_1_215' title='bbox 605 1124 738 1163; x_wconf 85' lang='lat' dir='ltr'>musculi</span> <span class='ocrx_word' id='word_1_216' title='bbox 753 1126 968 1162; x_wconf 80' lang='lat' dir='ltr'>intercostales</span> <span class='ocrx_word' id='word_1_217' title='bbox 991 1127 1056 1163; x_wconf 64' lang='lat' dir='ltr'>una</span> <span class='ocrx_word' id='word_1_218' title='bbox 1081 1139 1152 1162; x_wconf 88' lang='lat' dir='ltr'>cum</span> <span class='ocrx_word' id='word_1_219' title='bbox 1176 1127 1420 1176; x_wconf 86' lang='lat' dir='ltr'>diaphragmare</span> <span class='ocrx_word' id='word_1_220' title='bbox 1441 1123 1682 1175; x_wconf 85' lang='lat' dir='ltr'>inspirationem</span> <span class='ocrx_word' id='word_1_221' title='bbox 1707 1122 1779 1159; x_wconf 84' lang='lat' dir='ltr'>effi-</span> 
     </span>
     <span class='ocr_line' id='line_1_23' title="bbox 386 1173 1780 1221; baseline -0.002 -11"><span class='ocrx_word' id='word_1_222' title='bbox 386 1178 496 1219; x_wconf 73' lang='lat' dir='ltr'>ciunt,</span> <span class='ocrx_word' id='word_1_223' title='bbox 513 1173 565 1211; x_wconf 83' lang='lat' dir='ltr'>seu</span> <span class='ocrx_word' id='word_1_224' title='bbox 579 1176 683 1212; x_wconf 87' lang='lat' dir='ltr'>lenior</span> <span class='ocrx_word' id='word_1_225' title='bbox 693 1173 747 1219; x_wconf 83' lang='lat' dir='ltr'>fit,</span> <span class='ocrx_word' id='word_1_226' title='bbox 764 1174 815 1211; x_wconf 87' lang='lat' dir='ltr'>seu</span> <span class='ocrx_word' id='word_1_227' title='bbox 825 1177 1012 1213; x_wconf 81' lang='lat' dir='ltr'>vehemens.</span> <span class='ocrx_word' id='word_1_228' title='bbox 1029 1178 1216 1212; x_wconf 65' lang='lat' dir='ltr'>Contractis</span> <span class='ocrx_word' id='word_1_229' title='bbox 1227 1180 1313 1213; x_wconf 85' lang='lat' dir='ltr'>enim</span> <span class='ocrx_word' id='word_1_230' title='bbox 1323 1173 1470 1212; x_wconf 86' lang='lat' dir='ltr'>musculis</span> <span class='ocrx_word' id='word_1_231' title='bbox 1481 1203 1491 1218; x_wconf 92' lang='lat'>,</span> <span class='ocrx_word' id='word_1_232' title='bbox 1517 1175 1572 1221; x_wconf 89' lang='lat' dir='ltr'>qui</span> <span class='ocrx_word' id='word_1_233' title='bbox 1590 1173 1780 1208; x_wconf 56' lang='lat' dir='ltr'>intercostaa</span> 
     </span>
     <span class='ocr_line' id='line_1_24' title="bbox 386 1221 1780 1274; baseline -0.003 -14"><span class='ocrx_word' id='word_1_234' title='bbox 386 1224 434 1260; x_wconf 84' lang='lat' dir='ltr'>les</span> <span class='ocrx_word' id='word_1_235' title='bbox 445 1224 593 1259; x_wconf 84' lang='lat' dir='ltr'>dicuntur</span> <span class='ocrx_word' id='word_1_236' title='bbox 606 1253 615 1267; x_wconf 90' lang='lat'>,</span> <span class='ocrx_word' id='word_1_237' title='bbox 627 1230 662 1263; x_wconf 74' lang='grc' dir='ltr'>δε</span> <span class='ocrx_word' id='word_1_238' title='bbox 676 1224 819 1272; x_wconf 82' lang='lat' dir='ltr'>depresso</span> <span class='ocrx_word' id='word_1_239' title='bbox 832 1225 1076 1274; x_wconf 86' lang='lat' dir='ltr'>diaphragmate</span> <span class='ocrx_word' id='word_1_240' title='bbox 1094 1225 1234 1261; x_wconf 88' lang='lat' dir='ltr'>thoracis</span> <span class='ocrx_word' id='word_1_241' title='bbox 1254 1228 1378 1261; x_wconf 85' lang='lat' dir='ltr'>cavitas</span> <span class='ocrx_word' id='word_1_242' title='bbox 1389 1222 1571 1271; x_wconf 84' lang='lat' dir='ltr'>ampliatur.</span> <span class='ocrx_word' id='word_1_243' title='bbox 1584 1224 1672 1259; x_wconf 83' lang='lat' dir='ltr'>Nam</span> <span class='ocrx_word' id='word_1_244' title='bbox 1686 1221 1780 1257; x_wconf 80' lang='lat' dir='ltr'>costae</span> 
     </span>
     <span class='ocr_line' id='line_1_25' title="bbox 388 1269 1781 1321; baseline -0.004 -12"><span class='ocrx_word' id='word_1_245' title='bbox 388 1285 448 1309; x_wconf 87' lang='lat' dir='ltr'>ceu</span> <span class='ocrx_word' id='word_1_246' title='bbox 459 1272 578 1308; x_wconf 80' lang='lat' dir='ltr'>balistae</span> <span class='ocrx_word' id='word_1_247' title='bbox 590 1285 679 1308; x_wconf 87' lang='lat' dir='ltr'>arcus</span> <span class='ocrx_word' id='word_1_248' title='bbox 691 1285 806 1321; x_wconf 83' lang='lat' dir='ltr'>magna</span> <span class='ocrx_word' id='word_1_249' title='bbox 816 1275 850 1308; x_wconf 89' lang='lat' dir='ltr'>vi</span> <span class='ocrx_word' id='word_1_250' title='bbox 862 1272 1036 1310; x_wconf 60' lang='lat' dir='ltr'>fleetuntur</span> <span class='ocrx_word' id='word_1_251' title='bbox 1045 1279 1080 1311; x_wconf 69' lang='grc' dir='ltr'>ὃ(</span> <span class='ocrx_word' id='word_1_252' title='bbox 1089 1272 1236 1310; x_wconf 78' lang='lat' dir='ltr'>resiliunt.</span> <span class='ocrx_word' id='word_1_253' title='bbox 1251 1275 1442 1313; x_wconf 82' lang='lat' dir='ltr'>Posteriores</span> <span class='ocrx_word' id='word_1_254' title='bbox 1453 1283 1560 1307; x_wconf 86' lang='lat' dir='ltr'>earum</span> <span class='ocrx_word' id='word_1_255' title='bbox 1574 1272 1704 1307; x_wconf 89' lang='lat' dir='ltr'>termini</span> <span class='ocrx_word' id='word_1_256' title='bbox 1717 1269 1781 1319; x_wconf 86' lang='lat' dir='ltr'>spi-</span> 
     </span>
     <span class='ocr_line' id='line_1_26' title="bbox 389 1319 1780 1371; baseline -0.003 -13"><span class='ocrx_word' id='word_1_257' title='bbox 389 1335 438 1358; x_wconf 83' lang='lat' dir='ltr'>nae</span> <span class='ocrx_word' id='word_1_258' title='bbox 455 1321 611 1357; x_wconf 83' lang='lat' dir='ltr'>vertebris</span> <span class='ocrx_word' id='word_1_259' title='bbox 624 1323 857 1367; x_wconf 66' lang='lat' dir='ltr'>anneffimmr,</span> <span class='ocrx_word' id='word_1_260' title='bbox 875 1325 1052 1358; x_wconf 85' lang='lat' dir='ltr'>anteriores</span> <span class='ocrx_word' id='word_1_261' title='bbox 1061 1323 1171 1362; x_wconf 84' lang='lat' dir='ltr'>sterno</span> <span class='ocrx_word' id='word_1_262' title='bbox 1183 1349 1191 1362; x_wconf 87' lang='lat'>‚</span> <span class='ocrx_word' id='word_1_263' title='bbox 1211 1321 1264 1358; x_wconf 91' lang='lat' dir='ltr'>seu</span> <span class='ocrx_word' id='word_1_264' title='bbox 1277 1322 1334 1359; x_wconf 77' lang='lat' dir='ltr'>ossi</span> <span class='ocrx_word' id='word_1_265' title='bbox 1346 1323 1500 1371; x_wconf 66' lang='lat' dir='ltr'>pectoris,</span> <span class='ocrx_word' id='word_1_266' title='bbox 1515 1321 1603 1367; x_wconf 90' lang='lat' dir='ltr'>quod</span> <span class='ocrx_word' id='word_1_267' title='bbox 1618 1321 1719 1355; x_wconf 86' lang='lat' dir='ltr'>minus</span> <span class='ocrx_word' id='word_1_268' title='bbox 1733 1319 1780 1354; x_wconf 89' lang='lat' dir='ltr'>est</span> 
     </span>
     <span class='ocr_line' id='line_1_27' title="bbox 390 1367 1787 1419; baseline -0.003 -13"><span class='ocrx_word' id='word_1_269' title='bbox 390 1370 501 1406; x_wconf 86' lang='lat' dir='ltr'>stabile</span> <span class='ocrx_word' id='word_1_270' title='bbox 517 1372 620 1408; x_wconf 85' lang='lat' dir='ltr'>:unde</span> <span class='ocrx_word' id='word_1_271' title='bbox 631 1373 698 1406; x_wconf 86' lang='lat' dir='ltr'>vim</span> <span class='ocrx_word' id='word_1_272' title='bbox 712 1369 834 1408; x_wconf 86' lang='lat' dir='ltr'>habent</span> <span class='ocrx_word' id='word_1_273' title='bbox 847 1383 936 1407; x_wconf 83' lang='lat' dir='ltr'>arcus</span> <span class='ocrx_word' id='word_1_274' title='bbox 947 1377 979 1409; x_wconf 91' lang='lat'><strong>&amp;</strong></span> <span class='ocrx_word' id='word_1_275' title='bbox 997 1370 1094 1410; x_wconf 90' lang='lat' dir='ltr'>usum.</span> <span class='ocrx_word' id='word_1_276' title='bbox 1113 1373 1216 1419; x_wconf 71' lang='lat' dir='ltr'>HuJus</span> <span class='ocrx_word' id='word_1_277' title='bbox 1235 1371 1301 1406; x_wconf 90' lang='lat' dir='ltr'>duo</span> <span class='ocrx_word' id='word_1_278' title='bbox 1318 1371 1417 1406; x_wconf 85' lang='lat' dir='ltr'>latera</span> <span class='ocrx_word' id='word_1_279' title='bbox 1440 1369 1589 1405; x_wconf 84' lang='lat' dir='ltr'>nonnihil</span> <span class='ocrx_word' id='word_1_280' title='bbox 1605 1367 1787 1403; x_wconf 75' lang='lat' dir='ltr'>dilatantur</span> 
     </span>
     <span class='ocr_line' id='line_1_28' title="bbox 391 1416 1782 1468; baseline -0.004 -12"><span class='ocrx_word' id='word_1_281' title='bbox 391 1422 425 1456; x_wconf 85' lang='lat' dir='ltr'>vi</span> <span class='ocrx_word' id='word_1_282' title='bbox 447 1419 657 1456; x_wconf 85' lang='lat' dir='ltr'>musculorum</span> <span class='ocrx_word' id='word_1_283' title='bbox 673 1421 944 1464; x_wconf 85' lang='lat' dir='ltr'>intercostalium‚</span> <span class='ocrx_word' id='word_1_284' title='bbox 963 1429 1103 1468; x_wconf 81' lang='lat' dir='ltr'>quorum</span> <span class='ocrx_word' id='word_1_285' title='bbox 1119 1418 1210 1455; x_wconf 76' lang='lat' dir='ltr'>fibrae</span> <span class='ocrx_word' id='word_1_286' title='bbox 1222 1420 1383 1456; x_wconf 81' lang='lat' dir='ltr'>decuffatae</span> <span class='ocrx_word' id='word_1_287' title='bbox 1396 1448 1406 1462; x_wconf 93' lang='lat'>,</span> <span class='ocrx_word' id='word_1_288' title='bbox 1422 1424 1456 1456; x_wconf 92' lang='lat'>&amp;</span> <span class='ocrx_word' id='word_1_289' title='bbox 1474 1417 1530 1453; x_wconf 86' lang='lat' dir='ltr'>sibi</span> <span class='ocrx_word' id='word_1_290' title='bbox 1548 1416 1727 1466; x_wconf 84' lang='lat' dir='ltr'>parallelae,</span> <span class='ocrx_word' id='word_1_291' title='bbox 1745 1418 1782 1452; x_wconf 88' lang='lat' dir='ltr'>in</span> 
     </span>
     <span class='ocr_line' id='line_1_29' title="bbox 394 1465 1782 1518; baseline -0.004 -14"><span class='ocrx_word' id='word_1_292' title='bbox 394 1480 500 1504; x_wconf 87' lang='lat' dir='ltr'>totam</span> <span class='ocrx_word' id='word_1_293' title='bbox 513 1468 661 1518; x_wconf 58' lang='lat' dir='ltr'>cujusque</span> <span class='ocrx_word' id='word_1_294' title='bbox 673 1467 800 1504; x_wconf 89' lang='lat' dir='ltr'>musculi</span> <span class='ocrx_word' id='word_1_295' title='bbox 812 1469 1050 1518; x_wconf 80' lang='lat' dir='ltr'>longitudinem</span> <span class='ocrx_word' id='word_1_296' title='bbox 1069 1468 1136 1517; x_wconf 87' lang='lat' dir='ltr'>spar</span> <span class='ocrx_word' id='word_1_297' title='bbox 1161 1481 1255 1504; x_wconf 87' lang='lat' dir='ltr'>untur</span> <span class='ocrx_word' id='word_1_298' title='bbox 1273 1483 1282 1505; x_wconf 90' lang='lat'>:</span> <span class='ocrx_word' id='word_1_299' title='bbox 1308 1480 1407 1517; x_wconf 87' lang='lat' dir='ltr'>atque</span> <span class='ocrx_word' id='word_1_300' title='bbox 1419 1480 1460 1502; x_wconf 93' lang='lat' dir='ltr'>eo</span> <span class='ocrx_word' id='word_1_301' title='bbox 1474 1467 1542 1501; x_wconf 88' lang='lat' dir='ltr'>fere</span> <span class='ocrx_word' id='word_1_302' title='bbox 1556 1466 1656 1501; x_wconf 90' lang='lat' dir='ltr'>modo</span> <span class='ocrx_word' id='word_1_303' title='bbox 1664 1465 1782 1508; x_wconf 87' lang='lat' dir='ltr'>costas,</span> 
     </span>
     <span class='ocr_line' id='line_1_30' title="bbox 391 1482 1783 1566; baseline -0.004 -13"><span class='ocrx_word' id='word_1_304' title='bbox 391 1517 512 1564; x_wconf 86' lang='lat' dir='ltr'>quibus</span> <span class='ocrx_word' id='word_1_305' title='bbox 528 1517 705 1554; x_wconf 84' lang='lat' dir='ltr'>inseruntur</span> <span class='ocrx_word' id='word_1_306' title='bbox 716 1547 725 1560; x_wconf 92' lang='lat'>,</span> <span class='ocrx_word' id='word_1_307' title='bbox 746 1517 902 1553; x_wconf 87' lang='lat' dir='ltr'>attollunt</span> <span class='ocrx_word' id='word_1_308' title='bbox 912 1546 922 1560; x_wconf 92' lang='lat'>,</span> <span class='ocrx_word' id='word_1_309' title='bbox 941 1531 1008 1566; x_wconf 88' lang='lat' dir='ltr'>quo</span> <span class='ocrx_word' id='word_1_310' title='bbox 1024 1482 1173 1552; x_wconf 47' lang='lat' dir='ltr'>funicuffis</span> <span class='ocrx_word' id='word_1_311' title='bbox 1188 1518 1227 1552; x_wconf 86' lang='lat' dir='ltr'>ad</span> <span class='ocrx_word' id='word_1_312' title='bbox 1236 1529 1342 1566; x_wconf 85' lang='lat' dir='ltr'>partes</span> <span class='ocrx_word' id='word_1_313' title='bbox 1352 1516 1511 1565; x_wconf 78' lang='lat' dir='ltr'>oppositas</span> <span class='ocrx_word' id='word_1_314' title='bbox 1522 1514 1688 1550; x_wconf 79' lang='lat' dir='ltr'>decussatis</span> <span class='ocrx_word' id='word_1_315' title='bbox 1699 1527 1783 1562; x_wconf 40' lang='lat' dir='ltr'>pona</span> 
     </span>
     <span class='ocr_line' id='line_1_31' title="bbox 392 1562 1783 1616; baseline -0.003 -14"><span class='ocrx_word' id='word_1_316' title='bbox 392 1567 452 1602; x_wconf 85' lang='lat' dir='ltr'>dus</span> <span class='ocrx_word' id='word_1_317' title='bbox 464 1566 637 1615; x_wconf 87' lang='lat' dir='ltr'>appensum</span> <span class='ocrx_word' id='word_1_318' title='bbox 645 1565 805 1601; x_wconf 84' lang='lat' dir='ltr'>attollitur</span> <span class='ocrx_word' id='word_1_319' title='bbox 815 1567 853 1601; x_wconf 89' lang='lat' dir='ltr'>ad</span> <span class='ocrx_word' id='word_1_320' title='bbox 866 1566 1140 1616; x_wconf 84' lang='lat' dir='ltr'>perpendiculum.</span> <span class='ocrx_word' id='word_1_321' title='bbox 1153 1568 1241 1601; x_wconf 81' lang='lat' dir='ltr'>Hinc</span> <span class='ocrx_word' id='word_1_322' title='bbox 1255 1595 1265 1610; x_wconf 93' lang='lat'>‚</span> <span class='ocrx_word' id='word_1_323' title='bbox 1280 1578 1316 1601; x_wconf 88' lang='lat' dir='ltr'>ut</span> <span class='ocrx_word' id='word_1_324' title='bbox 1329 1565 1478 1601; x_wconf 84' lang='lat' dir='ltr'>observat</span> <span class='ocrx_word' id='word_1_325' title='bbox 1489 1563 1629 1607; x_wconf 81' lang='lat' dir='ltr'>Borellus</span> <span class='ocrx_word' id='word_1_326' title='bbox 1640 1591 1650 1607; x_wconf 92' lang='lat'>,</span> <span class='ocrx_word' id='word_1_327' title='bbox 1662 1562 1698 1599; x_wconf 87' lang='lat' dir='ltr'>fit</span> <span class='ocrx_word' id='word_1_328' title='bbox 1711 1562 1783 1598; x_wconf 86' lang='lat' dir='ltr'>tho-</span> 
     </span>
     <span class='ocr_line' id='line_1_32' title="bbox 396 1612 1781 1665; baseline -0.003 -16"><span class='ocrx_word' id='word_1_329' title='bbox 396 1618 475 1652; x_wconf 82' lang='lat' dir='ltr'>racis</span> <span class='ocrx_word' id='word_1_330' title='bbox 492 1616 589 1664; x_wconf 82' lang='lat' dir='ltr'>figura</span> <span class='ocrx_word' id='word_1_331' title='bbox 599 1614 706 1651; x_wconf 84' lang='lat' dir='ltr'>similis</span> <span class='ocrx_word' id='word_1_332' title='bbox 718 1629 784 1650; x_wconf 94' lang='lat' dir='ltr'>ovo</span> <span class='ocrx_word' id='word_1_333' title='bbox 796 1614 926 1651; x_wconf 67' lang='lat' dir='ltr'>dilseeto</span> <span class='ocrx_word' id='word_1_334' title='bbox 938 1645 948 1660; x_wconf 90' lang='lat'>,</span> <span class='ocrx_word' id='word_1_335' title='bbox 961 1619 1047 1665; x_wconf 76' lang='lat' dir='ltr'>cnjus</span> <span class='ocrx_word' id='word_1_336' title='bbox 1059 1627 1172 1650; x_wconf 84' lang='lat' dir='ltr'>vertex</span> <span class='ocrx_word' id='word_1_337' title='bbox 1184 1615 1228 1650; x_wconf 88' lang='lat' dir='ltr'>est</span> <span class='ocrx_word' id='word_1_338' title='bbox 1243 1618 1274 1650; x_wconf 91' lang='lat' dir='ltr'>in</span> <span class='ocrx_word' id='word_1_339' title='bbox 1282 1614 1409 1664; x_wconf 81' lang='lat' dir='ltr'>jugulo,</span> <span class='ocrx_word' id='word_1_340' title='bbox 1422 1612 1501 1649; x_wconf 82' lang='lat' dir='ltr'>bafis</span> <span class='ocrx_word' id='word_1_341' title='bbox 1513 1613 1559 1649; x_wconf 87' lang='lat' dir='ltr'>est</span> <span class='ocrx_word' id='word_1_342' title='bbox 1568 1612 1702 1662; x_wconf 83' lang='lat' dir='ltr'>planum</span> <span class='ocrx_word' id='word_1_343' title='bbox 1710 1612 1781 1646; x_wconf 84' lang='lat' dir='ltr'>dia-</span> 
     </span>
     <span class='ocr_line' id='line_1_33' title="bbox 395 1664 1412 1714; baseline 0.002 -16"><span class='ocrx_word' id='word_1_344' title='bbox 395 1664 594 1714; x_wconf 82' lang='lat' dir='ltr'>phragmatis</span> <span class='ocrx_word' id='word_1_345' title='bbox 605 1693 615 1709; x_wconf 90' lang='lat'>,</span> <span class='ocrx_word' id='word_1_346' title='bbox 631 1664 720 1712; x_wconf 89' lang='lat' dir='ltr'>quod</span> <span class='ocrx_word' id='word_1_347' title='bbox 734 1664 911 1713; x_wconf 79' lang='lat' dir='ltr'>depressum</span> <span class='ocrx_word' id='word_1_348' title='bbox 925 1677 1021 1714; x_wconf 85' lang='lat' dir='ltr'>auget</span> <span class='ocrx_word' id='word_1_349' title='bbox 1037 1665 1174 1700; x_wconf 86' lang='lat' dir='ltr'>thoracis</span> <span class='ocrx_word' id='word_1_350' title='bbox 1189 1667 1412 1712; x_wconf 84' lang='lat' dir='ltr'>capacitatem.</span> 
     </span>
    </p>

    <p class='ocr_par' dir='ltr' id='par_1_5' title="bbox 395 1709 1786 2004">
     <span class='ocr_line' id='line_1_34' title="bbox 432 1709 1783 1762; baseline -0.001 -16"><span class='ocrx_word' id='word_1_351' title='bbox 432 1713 596 1748; x_wconf 82' lang='lat' dir='ltr'>Probatur</span> <span class='ocrx_word' id='word_1_352' title='bbox 603 1724 679 1762; x_wconf 77' lang='lat' dir='ltr'>pars</span> <span class='ocrx_word' id='word_1_353' title='bbox 691 1714 796 1747; x_wconf 83' lang='lat' dir='ltr'>altera</span> <span class='ocrx_word' id='word_1_354' title='bbox 810 1714 1019 1759; x_wconf 77' lang='lat' dir='ltr'>conclufiom&#39;s.</span> <span class='ocrx_word' id='word_1_355' title='bbox 1035 1716 1160 1750; x_wconf 85' lang='lat' dir='ltr'>Lenem</span> <span class='ocrx_word' id='word_1_356' title='bbox 1173 1713 1307 1760; x_wconf 89' lang='lat' dir='ltr'>quidem</span> <span class='ocrx_word' id='word_1_357' title='bbox 1322 1718 1357 1751; x_wconf 75' lang='grc' dir='ltr'>δε</span> <span class='ocrx_word' id='word_1_358' title='bbox 1373 1711 1519 1748; x_wconf 75' lang='lat' dir='ltr'>usitatam</span> <span class='ocrx_word' id='word_1_359' title='bbox 1543 1709 1783 1760; x_wconf 84' lang='lat' dir='ltr'>respirationem</span> 
     </span>
     <span class='ocr_line' id='line_1_35' title="bbox 397 1756 1783 1810; baseline -0.003 -14"><span class='ocrx_word' id='word_1_360' title='bbox 397 1774 483 1810; x_wconf 80' lang='lat' dir='ltr'>pene</span> <span class='ocrx_word' id='word_1_361' title='bbox 499 1775 597 1797; x_wconf 88' lang='lat' dir='ltr'>unum</span> <span class='ocrx_word' id='word_1_362' title='bbox 608 1761 814 1810; x_wconf 66' lang='lat' dir='ltr'>diaphragma</span> <span class='ocrx_word' id='word_1_363' title='bbox 827 1763 1008 1798; x_wconf 88' lang='lat' dir='ltr'>moderatur</span> <span class='ocrx_word' id='word_1_364' title='bbox 1021 1776 1029 1799; x_wconf 74' lang='grc' dir='ltr'><strong>ε</strong></span> <span class='ocrx_word' id='word_1_365' title='bbox 1041 1776 1112 1797; x_wconf 89' lang='lat' dir='ltr'>cum</span> <span class='ocrx_word' id='word_1_366' title='bbox 1122 1763 1219 1810; x_wconf 85' lang='lat' dir='ltr'>paulo</span> <span class='ocrx_word' id='word_1_367' title='bbox 1228 1761 1377 1797; x_wconf 75' lang='lat' dir='ltr'>intensior</span> <span class='ocrx_word' id='word_1_368' title='bbox 1386 1762 1431 1796; x_wconf 85' lang='lat' dir='ltr'>est</span> <span class='ocrx_word' id='word_1_369' title='bbox 1444 1790 1454 1804; x_wconf 90' lang='lat'>,</span> <span class='ocrx_word' id='word_1_370' title='bbox 1465 1773 1532 1797; x_wconf 89' lang='lat' dir='ltr'>non</span> <span class='ocrx_word' id='word_1_371' title='bbox 1543 1759 1672 1795; x_wconf 88' lang='lat' dir='ltr'>musculi</span> <span class='ocrx_word' id='word_1_372' title='bbox 1682 1756 1783 1794; x_wconf 67' lang='lat' dir='ltr'>modo</span> 
     </span>
     <span class='ocr_line' id='line_1_36' title="bbox 395 1807 1783 1858; baseline -0.002 -14"><span class='ocrx_word' id='word_1_373' title='bbox 395 1811 616 1845; x_wconf 79' lang='lat' dir='ltr'>intercostales</span> <span class='ocrx_word' id='word_1_374' title='bbox 630 1839 639 1854; x_wconf 90' lang='lat'>‚</span> <span class='ocrx_word' id='word_1_375' title='bbox 655 1813 711 1857; x_wconf 86' lang='lat' dir='ltr'>qui</span> <span class='ocrx_word' id='word_1_376' title='bbox 726 1810 794 1845; x_wconf 88' lang='lat' dir='ltr'>fere</span> <span class='ocrx_word' id='word_1_377' title='bbox 807 1824 872 1846; x_wconf 87' lang='lat' dir='ltr'>non</span> <span class='ocrx_word' id='word_1_378' title='bbox 884 1809 999 1846; x_wconf 72' lang='lat' dir='ltr'>cessant</span> <span class='ocrx_word' id='word_1_379' title='bbox 1013 1840 1022 1855; x_wconf 90' lang='lat'>,</span> <span class='ocrx_word' id='word_1_380' title='bbox 1039 1811 1091 1846; x_wconf 89' lang='lat' dir='ltr'>sed</span> <span class='ocrx_word' id='word_1_381' title='bbox 1109 1813 1209 1846; x_wconf 84' lang='lat' dir='ltr'>etiam</span> <span class='ocrx_word' id='word_1_382' title='bbox 1223 1812 1278 1856; x_wconf 89' lang='lat' dir='ltr'>qui</span> <span class='ocrx_word' id='word_1_383' title='bbox 1294 1811 1311 1846; x_wconf 82' lang='grc' dir='ltr'>ὲ</span> <span class='ocrx_word' id='word_1_384' title='bbox 1322 1809 1452 1858; x_wconf 85' lang='lat' dir='ltr'>scapulis</span> <span class='ocrx_word' id='word_1_385' title='bbox 1474 1814 1508 1845; x_wconf 65' lang='grc' dir='ltr'>ὃ(</span> <span class='ocrx_word' id='word_1_386' title='bbox 1523 1807 1680 1842; x_wconf 87' lang='lat' dir='ltr'>vertebris</span> <span class='ocrx_word' id='word_1_387' title='bbox 1698 1807 1783 1841; x_wconf 88' lang='lat' dir='ltr'>lum-</span> 
     </span>
     <span class='ocr_line' id='line_1_37' title="bbox 397 1855 1785 1905; baseline -0.002 -13"><span class='ocrx_word' id='word_1_388' title='bbox 397 1857 514 1893; x_wconf 88' lang='lat' dir='ltr'>borum</span> <span class='ocrx_word' id='word_1_389' title='bbox 528 1861 674 1892; x_wconf 89' lang='lat' dir='ltr'>oriuntur</span> <span class='ocrx_word' id='word_1_390' title='bbox 686 1887 696 1901; x_wconf 92' lang='lat'>,</span> <span class='ocrx_word' id='word_1_391' title='bbox 709 1871 844 1905; x_wconf 85' lang='lat' dir='ltr'>operam</span> <span class='ocrx_word' id='word_1_392' title='bbox 856 1858 941 1893; x_wconf 87' lang='lat' dir='ltr'>suam</span> <span class='ocrx_word' id='word_1_393' title='bbox 954 1859 994 1893; x_wconf 80' lang='lat' dir='ltr'>eo</span> <span class='ocrx_word' id='word_1_394' title='bbox 1004 1859 1183 1894; x_wconf 87' lang='lat' dir='ltr'>conferunt-</span> <span class='ocrx_word' id='word_1_395' title='bbox 1194 1859 1294 1894; x_wconf 89' lang='lat' dir='ltr'>Unde</span> <span class='ocrx_word' id='word_1_396' title='bbox 1306 1860 1338 1893; x_wconf 88' lang='lat' dir='ltr'>in</span> <span class='ocrx_word' id='word_1_397' title='bbox 1347 1860 1416 1893; x_wconf 85' lang='lat' dir='ltr'>vivi</span> <span class='ocrx_word' id='word_1_398' title='bbox 1431 1856 1576 1892; x_wconf 88' lang='lat' dir='ltr'>animalis</span> <span class='ocrx_word' id='word_1_399' title='bbox 1586 1855 1785 1899; x_wconf 70' lang='lat' dir='ltr'>dissectione,</span> 
     </span>
     <span class='ocr_line' id='line_1_38' title="bbox 398 1904 1786 1957; baseline -0.003 -17"><span class='ocrx_word' id='word_1_400' title='bbox 398 1919 512 1954; x_wconf 79' lang='lat' dir='ltr'>aperto</span> <span class='ocrx_word' id='word_1_401' title='bbox 524 1906 700 1941; x_wconf 76' lang='lat' dir='ltr'>abdomine</span> <span class='ocrx_word' id='word_1_402' title='bbox 711 1907 893 1954; x_wconf 78' lang='lat' dir='ltr'>perseverat</span> <span class='ocrx_word' id='word_1_403' title='bbox 908 1905 1073 1957; x_wconf 85' lang='lat' dir='ltr'>respiratio</span> <span class='ocrx_word' id='word_1_404' title='bbox 1088 1919 1096 1940; x_wconf 76' lang='lat' dir='ltr'><strong><em>z</em></strong></span> <span class='ocrx_word' id='word_1_405' title='bbox 1111 1905 1165 1941; x_wconf 88' lang='lat' dir='ltr'>sed</span> <span class='ocrx_word' id='word_1_406' title='bbox 1182 1904 1276 1942; x_wconf 78' lang='lat' dir='ltr'>ceffat</span> <span class='ocrx_word' id='word_1_407' title='bbox 1286 1908 1422 1942; x_wconf 89' lang='lat' dir='ltr'>omnino</span> <span class='ocrx_word' id='word_1_408' title='bbox 1431 1934 1441 1951; x_wconf 91' lang='lat'>,</span> <span class='ocrx_word' id='word_1_409' title='bbox 1456 1917 1510 1940; x_wconf 84' lang='lat' dir='ltr'>aut</span> <span class='ocrx_word' id='word_1_410' title='bbox 1520 1917 1604 1954; x_wconf 83' lang='lat' dir='ltr'>aegre</span> <span class='ocrx_word' id='word_1_411' title='bbox 1618 1905 1786 1940; x_wconf 81' lang='lat' dir='ltr'>continua.</span> 
     </span>
     <span class='ocr_line' id='line_1_39' title="bbox 399 1954 819 2004; baseline 0.01 -16"><span class='ocrx_word' id='word_1_412' title='bbox 399 1965 448 1989; x_wconf 86' lang='lat' dir='ltr'>tur</span> <span class='ocrx_word' id='word_1_413' title='bbox 465 1954 551 1990; x_wconf 65' lang='lat' dir='ltr'>secto</span> <span class='ocrx_word' id='word_1_414' title='bbox 568 1955 819 2004; x_wconf 80' lang='lat' dir='ltr'>diaphragmate.</span> 
     </span>
    </p>

    <p class='ocr_par' dir='ltr' id='par_1_6' title="bbox 398 2002 1787 2343">
     <span class='ocr_line' id='line_1_40' title="bbox 433 2002 1786 2053; baseline 0 -15"><span class='ocrx_word' id='word_1_415' title='bbox 433 2003 634 2039; x_wconf 76' lang='lat' dir='ltr'>Cessantibus</span> <span class='ocrx_word' id='word_1_416' title='bbox 652 2003 699 2038; x_wconf 91' lang='lat' dir='ltr'>his</span> <span class='ocrx_word' id='word_1_417' title='bbox 715 2002 860 2039; x_wconf 86' lang='lat' dir='ltr'>musculis</span> <span class='ocrx_word' id='word_1_418' title='bbox 874 2004 1083 2053; x_wconf 79' lang='lat' dir='ltr'>diaphragma</span> <span class='ocrx_word' id='word_1_419' title='bbox 1107 2004 1219 2041; x_wconf 83' lang='lat' dir='ltr'>sursum</span> <span class='ocrx_word' id='word_1_420' title='bbox 1233 2004 1412 2048; x_wconf 79' lang='lat' dir='ltr'>attollitur,</span> <span class='ocrx_word' id='word_1_421' title='bbox 1431 2003 1494 2039; x_wconf 79' lang='lat' dir='ltr'>sive</span> <span class='ocrx_word' id='word_1_422' title='bbox 1505 2003 1683 2039; x_wconf 86' lang='lat' dir='ltr'>mediastini</span> <span class='ocrx_word' id='word_1_423' title='bbox 1702 2015 1786 2052; x_wconf 88' lang='lat' dir='ltr'>ope,</span> 
     </span>
     <span class='ocr_line' id='line_1_41' title="bbox 398 2051 1785 2101; baseline 0 -15"><span class='ocrx_word' id='word_1_424' title='bbox 398 2063 433 2086; x_wconf 87' lang='lat' dir='ltr'>ut</span> <span class='ocrx_word' id='word_1_425' title='bbox 443 2052 594 2096; x_wconf 82' lang='lat' dir='ltr'>diximus,</span> <span class='ocrx_word' id='word_1_426' title='bbox 608 2051 786 2087; x_wconf 81' lang='lat' dir='ltr'>retrahatur</span> <span class='ocrx_word' id='word_1_427' title='bbox 800 2071 808 2097; x_wconf 80' lang='lat'>3</span> <span class='ocrx_word' id='word_1_428' title='bbox 823 2051 885 2088; x_wconf 80' lang='lat' dir='ltr'>five</span> <span class='ocrx_word' id='word_1_429' title='bbox 897 2052 918 2089; x_wconf 74' lang='grc' dir='ltr'>ὲ</span> <span class='ocrx_word' id='word_1_430' title='bbox 928 2051 1097 2089; x_wconf 78' lang='lat' dir='ltr'>visceribus</span> <span class='ocrx_word' id='word_1_431' title='bbox 1114 2055 1170 2095; x_wconf 88' lang='lat' dir='ltr'>imi</span> <span class='ocrx_word' id='word_1_432' title='bbox 1181 2056 1300 2089; x_wconf 84' lang='lat' dir='ltr'>ventris</span> <span class='ocrx_word' id='word_1_433' title='bbox 1314 2053 1503 2101; x_wconf 79' lang='lat' dir='ltr'>repellatur,</span> <span class='ocrx_word' id='word_1_434' title='bbox 1523 2064 1667 2099; x_wconf 79' lang='lat' dir='ltr'>tumque</span> <span class='ocrx_word' id='word_1_435' title='bbox 1695 2053 1785 2087; x_wconf 78' lang='lat' dir='ltr'>costae</span> 
     </span>
     <span class='ocr_line' id='line_1_42' title="bbox 400 2100 1787 2149; baseline 0 -15"><span class='ocrx_word' id='word_1_436' title='bbox 400 2101 623 2149; x_wconf 86' lang='lat' dir='ltr'>deprimuntur</span> <span class='ocrx_word' id='word_1_437' title='bbox 635 2129 645 2142; x_wconf 86' lang='lat'>,</span> <span class='ocrx_word' id='word_1_438' title='bbox 664 2106 696 2137; x_wconf 60' lang='grc' dir='ltr'>δέ</span> <span class='ocrx_word' id='word_1_439' title='bbox 714 2102 850 2136; x_wconf 75' lang='lat' dir='ltr'>thoracis</span> <span class='ocrx_word' id='word_1_440' title='bbox 864 2104 1019 2149; x_wconf 79' lang='lat' dir='ltr'>capacitas</span> <span class='ocrx_word' id='word_1_441' title='bbox 1034 2103 1236 2138; x_wconf 84' lang='lat' dir='ltr'>imminuitur</span> <span class='ocrx_word' id='word_1_442' title='bbox 1252 2118 1260 2139; x_wconf 88' lang='lat'>:</span> <span class='ocrx_word' id='word_1_443' title='bbox 1274 2104 1356 2137; x_wconf 80' lang='lat' dir='ltr'>adeo</span> <span class='ocrx_word' id='word_1_444' title='bbox 1371 2114 1407 2137; x_wconf 87' lang='lat' dir='ltr'>ut</span> <span class='ocrx_word' id='word_1_445' title='bbox 1423 2103 1584 2149; x_wconf 85' lang='lat' dir='ltr'>expiratio</span> <span class='ocrx_word' id='word_1_446' title='bbox 1604 2100 1712 2136; x_wconf 86' lang='lat' dir='ltr'>multis</span> <span class='ocrx_word' id='word_1_447' title='bbox 1731 2102 1787 2136; x_wconf 90' lang='lat' dir='ltr'>vi-</span> 
     </span>
     <span class='ocr_line' id='line_1_43' title="bbox 399 2148 1787 2198; baseline 0 -15"><span class='ocrx_word' id='word_1_448' title='bbox 399 2150 511 2184; x_wconf 80' lang='lat' dir='ltr'>deatur</span> <span class='ocrx_word' id='word_1_449' title='bbox 530 2163 596 2185; x_wconf 89' lang='lat' dir='ltr'>non</span> <span class='ocrx_word' id='word_1_450' title='bbox 610 2148 695 2183; x_wconf 85' lang='lat' dir='ltr'>aliud</span> <span class='ocrx_word' id='word_1_451' title='bbox 707 2149 767 2184; x_wconf 81' lang='lat' dir='ltr'>esse</span> <span class='ocrx_word' id='word_1_452' title='bbox 777 2163 889 2198; x_wconf 75' lang='lat' dir='ltr'>praetcr</span> <span class='ocrx_word' id='word_1_453' title='bbox 903 2150 1114 2198; x_wconf 65' lang='lat' dir='ltr'>inspirationis</span> <span class='ocrx_word' id='word_1_454' title='bbox 1124 2151 1397 2187; x_wconf 72' lang='lat' dir='ltr'>intermissionem.</span> <span class='ocrx_word' id='word_1_455' title='bbox 1409 2152 1468 2185; x_wconf 76' lang='lat' dir='ltr'>Sed</span> <span class='ocrx_word' id='word_1_456' title='bbox 1482 2162 1590 2184; x_wconf 83' lang='lat' dir='ltr'>tamen</span> <span class='ocrx_word' id='word_1_457' title='bbox 1600 2162 1673 2185; x_wconf 87' lang='lat' dir='ltr'>cum</span> <span class='ocrx_word' id='word_1_458' title='bbox 1684 2148 1787 2197; x_wconf 81' lang='lat' dir='ltr'>exspi-</span> 
     </span>
     <span class='ocr_line' id='line_1_44' title="bbox 399 2194 1784 2248; baseline 0.001 -17"><span class='ocrx_word' id='word_1_459' title='bbox 399 2200 533 2233; x_wconf 83' lang='lat' dir='ltr'>rationis</span> <span class='ocrx_word' id='word_1_460' title='bbox 547 2210 658 2234; x_wconf 86' lang='lat' dir='ltr'>munus</span> <span class='ocrx_word' id='word_1_461' title='bbox 674 2194 754 2245; x_wconf 79' lang='lat' dir='ltr'>saepe</span> <span class='ocrx_word' id='word_1_462' title='bbox 769 2204 889 2246; x_wconf 73' lang='lat' dir='ltr'>majore</span> <span class='ocrx_word' id='word_1_463' title='bbox 900 2198 954 2233; x_wconf 84' lang='lat' dir='ltr'>fiat</span> <span class='ocrx_word' id='word_1_464' title='bbox 965 2201 1040 2234; x_wconf 77' lang='lat' dir='ltr'>nixu</span> <span class='ocrx_word' id='word_1_465' title='bbox 1054 2201 1151 2245; x_wconf 73' lang='lat' dir='ltr'>quam</span> <span class='ocrx_word' id='word_1_466' title='bbox 1163 2200 1322 2248; x_wconf 76' lang='lat' dir='ltr'>inspiratio</span> <span class='ocrx_word' id='word_1_467' title='bbox 1333 2231 1341 2242; x_wconf 88' lang='lat'>‚</span> <span class='ocrx_word' id='word_1_468' title='bbox 1355 2213 1390 2235; x_wconf 87' lang='lat' dir='ltr'>ut</span> <span class='ocrx_word' id='word_1_469' title='bbox 1407 2203 1440 2235; x_wconf 87' lang='lat' dir='ltr'>in</span> <span class='ocrx_word' id='word_1_470' title='bbox 1458 2198 1528 2234; x_wconf 84' lang='lat' dir='ltr'>tusli</span> <span class='ocrx_word' id='word_1_471' title='bbox 1542 2228 1551 2241; x_wconf 94' lang='lat'>,</span> <span class='ocrx_word' id='word_1_472' title='bbox 1568 2198 1626 2233; x_wconf 85' lang='lat' dir='ltr'>risu</span> <span class='ocrx_word' id='word_1_473' title='bbox 1642 2228 1650 2240; x_wconf 86' lang='lat'>,</span> <span class='ocrx_word' id='word_1_474' title='bbox 1667 2209 1784 2241; x_wconf 82' lang='lat' dir='ltr'>cantu,</span> 
     </span>
     <span class='ocr_line' id='line_1_45' title="bbox 399 2246 1785 2297; baseline 0 -15"><span class='ocrx_word' id='word_1_475' title='bbox 399 2249 477 2282; x_wconf 84' lang='lat' dir='ltr'>&amp;in</span> <span class='ocrx_word' id='word_1_476' title='bbox 489 2250 583 2281; x_wconf 78' lang='lat' dir='ltr'>variis</span> <span class='ocrx_word' id='word_1_477' title='bbox 595 2246 766 2282; x_wconf 54' lang='lat' dir='ltr'>affectibus</span> <span class='ocrx_word' id='word_1_478' title='bbox 777 2249 1035 2295; x_wconf 76' lang='lat' dir='ltr'>expeiinmr,haec</span> <span class='ocrx_word' id='word_1_479' title='bbox 1050 2250 1183 2285; x_wconf 82' lang='lat' dir='ltr'>videtur</span> <span class='ocrx_word' id='word_1_480' title='bbox 1202 2251 1353 2297; x_wconf 74' lang='lat' dir='ltr'>quiddam</span> <span class='ocrx_word' id='word_1_481' title='bbox 1371 2247 1431 2284; x_wconf 75' lang='lat' dir='ltr'>(isc</span> <span class='ocrx_word' id='word_1_482' title='bbox 1446 2260 1560 2296; x_wconf 80' lang='lat' dir='ltr'>praeter</span> <span class='ocrx_word' id='word_1_483' title='bbox 1575 2246 1785 2282; x_wconf 83' lang='lat' dir='ltr'>musculorum</span> 
     </span>
     <span class='ocr_line' id='line_1_46' title="bbox 399 2295 1337 2343; baseline 0.003 -14"><span class='ocrx_word' id='word_1_484' title='bbox 399 2300 433 2331; x_wconf 71' lang='grc' dir='ltr'>ὅ(</span> <span class='ocrx_word' id='word_1_485' title='bbox 451 2296 701 2343; x_wconf 72' lang='lat' dir='ltr'>diaphragmatis</span> <span class='ocrx_word' id='word_1_486' title='bbox 727 2295 940 2333; x_wconf 68' lang='lat' dir='ltr'>cellationem.</span> <span class='ocrx_word' id='word_1_487' title='bbox 1334 2333 1337 2336; x_wconf 68' lang='grc'>,</span> 
     </span>
    </p>

    <p class='ocr_par' dir='ltr' id='par_1_7' title="bbox 431 2342 1789 2397">
     <span class='ocr_line' id='line_1_47' title="bbox 431 2342 1789 2397; baseline 0.002 -18"><span class='ocrx_word' id='word_1_488' title='bbox 431 2345 476 2380; x_wconf 83' lang='lat' dir='ltr'>Ex</span> <span class='ocrx_word' id='word_1_489' title='bbox 487 2344 604 2393; x_wconf 84' lang='lat' dir='ltr'>quibus</span> <span class='ocrx_word' id='word_1_490' title='bbox 616 2342 750 2384; x_wconf 85' lang='lat' dir='ltr'>efficitur</span> <span class='ocrx_word' id='word_1_491' title='bbox 761 2359 830 2383; x_wconf 87' lang='lat' dir='ltr'>non</span> <span class='ocrx_word' id='word_1_492' title='bbox 838 2348 963 2384; x_wconf 86' lang='lat' dir='ltr'>minore</span> <span class='ocrx_word' id='word_1_493' title='bbox 977 2350 1011 2385; x_wconf 80' lang='lat' dir='ltr'>vi</span> <span class='ocrx_word' id='word_1_494' title='bbox 1022 2375 1035 2395; x_wconf 85' lang='lat'>‚</span> <span class='ocrx_word' id='word_1_495' title='bbox 1047 2360 1103 2385; x_wconf 90' lang='lat' dir='ltr'>aut</span> <span class='ocrx_word' id='word_1_496' title='bbox 1115 2348 1183 2387; x_wconf 84' lang='lat' dir='ltr'>nisu</span> <span class='ocrx_word' id='word_1_497' title='bbox 1197 2347 1446 2397; x_wconf 76' lang='lat' dir='ltr'>exspirationem</span> <span class='ocrx_word' id='word_1_498' title='bbox 1460 2358 1566 2397; x_wconf 85' lang='lat' dir='ltr'>egere,</span> <span class='ocrx_word' id='word_1_499' title='bbox 1579 2356 1677 2389; x_wconf 79' lang='lat' dir='ltr'>atque</span> <span class='ocrx_word' id='word_1_500' title='bbox 1688 2342 1789 2391; x_wconf 54' lang='lat' dir='ltr'>ipsvm</span> 
     </span>
    </p>

    <p class='ocr_par' dir='ltr' id='par_1_8' title="bbox 1545 2393 1791 2442">
     <span class='ocr_line' id='line_1_48' title="bbox 1545 2393 1791 2442; baseline 0 -13"><span class='ocrx_word' id='word_1_501' title='bbox 1545 2393 1791 2442; x_wconf 82' lang='lat' dir='ltr'>inspirationem</span> 
     </span>
    </p>
   </div>
  </div>
 </body>
</html>
