1878 2724
404 185 408 188 ·
447 186 465 209 2
949 162 973 196 Ρ
992 161 1027 196 Η
1040 162 1071 196 Y
1084 162 1106 196 S
1116 163 1130 196 1
1140 161 1170 198 C
1184 164 1224 196 ΑΞ

405 187 497 268 504⁰.
511 220 592 257 Non
602 217 663 252 alia
679 214 747 249 fere
759 210 846 246 sedes
857 208 905 244 his
920 210 1113 257 excipiendis
1125 222 1181 246 aut
1196 207 1373 245 formandis
1390 205 1701 257 imaginibusmagis
1717 207 1791 243 ido.

407 282 470 305 nea
486 267 632 314 assignari
647 261 758 311 potest.
780 261 898 306 Neque
918 260 1006 293 enim
1022 257 1115 293 nobis
1135 271 1282 298 veterum
1298 287 1307 302 ,
1334 263 1368 294 &
1382 269 1466 306 pene
1482 259 1662 292 communis
1679 259 1789 305 opinio

407 316 563 365 probatur
573 343 580 355 ‚
596 324 660 359 qua
670 309 833 344 credidere
849 309 883 341 in
892 306 1079 342 ventriculis
1100 308 1227 342 cerebri
1246 309 1370 355 spiritus
1387 304 1540 341 animales
1553 308 1711 353 procreari
1726 334 1742 349 ,
1756 311 1791 344 δι

407 377 511 398 rerum
522 363 680 410 imagines
693 357 858 393 affervari:
874 368 981 403 neque
991 355 1116 404 spiritus
1134 356 1219 394 adeo
1234 355 1366 391 subtiles
1379 384 1388 398 ‚
1403 360 1436 392 &
1449 353 1578 402 fugaces
1597 355 1630 388 in
1644 365 1709 388 tam
1721 367 1790 390 arn-

408 412 468 460 plis
482 411 604 460 spatiis,
624 420 677 443 aut
694 409 728 443 in
745 406 891 440 ordinem
901 405 1002 453 digeri
1018 433 1027 448 ,
1043 416 1097 440 aut
1110 405 1230 440 diutius
1249 403 1372 453 poffunt
1385 401 1553 438 confistere
1571 416 1580 438 ι
1595 404 1678 437 intra
1693 415 1792 452 angu-

408 461 472 495 stos
484 471 604 494 meatus
615 488 624 502 ,
637 459 714 494 &in
728 467 829 490 cerras
841 453 933 491 velut
942 452 1065 488 orbitas
1075 465 1265 490 moveantur
1274 451 1395 489 neceffe
1406 452 1463 488 est.
1479 453 1552 487 Nec
1565 451 1698 486 demum
1711 453 1793 488 iniis:v

407 509 592 544 formantur
601 503 794 541 cavitatibus
807 515 879 551 quae
899 514 1106 537 excremento
1126 503 1228 538 seroso
1243 502 1435 548 excipiendo
1449 529 1458 544 ‚
1475 512 1544 548 quo
1563 499 1699 548 petsaepe
1726 499 1792 535 sca-

409 568 482 594 tent
493 586 503 600 ,
521 557 731 591 destinantur.
745 555 856 600 Atque
867 551 946 587 illud
956 552 1083 586 videtur
1104 551 1266 600 explicatu
1278 548 1411 586 difficile
1422 562 1461 585 ex
1474 561 1538 596 qua
1556 550 1690 583 materia
1710 549 1742 582 in
1756 551 1791 585 iis

408 604 592 641 ventriculis
608 604 731 653 spiritus
745 612 970 650 procreentur,
990 606 1024 637 &
1043 613 1110 647 quo
1129 604 1244 636 itinere
1255 602 1288 636 in
1300 612 1418 635 nervos
1430 628 1440 643 ,
1459 610 1496 633 ac
1508 609 1614 632 toturn
1624 595 1792 633 cerebrum

407 667 447 688 ex
463 657 498 688 iis
511 656 609 689 antris
627 653 743 687 deduci
758 661 890 698 queant·
922 651 1035 698 Longe
1051 650 1161 697 itaque
1175 648 1376 698 probabilius
1391 649 1434 683 est
1450 647 1574 695 spiritus
1583 658 1620 680 ex
1639 645 1803 681 arterioso⁴

391 734 394 739 .
407 701 558 752 sanguine
570 705 602 736 in
613 700 704 750 ipsius
715 698 840 735 cerebri
851 701 971 734 cortice
981 726 991 741 ‚
1009 700 1109 733 autin
1122 710 1212 745 parte
1225 700 1355 733 cinerea
1369 726 1380 742 ,
1393 709 1460 744 quae
1471 695 1540 731 fere
1553 693 1677 742 ubique
1692 695 1740 729 est
1758 697 1800 731 in·

406 751 543 786 cerebro
554 779 561 789 ,
573 750 730 799 percolari
743 766 752 792 3
765 760 864 794 atque
883 747 958 783 hinc
977 758 1032 794 per
1046 746 1198 794 quasdam
1213 746 1336 782 orbitas
1347 748 1378 781 in
1392 756 1517 780 certum
1532 744 1680 779 ordinem
1700 755 1792 778 com-

406 802 485 848 poni
498 817 507 844 3
519 800 577 835 lios
587 800 729 846 denique
748 797 865 832 tractus
877 794 983 845 saepius
999 807 1054 829 eos
1066 795 1208 845 relegere
1218 825 1228 839 ,
1246 807 1282 831 ut
1293 796 1372 831 varii
1388 794 1550 830 memoriae
1568 803 1623 826 aut
1634 794 1793 840 imagina„

408 850 600 884 tionisactus
610 851 751 895 exigunt.
762 848 841 882 Non
851 847 938 880 enim
953 847 1001 878 vis
1016 843 1186 880 formatrix
1198 846 1375 893 imaginum
1390 855 1461 889 quae
1479 839 1641 891 phantasia
1657 841 1774 876 dicitur
1781 868 1806 885 ,fi

409 897 507 944 longe
518 908 642 931 remota
652 897 695 930 est
706 895 747 930 ab
767 907 807 929 eo
824 894 896 928 loco
915 895 947 928 in
958 906 1023 940 quo
1047 892 1118 940 ipsae
1133 892 1326 928 asservantur
1340 894 1508 939 imagines.

409 954 417 989 ξ
448 947 529 980 Non
546 948 588 980 ita
601 945 726 993 pridem
741 945 787 976 vir
798 940 919 977 Clariis
939 945 981 979 D.
998 941 1135 975 Dodard
1150 944 1184 977 in
1205 942 1379 976 Academia
1404 938 1565 974 referebat
1577 969 1587 983 ,
1619 939 1650 974 se
1663 937 1792 974 diversis

409 993 614 1040 temporibus
625 993 761 1027 duorum
775 991 948 1026 infantium
957 1020 967 1034 ‚
979 991 1033 1036 qui
1043 989 1274 1038 hydrocephali
1287 987 1480 1024 decesserant
1489 1017 1500 1032 ,
1513 991 1618 1036 capita
1630 986 1793 1035 aperuisse.

411 1045 562 1089 Uterque
574 1044 609 1076 iis
621 1040 740 1075 morbis
754 1039 887 1075 affectus
902 1040 1039 1085 erat‚qui
1054 1037 1144 1075 nullo
1157 1039 1257 1073 modo
1271 1038 1310 1072 ad
1325 1049 1421 1085 caput
1436 1038 1598 1084 pertinere
1611 1035 1793 1080 videbatur,

409 1098 445 1130 &
458 1094 535 1125 citra
547 1090 646 1125 ullam
656 1087 897 1124 convulsionem
910 1087 1014 1122 ambo
1027 1087 1216 1122 interierant
1229 1099 1236 1122 :
1257 1086 1320 1121 duo
1333 1087 1510 1121 anteriores
1531 1084 1700 1121 ventriculi
1719 1097 1807 1120 cum*

392 1164 396 1168 -
410 1141 508 1177 tertio
522 1152 618 1174 unam
630 1143 663 1174 &
677 1137 816 1172 eandem
824 1138 997 1171 cavitatem
1008 1132 1211 1179 efficiebant,
1229 1147 1299 1182 quae
1311 1146 1394 1181 aqua
1413 1146 1490 1183 pura
1507 1133 1684 1182 &limpida
1699 1133 1805 1182 plena·

392 1201 479 1224 -etat
490 1217 500 1231 ‚
520 1187 642 1222 cerebri
654 1185 822 1221 substantia
840 1186 1008 1233 compaC'ffl
1025 1188 1058 1219 &
1072 1184 1206 1218 candida
1222 1185 1275 1219 vix
1289 1184 1382 1232 digiti
1392 1183 1508 1218 indicis
1522 1182 1692 1218 latitudine
1713 1181 1795 1218 cras.

408 1238 451 1273 sa.
468 1240 515 1272 Ex
528 1249 592 1283 quo
606 1237 718 1281 utique
731 1235 762 1269 id
776 1233 929 1279 colligere
938 1231 1094 1281 poffumus
1106 1232 1160 1269 has
1175 1235 1330 1267 cavitates
1340 1244 1398 1267 nec
1415 1230 1570 1280 spiritibus
1588 1232 1805 1268 continendis>-

410 1286 557 1321 destinari
568 1313 578 1328 ‚
598 1295 702 1330 neque
720 1295 838 1329 aquam
852 1281 899 1316 his
914 1280 1092 1318 conclusam
1103 1280 1307 1330 apoplexiam
1320 1279 1420 1328 ipsam
1431 1308 1441 1324 ‚
1453 1291 1506 1315 aut
1517 1280 1682 1329 paralysim
1696 1281 1805 1318 affer«
1856 1279 1857 1286 ¹

409 1347 443 1370 re
455 1363 465 1377 ,
490 1332 544 1369 nisi
559 1333 618 1367 alia
631 1329 725 1367 subiit
738 1329 841 1365 causa.
1856 1323 1857 1335 ³

451 1384 535 1430 Qis
549 1380 629 1415 vero
646 1379 681 1414 fit
691 1379 778 1414 locus
796 1378 895 1414 sensus
907 1382 1088 1415 communis
1101 1389 1175 1423 ,aut
1188 1380 1220 1413 in
1233 1390 1297 1425 qua
1317 1376 1438 1412 cerebri
1454 1390 1545 1425 parte
1559 1379 1615 1415 fiat
1626 1378 1726 1414 sensus
1741 1381 1799 1416 in:-

410 1433 535 1466 terioris
554 1431 741 1478 perceptio,
760 1430 817 1463 vix
829 1426 1153 1476 divinarepolsumus.
1168 1426 1498 1462 ExistimatCartefius
1519 1431 1705 1476 praecipuam
1724 1432 1805 1464 ani-2

394 1506 397 1509 κ
410 1493 470 1515 mae
481 1480 589 1515 sedem
604 1507 613 1522 ‚
625 1481 656 1513 in
671 1477 810 1525 quadam
823 1476 974 1525 glandula
985 1505 995 1519 ,
1011 1490 1081 1524 quae
1092 1475 1191 1525 vulgo
1203 1477 1373 1518 conation,
1387 1486 1440 1509 aut
1453 1478 1588 1524 pinealis
1601 1478 1732 1521 dicitnr,
1747 1478 1798 1512 es-

409 1528 440 1564 se
451 1529 670 1563 constitutam.
688 1529 769 1561 Haec
779 1527 865 1560 enim
875 1524 948 1560 crim
963 1539 1026 1561 una
1039 1524 1084 1570 fit,
1097 1531 1128 1563 &
1140 1528 1172 1560 in
1182 1525 1290 1560 medio
1300 1523 1441 1568 cerebri,
1453 1538 1565 1560 omnes
1579 1525 1792 1562 sensnumim..

410 1577 583 1626 preffiones
599 1577 719 1623 excipit
730 1592 738 1619 ·,
749 1573 871 1622 spiritus
887 1587 924 1608 ex
934 1576 1025 1609 omni
1042 1587 1132 1622 parte
1145 1573 1268 1608 cerebri
1281 1574 1315 1606 in
1333 1585 1404 1607 eam
1420 1575 1593 1618 incurrunt3
1601 1574 1723 1623 pensilis
1732 1576 1807 1620 est‚[.

412 1633 445 1662 ἃ
458 1627 495 1660 ad
510 1636 642 1660 omnem
655 1636 777 1659 motum
797 1623 944 1671 expedita
955 1652 964 1666 ‚
980 1623 1062 1657 adeo
1078 1623 1160 1658 utad
1173 1633 1283 1657 nutum
1298 1623 1412 1656 animae
1425 1623 1681 1669 quoquoversum
1697 1624 1798 1659 infle--

412 1675 535 1710 statur:
559 1672 735 1721 passionum
751 1672 839 1706 aestus
857 1700 865 1713 ‚
888 1671 1143 1719 phantasmatum
1157 1670 1293 1705 incursus
1311 1669 1400 1705 illam
1412 1672 1444 1705 in
1459 1684 1572 1706 omnes
1617 1684 1699 1706 artes
1719 1686 1791 1707 ver.

411 1722 480 1758 sant
494 1735 529 1756 ac
544 1723 772 1756 determinant.
789 1722 820 1754 Si
834 1721 910 1767 quid
921 1720 1078 1755 reminisci
1094 1721 1241 1755 volumus
1254 1748 1263 1761 ,
1286 1731 1378 1753 mens
1395 1719 1482 1753 illam
1500 1720 1561 1754 huc
1571 1720 1592 1755 il
1609 1733 1646 1755 uc
1663 1733 1792 1757 contor-

411 1783 490 1819 quet
503 1801 511 1814 ,
529 1772 633 1805 donec
651 1769 775 1809 spii-itus
787 1781 842 1815 per
852 1782 922 1804 eam
935 1769 1100 1804 subeuntes
1115 1774 1145 1804 in
1155 1781 1228 1802 eum
1242 1766 1366 1802 cerebri
1381 1768 1485 1802 locum
1499 1770 1670 1813 incurrant,
1682 1772 1714 1811 in
1724 1783 1790 1817 quo

413 1823 460 1855 rei
480 1820 649 1866 vestigium
659 1818 831 1854 delitescit:
849 1818 909 1852 huc
919 1819 1042 1852 accedit
1053 1830 1122 1853 eam
1132 1816 1317 1865 glandulam
1326 1818 1450 1851 unicam
1459 1815 1539 1860 eise,
1555 1829 1590 1852 ut
1602 1817 1717 1866 species
1731 1831 1789 1866 per

411 1871 559 1918 geminos
578 1867 675 1901 sensus
690 1878 830 1912 accepta>
847 1869 877 1900 in
897 1878 932 1899 ea
946 1871 1190 1914 conjungantur.

457 1915 582 1951 Verum
598 1916 657 1950 hoc
669 1913 868 1962 ingeniosum
882 1913 1027 1948 Cartesiii
1039 1924 1258 1948 commentum
1268 1911 1377 1946 multis
1391 1912 1567 1949 rationibus
1578 1914 1743 1958 refellitur,
1754 1920 1791 1952 δε

411 1975 450 1998 ea
461 1967 599 1999 maxime
610 1963 698 2009 quod
709 1961 836 1996 nullalit
848 1964 878 1996 in
890 1974 927 1995 ea
939 1962 1089 2005 glandula
1106 1961 1279 1996 mobilitas,
1308 1962 1386 1996 Non
1405 1963 1493 1995 enim
1513 1974 1550 1997 ut
1565 1962 1620 1998 sibi
1639 1963 1790 2012 persuasit

411 2011 569 2048 Cartesius
583 2041 592 2055 ,
608 2023 645 2044 ea
657 2011 703 2044 est
716 2013 747 2045 in
757 2011 866 2044 medio
876 2009 999 2056 pensilis
1011 2039 1021 2053 ‚
1040 2009 1089 2044 sed
1101 2012 1221 2044 arteriis
1242 2015 1274 2044 &
1290 2011 1396 2052 venis,
1422 2011 1489 2044 imo
1511 2016 1545 2047 &
1564 2011 1670 2058 plexui
1689 2025 1788 2048 mem.

412 2061 550 2096 branoso
565 2091 573 2104 ‚
591 2062 646 2107 qui
662 2059 829 2094 choroides
847 2059 980 2100 dicitur,
1003 2059 1046 2093 est
1067 2056 1182 2101 affixa,
1196 2057 1291 2093 nullis
1308 2061 1415 2093 nervis
1427 2087 1436 2102 ,
1456 2071 1510 2093 aut
1529 2058 1616 2094 fibris
1640 2060 1789 2108 suspensa.

410 2111 539 2146 Deinde
554 2114 619 2157 jam
639 2109 833 2142 ostendimus
849 2106 1040 2141 ventriculos
1055 2107 1179 2142 cerebri
1197 2120 1261 2142 non
1279 2105 1338 2141 esse
1362 2108 1452 2141 velut
1469 2112 1687 2157 promptuaria
1700 2123 1790 2156 quae-

411 2171 486 2194 nam
499 2158 658 2205 spirituum
673 2157 861 2190 animalium
880 2185 888 2198 ‚
909 2158 964 2202 qui
979 2156 1059 2191 lianc
1074 2157 1255 2203 glandulam
1267 2157 1330 2204 jiigi
1348 2167 1456 2199 motu,
1476 2157 1527 2189 vel
1549 2157 1625 2192 flam
1643 2160 1793 2201 quodam·

412 2205 667 2254 impellant2sed
682 2204 793 2239 setosus
808 2205 921 2238 humor
942 2217 997 2251 per
1011 2217 1080 2238 eam
1103 2203 1226 2238 cerebri
1241 2206 1414 2239 cavitatem
1428 2233 1437 2247 ‚
1458 2218 1526 2250 qum·
1545 2219 1604 2239 una
1624 2207 1690 2249 est,
1712 2207 1789 2242 licet

411 2260 442 2290 in
458 2259 557 2289 variis
569 2266 673 2303 partes
689 2253 784 2287 divisa
798 2282 806 2295 ‚
820 2254 848 2286 d‹
861 2253 929 2288 fluit
945 2265 1000 2300 per
1014 2253 1252 2288 infundibulum
1278 2253 1438 2299 quoddam
1456 2256 1489 2287 in
1508 2253 1680 2302 [ubjeekarn
1694 2256 1788 2304 glan-

409 2305 517 2338 dul.1m
533 2333 541 2345 ‚
569 2315 637 2348 quae
651 2305 682 2337 in
699 2301 760 2336 basi
778 2300 1038 2343 cercbrifimest,
1056 2308 1086 2338 &
1108 2304 1268 2344 pituitaria
1282 2303 1343 2335 dici
1357 2300 1441 2336 solet.

448 2353 550 2396 Qod
563 2363 669 2386 autem
683 2351 783 2385 sensus
794 2352 975 2385 communis
988 2350 1073 2385 sedes
1086 2349 1119 2385 fit
1129 2364 1148 2397 p
1160 2363 1199 2384 :rs
1214 2352 1347 2384 interior
1359 2350 1502 2394 cerebri,
1524 2351 1705 2395 ubicunque
1723 2365 1784 2399 po.

408 2399 462 2434 sirii
476 2399 529 2444 sit,
546 2400 620 2435 hinc
643 2402 800 2448 conjicere
813 2398 989 2448 postumus,
1006 2400 1095 2448 quod
1106 2411 1177 2448 pars
1188 2398 1242 2434 illa
1258 2399 1391 2436 candida
1409 2399 1490 2436 nihil
1506 2399 1541 2435 fit
1558 2412 1667 2449 praetet
1686 2400 1783 2437 fibras
