1878 2724
370 146 424 169 210
727 128 989 167 PHYSICAE
1023 131 1357 170 GENERA'LIS

359 181 403 216 ¹id
417 190 570 228 negamus
581 207 591 222 ‚
602 177 745 213 occlusos
757 178 877 227 frigore
897 190 989 214 tetrae
1002 193 1145 226 meana,
1163 187 1198 220 &
1215 184 1413 233 inoetcepros
1436 181 1556 219 halitus
1576 186 1757 233 put‘eismnt

366 229 516 267 fontibus
527 228 668 263 calorem
677 227 808 276 hyemis
822 239 972 277 tempore
982 230 1147 265 interdum
1166 244 1285 280 augere
1298 233 1393 283 posse.
1418 235 1472 268 De
1492 233 1532 270 fri·
1559 247 1616 270 ore
1638 235 1756 271 media:

368 292 450 315 aeris
460 279 598 325 regionis
616 276 681 311 alio
692 276 767 312 loco
780 277 952 313 dicendum
967 307 979 322 ,
995 280 1042 313 uti
1055 284 1089 316 &
1099 279 1141 314 de
1154 280 1324 329 grandine.
1334 284 1373 319 Et
1386 283 1518 332 quidem
1528 247 1556 317 (ξ
1561 295 1638 327 aer,
1658 295 1692 319 ut
1702 286 1755 320 vi-

368 330 461 363 detur
472 326 569 374 vulgo
581 325 867 375 Philosophorum,
882 338 997 363 natura
1013 327 1067 364 sua
1083 329 1130 364 est
1144 328 1286 375 calidus,
1305 332 1387 368 nihil
1397 332 1444 368 est
1460 331 1557 368 causae
1567 344 1622 368 cur
1645 333 1754 369 media

366 377 450 412 illius
460 378 551 424 tegio
560 388 692 425 propter
708 376 949 425 antiperistasim
962 376 1084 427 frigore
1100 380 1214 427 rigeat.
1245 382 1363 429 Neque
1381 382 1413 416 id
1431 383 1638 418 concedimus
1661 395 1753 432 gran-

368 427 479 461 dinem
499 428 532 461 in
547 424 660 461 infima
669 427 749 460 a'e'ris
762 428 896 475 regione
905 425 1111 462 concrescere
1122 456 1132 471 ‚
1147 440 1221 463 curn
1236 430 1352 465 eadem
1362 429 1398 466 fit
1413 430 1497 466 illius
1506 443 1576 478 quae
1584 433 1672 469 nivis
1686 434 1753 467 ori.

365 488 407 523 go
419 476 618 521 ;cumquein
630 474 716 509 illius
729 475 914 511 meditullio
933 478 989 511 nix
1011 473 1093 524 saepe
1107 476 1331 525 conspiciatur.
1353 480 1417 516 Sed
1434 478 1501 515 alio
1516 492 1703 531 pergamus,
1717 486 1752 520 δε

365 523 386 559 fi
396 524 476 573 quid
494 523 601 560 afferri
613 522 1149 574 poffitprobabilius‚experiamur.
1165 527 1216 562 Sit
1228 528 1340 577 itaque

888 624 1039 662 ‚Secunda
1058 624 1230 673 Conclusio.

388 721 471 757 Non
484 719 642 757 abhorret
657 723 679 759 {a
692 721 856 760 verisimili
872 723 989 771 ignitas
1000 733 1130 759 atomos
1141 727 1174 760 in
1190 724 1277 761 calce
1288 750 1298 768 ,
1310 725 1388 762 &in
1406 723 1476 761 aliis
1492 725 1682 775 corporibus
1693 741 1752 777 po-

357 773 463 807 tentia
476 770 589 806 calidis
604 773 716 821 vigere
727 801 737 818 ,
756 785 830 821 quae
843 772 1002 821 expeditae
1014 777 1082 808 vim
1102 771 1189 810 suam
1204 785 1352 810 exerunt.

361 853 363 855 .
396 821 478 867 Qo
492 819 648 868 probetur
660 851 670 866 ,
684 828 718 859 δε
729 822 910 871 explicetur
920 821 1079 857 conclusio
1090 851 1103 866 ‚
1118 835 1279 873 perpauca
1289 824 1331 858 de
1344 821 1438 858 calcis
1454 835 1568 859 natura
1582 829 1616 862 &
1630 838 1751 876 praepa-

346 872 484 908 'tatione
498 870 634 906 dicenda
645 871 726 909 sunt.
744 870 882 920 Lapides
904 872 936 906 in
951 869 1053 906 furnis
1073 883 1296 920 excoquuntur
1308 901 1318 917 ,
1336 873 1442 908 donec
1463 873 1696 919 calcinatione,
1714 887 1750 912 ut

356 922 469 963 aiunt,
485 919 602 954 humor
623 932 742 968 aqueus
760 932 846 970 pene
865 930 955 954 totus
974 919 1184 957 exhalaverit.
1202 924 1302 958 Hinc
1323 934 1409 956 nexu
1424 920 1526 958 soluto
1540 922 1630 972 ¹lapis
1650 924 1750 960 facile

356 970 611 1012 comminuitur,
637 975 672 1007 δε
689 972 720 1005 in
740 969 908 1020 pulverem
932 967 1060 1006 fatiscit.
1084 969 1120 1004 ld
1136 982 1215 1006 vero
1232 984 1300 1006 non
1318 969 1474 1005 abhorret
1492 970 1514 1007 ὲ.
1534 983 1613 1007 vero
1631 1001 1642 1016 ,
1655 975 1750 1021 'ignis

354 1030 410 1053 aut
425 1017 566 1054 flammae
590 1019 762 1066 particulas
783 1018 910 1060 salinis,
929 1030 984 1054 aut
1001 1021 1136 1055 terrenis
1153 1019 1345 1068 corpusculis
1376 1019 1547 1067 impeditas
1570 1048 1580 1063 ‚
1601 1027 1634 1057 &
1657 1021 1750 1058 velut

354 1069 501 1116 captivas
529 1079 696 1103 remanere
708 1097 718 1112 ‚
745 1081 814 1117 quae
826 1065 982 1103 affiifione
1000 1080 1092 1116 aquae
1112 1067 1223 1104 solutae
1238 1069 1473 1104 tumultuantur
1485 1097 1495 1112 ,
1512 1074 1546 1106 δε
1565 1082 1683 1119 magna
1707 1083 1748 1107 ex

353 1128 447 1166 parte
456 1115 634 1164 vaporibus
655 1117 812 1153 involutae
830 1116 1019 1165 profugiunt
1034 1132 1041 1154 :
1055 1129 1187 1153 manent
1205 1130 1316 1153 tamen
1336 1117 1480 1165 plurimae
1501 1129 1570 1165 quae
1586 1130 1670 1167 aqua
1682 1119 1749 1168 ipsa

354 1167 552 1203 detinentur.
564 1167 651 1202 Rern
663 1178 742 1202 vero
754 1168 800 1201 ita
818 1166 848 1201 se
859 1165 981 1200 habere
992 1165 1101 1202 multis
1110 1168 1309 1216 argumentis
1327 1166 1452 1202 suaderi
1469 1167 1583 1214 potest.

391 1229 414 1251 i.
438 1213 507 1250 Nifi
526 1214 601 1250 calx
618 1227 728 1251 recens
745 1227 831 1263 aqua
857 1217 1061 1263 extinguatur
1079 1243 1089 1258 ‚
1106 1214 1406 1253 caementationifit
1423 1215 1567 1251 inutilis:
1582 1215 1670 1264 quod
1693 1228 1749 1252 aet

353 1263 519 1301 humidior
540 1263 697 1310 paularim
713 1263 777 1298 sese
790 1266 824 1298 in
835 1274 980 1306 meatus,
1001 1267 1063 1311 qui>
1077 1266 1160 1312 ignis
1174 1267 1207 1298 vi
1224 1264 1294 1300 sunt
1309 1267 1425 1314 aperti,
1440 1263 1628 1308 infinuet‚ac
1639 1264 1745 1301 solvat

354 1316 448 1361 ignea
458 1311 644 1359 corpuscula
657 1342 666 1356 ,
677 1325 747 1360 quae
759 1311 888 1355 sensim,
899 1316 934 1348 &
949 1310 1014 1347 fine
1022 1311 1163 1348 tumultu
1180 1314 1215 1350 in
1235 1325 1326 1348 auras
1337 1312 1480 1349 abeunt:
1500 1313 1548 1348 his
1569 1314 1652 1349 adeo
1673 1315 1744 1350 calx

355 1361 506 1397 destituta
523 1359 615 1395 brevi
634 1361 753 1396 fatiscit
769 1363 802 1396 in
813 1359 993 1410 puliverem.

382 1426 409 1448 2.
442 1411 528 1458 lguis
546 1410 726 1459 corpuscula
739 1439 748 1454 ,
759 1409 832 1455 seu,
843 1420 880 1444 ut
900 1409 1094 1456 loquuntur,
1111 1421 1356 1460 empyreumata
1368 1439 1378 1454 ,
1397 1412 1432 1446 in
1450 1409 1639 1461 corporibus
1656 1423 1744 1461 pene

354 1458 508 1495 omnibus
519 1458 832 1503 calcinaris‘haereiit,
848 1461 926 1494 utin
936 1457 1054 1494 salibus
1069 1458 1137 1494 fixis
1149 1488 1159 1504 ,
1170 1462 1227 1507 qui
1236 1463 1313 1508 igne
1323 1458 1404 1495 fiunt
1421 1463 1559 1496 acriores
1576 1477 1584 1505 3
1597 1463 1630 1496 in
1654 1464 1744 1508 aquis

355 1510 469 1544 itidem
483 1509 590 1556 stygiis
603 1536 613 1551 ,
627 1521 699 1556 quae
723 1521 762 1544 ex
779 1508 894 1543 salibus
914 1520 971 1556 per
987 1507 1229 1544 distillationem
1245 1510 1337 1545 fiunt.
1369 1509 1456 1556 -Qae
1476 1521 1587 1545 autem
1608 1522 1746 1556 corpora

355 1560 401 1592 ita
413 1557 484 1592 sunt
500 1556 596 1592 densa
613 1562 646 1594 &
663 1558 837 1606 compasta
848 1586 858 1601 ,
874 1568 910 1592 ut
924 1558 1076 1592 coctione
1093 1560 1194 1606 magis
1214 1558 1400 1593 indurentur
1413 1586 1424 1601 ‚
1441 1564 1474 1595 &
1490 1570 1599 1608 partes
1622 1557 1746 1594 habent

357 1619 428 1654 quae
438 1605 460 1642 ὲ
476 1605 512 1640 se
523 1617 637 1641 mutuo
652 1608 790 1655 disjungi
805 1619 872 1642 non
887 1605 1026 1655 possunt,
1042 1618 1080 1641 ut
1090 1605 1219 1650 lateres,
1235 1612 1268 1643 &
1280 1606 1402 1655 lapides
1416 1610 1576 1650 arenacei,
1586 1607 1652 1642 haec
1663 1610 1744 1656 ignis

353 1654 538 1704 corpuscula
550 1656 604 1691 diu
616 1669 684 1691 non
694 1683 695 1686 η
705 1659 857 1692 retinent.
875 1655 938 1690 Sed
951 1667 1021 1702 quae
1033 1655 1112 1691 dura
1131 1657 1265 1704 quidem
1282 1655 1353 1691 sunt
1363 1685 1372 1700 ,
1387 1658 1462 1705 igne
1477 1668 1586 1692 tamen
1603 1656 1746 1692 calcina-

356 1717 389 1739 ta
402 1705 651 1751 quodammodo
673 1705 849 1747 fatiscunt,
865 1710 899 1740 &
920 1703 1090 1747 laxantur,
1109 1717 1245 1752 quaeque
1264 1705 1423 1740 exhalatis
1450 1705 1571 1753 aquosis
1590 1705 1738 1753 partibus

354 1753 516 1801 lapideam
527 1757 560 1788 &
576 1753 688 1788 duram
706 1767 772 1788 non
787 1755 943 1787 amittunt
961 1752 1102 1787 formam
1120 1780 1130 1795 ,
1144 1765 1180 1787 ut
1198 1766 1321 1800 magna
1338 1753 1479 1800 lapidum
1498 1767 1568 1802 pars
1579 1783 1587 1796 ‚
1605 1754 1743 1796 haec,i'n..

352 1814 473 1848 quam,
490 1802 574 1835 intra
587 1800 655 1835 suos
669 1814 765 1850 poros
780 1799 962 1835 volatilium
972 1800 1210 1834 elementorum
1226 1800 1304 1848 fuga
1320 1812 1492 1836 excavatos
1517 1805 1596 1850 ignis
1611 1801 1741 1849 spicula,

352 1850 406 1885 seu
421 1861 665 1898 empyreuniara
684 1851 770 1885 ultro
789 1850 978 1887 admittunt.
999 1851 1111 1896 ltaque
1131 1848 1217 1883 calor
1231 1849 1285 1884 ille
1295 1852 1352 1896 qui
1364 1851 1396 1884 in
1409 1851 1554 1885 extinc'sska
1566 1850 1651 1884 calce
1666 1863 1741 1898 per..

351 1901 468 1946 cipitur
479 1927 488 1942 ‚
506 1901 607 1948 magis
622 1898 663 1933 ab
676 1899 815 1934 ascititio
826 1929 835 1943 ,
850 1911 948 1946 quani
968 1896 1009 1931 ab
1023 1899 1171 1946 ingenito
1194 1900 1268 1946 igne
1295 1897 1515 1946 proficiscitur.
1537 1902 1742 1948 Quanquam

350 1960 417 1982 iion
430 1951 565 1983 omnino
579 1950 726 1982 innatum
751 1951 859 1996 ignem
871 1977 879 1990 ‚
890 1953 924 1984 &
943 1946 1147 1996 sulphureum
1161 1945 1255 1982 salem
1277 1947 1403 1982 excludi
1414 1960 1566 1996 oportere
1592 1949 1740 1983 credide..

350 1998 433 2037 rim,
447 2000 502 2042 qui
522 2025 531 2039 ,
562 2009 597 2032 ut
618 1997 759 2033 diximus
774 2026 783 2040 ‚
813 1999 898 2033 inter
914 1996 1123 2043 coquendum
1146 1996 1211 2045 ipso
1239 1997 1340 2031 odore
1360 1995 1391 2031 se
1411 1998 1540 2046 prodit:
1560 1997 1646 2037 unde
1669 1996 1740 2033 calx

350 2044 477 2093 sulphur
495 2058 670 2081 commune
684 2045 837 2083 diffolvit.
1322 2079 1325 2082 .

379 2109 403 2140 3.
429 2093 579 2128 Flammae
592 2095 775 2144 corpuscula
788 2107 889 2130 caecos
902 2093 1014 2142 lapidis
1032 2092 1181 2128 calcinati
1196 2092 1300 2130 subite
1307 2107 1406 2143 potos
1419 2124 1428 2139 ,
1438 2096 1514 2130 hinc
1527 2097 1623 2130 etiam
1636 2097 1738 2143 conji-

349 2154 423 2179 cere
449 2140 608 2191 poll'umus
621 2171 632 2186 ‚
650 2145 739 2191 quod
761 2144 919 2179 calcinata
935 2155 1018 2190 pene
1031 2144 1141 2177 omnia
1154 2144 1297 2191 pondere
1312 2157 1496 2193 augeantur.
1511 2146 1579 2178 [nio
1591 2146 1738 2179 antimo-

350 2194 442 2227 nium
452 2194 488 2227 in
506 2194 665 2227 minutum
680 2193 847 2241 pulvereni
861 2191 1028 2227 contusum
1045 2204 1108 2239 ope
1121 2192 1238 2241 speculi
1252 2193 1365 2228 ustorii
1389 2194 1580 2228 calcinatum
1597 2197 1628 2229 &
1645 2205 1737 2227 coni-

349 2240 476 2276 bustum
488 2269 498 2284 ‚
518 2253 605 2276 nona
631 2242 677 2277 sui
702 2242 852 2290 ponderis
870 2253 959 2290 parte
988 2242 1118 2275 anetum
1151 2240 1241 2277 fuiffe
1266 2245 1303 2277 'in
1325 2242 1498 2278 Academii
1527 2243 1633 2289 Regia
1659 2253 1735 2276 ante

348 2290 546 2325 decennium
561 2290 796 2327 demonstravit
812 2294 855 2327 D,
869 2291 911 2324 dn
930 2292 1014 2325 Clos.
1032 2291 1082 2324 Sic
1094 2289 1263 2338 plumbum
1285 2293 1316 2326 in
1327 2290 1457 2325 fornace
1467 2291 1597 2323 vitrarii
1618 2290 1736 2325 diutius

348 2338 538 2374 calciiiatum
549 2369 557 2383 ‚
573 2345 606 2376 &
626 2342 660 2375 i'n
676 2339 805 2376 rubrum
824 2339 991 2389 pulvereni
1003 2351 1102 2386 qucni
1117 2342 1253 2374 minium
1272 2337 1606 2379 vocant‚com·ersiim
1618 2368 1626 2381 ,
1646 2351 1737 2386 parte

348 2386 417 2422 fere
436 2390 480 2422 iui
502 2388 626 2424 decima
644 2390 787 2439 pondere
803 2390 933 2426 auistuni
956 2389 1147 2437 plerumque
1165 2389 1339 2423 invenitur.
1368 2388 1479 2435 Atque
1506 2401 1538 2422 in
1558 2388 1640 2422 lianc
1665 2399 1736 2424 rem
