1878 2724
317 127 353 168 56
694 111 960 152 PHYSICAE
1005 113 1332 150 GENERALI'S

382 168 512 216 Qarto
527 195 536 211 ‚
556 166 635 201 illud
647 176 779 212 quoque
792 162 1000 198 concedimus
1023 164 1078 197 vix
1097 174 1190 198 certo
1214 161 1373 212 explicati
1393 158 1480 211 posse
1502 171 1573 210 quoe
1593 159 1734 209 lingulis—

323 217 493 254 eiementis
508 216 680 263 qualitates
697 212 757 248 sint
768 211 945 247 tribuendae
961 226 968 248 :
983 224 1055 246 cum
1064 224 1185 246 vocum
1198 212 1412 261 homonymia
1425 210 1476 248 hic
1488 240 1499 254 ‚
1517 223 1553 247 ut
1567 205 1734 248 fere‘ubi,

327 279 412 316 quae‚
424 265 657 302 obscuritatem
668 261 843 297 affe-rame
858 260 967 296 nescio
982 261 1105 307 an'quae
1116 261 1264 295 dicuntur
1274 271 1383 309 primae
1395 261 1569 309 qualitates
1578 259 1637 296 (int
1648 276 1715 297 omo

324 318 415 352 nium
425 317 534 363 primae
547 342 556 356 ,
572 324 669 359 atque
680 323 721 345 ex
738 312 776 344 iis
787 321 908 345 caeterae
919 312 1072 345 oriantur.
1091 309 1126 343 ld
1141 313 1242 357 magis
1254 311 1380 344 constat
1399 322 1517 345 terram
1534 310 1663 346 densam
1675 310 1740 347 es*

326 365 357 400 se
371 394 380 408 ,
411 364 618 411 compa&ani
634 366 667 397 δε
679 359 792 395 siccam
807 377 816 403 3
836 371 871 394 ut
880 363 932 396 a‘c'i·
944 371 1032 394 rarus
1046 359 1094 393 est
1104 364 1138 396 &
1155 362 1260 393 tenuis
1274 386 1284 401 ‚
1295 361 1328 392 vi
1341 358 1470 394 elaffica
1482 360 1620 395 donatus
1633 390 1642 404 ,
1657 373 1724 408 qua

326 412 447 449 scilicet
465 413 634 459 comprimi
648 411 771 459 potest,
783 414 816 447 &
835 409 961 445 dilatari
977 438 987 453 ,
1002 421 1070 456 quo
1084 418 1210 443 meatus
1238 417 1412 456 corporum
1435 409 1561 444 facilius
1586 409 1700 446 subeat
1715 425 1723 445 :

326 475 397 510 quae
411 463 459 497 vis
473 461 604 496 elastica
620 472 711 508 aquae
724 472 762 494 ex
784 469 876 507 parte
890 470 1018 494 tantum
1036 460 1212 500 convenit,
1227 468 1319 492 terrae
1340 455 1433 493 nullo
1449 459 1563 494 mode.
1601 462 1725 496 Utrum

327 523 409 547 vero
425 512 479 545 a'e'r
495 510 644 546 humidus
661 508 698 544 sit
708 521 750 544 an
761 507 857 543 siccus
868 535 879 551 ,
888 520 955 544 non
970 508 1013 542 est
1027 507 1118 555 hujus
1130 506 1195 541 loci
1206 505 1301 542 fufius
1316 508 1493 554 inquirere.
1519 510 1622 552 Quod
1635 508 1656 543 fi
1667 509 1725 544 hu.

328 560 419 597 mida
437 558 497 596 fint
510 572 581 607 quae
593 560 732 608 propriis
744 558 887 593 terminis
899 571 965 594 non
975 559 1205 600 continentur,
1220 554 1272 591 sed
1287 555 1413 600 alienis,
1427 559 1479 591 a‘e‘r
1490 556 1536 591 est
1550 557 1726 593 humidissi-

327 621 410 646 mus,
425 610 470 646 At
484 608 504 644 si
521 609 655 644 humida
665 609 799 643 dicimus
816 618 893 654 quae
903 606 1138 650 madefaciunt,
1154 604 1294 640 siccitate
1305 607 1413 654 potius
1425 618 1525 654 quam
1533 607 1730 642 humiditate

329 658 499 695 donandus
509 658 568 693 est.
589 659 643 694 Sic
650 657 780 692 videtur
790 669 872 705 aqua
889 656 1037 706 frigidior
1049 684 1059 699 ,
1073 656 1161 704 quod
1176 654 1271 690 altius
1288 665 1449 704 penetret.

367 710 454 757 Ignis
481 720 561 743 vero
583 707 705 742 calidus
730 707 771 742 est
793 711 826 743 &
847 704 965 750 ficcus,
982 705 1127 750 lucidus,
1144 703 1485 741 subtilis&a6kuosus.
1507 705 1599 740 Hinc
1615 706 1742 741 cuanz·

329 769 446 793 movet
457 786 466 801 ‚
490 757 620 806 perficit
631 787 640 801 ‚
658 766 816 805 vegetat:
839 766 925 790 terra
944 757 1056 792 mixtis
1069 752 1262 804 corporibus
1285 753 1375 790 velut
1391 755 1562 789 materiam
1587 754 1710 803 praebet
1722 773 1752 800 ς,

329 807 415 843 hanc
426 819 510 855 aqua
531 806 584 842 suo
596 806 734 842 humore
750 804 848 840 diluit
859 833 870 848 ‚
890 810 924 842 &
938 816 1046 854 partes
1063 803 1145 839 illius
1159 805 1328 840 conneffit
1342 819 1352 846 ς
1371 805 1425 837 ae'r
1442 815 1540 853 poros
1553 809 1586 841 &
1604 816 1733 840 meatus

330 855 449 905 implet
463 871 470 893 :
487 858 556 892 vim
567 866 703 892 omnem
720 883 729 897 ,
743 854 887 890 calorem
905 859 940 891 ὃς
953 866 1083 892 motum
1101 855 1185 903 ignis
1204 854 1374 902 impertit,
1395 852 1513 900 hicque
1533 852 1734 903 potiffimum

330 906 351 942 ὲ
368 905 453 949 sole,
473 916 531 942 aut
540 905 582 940 ab
593 905 665 940 aliis
682 903 838 939 sideribus
849 903 1006 940 dimanat.
1031 905 1120 941 Nam
1132 901 1277 946 subtilis,
1291 908 1325 939 δι
1349 901 1480 937 actuosa
1493 903 1640 950 quaedam
1659 903 1735 940 sub-

333 955 447 990 stantia
458 968 516 1004 per
531 957 641 990 a‘c'rem
655 953 850 990 diffunditur
860 982 870 997 ,
887 953 973 989 hanc
983 965 1069 1001 aqua
1080 954 1200 1001 excipit
1213 981 1223 995 ,
1235 963 1320 986 tetra
1329 951 1424 987 fovet
1439 956 1473 988 ὃ(
1483 963 1600 988 tuetur.

384 1007 514 1053 Qinto
525 1034 535 1048 ‚
551 1004 642 1040 licuit
659 1003 956 1051 Aristoteliprimas
969 1001 1328 1049 qualitateselementis
1344 997 1502 1044 tribuere,
1515 999 1631 1049 easque
1645 1012 1682 1036 ut
1693 1001 1734 1037 ad

331 1055 510 1089 mixtorum
521 1055 769 1103 generationem
783 1051 987 1100 conspirant,
1000 1051 1149 1087 definite.
1157 1053 1250 1089 Nam
1259 1062 1296 1086 ut
1309 1049 1506 1098 exemplum<
1517 1049 1560 1085 ab
1570 1062 1612 1085 eo
1632 1053 1734 1086 toties

333 1101 520 1151 usurpatum
536 1102 752 1138 adhibeamus
769 1113 827 1137 :nt
849 1102 952 1137 statua
963 1113 1002 1137 ex
1026 1113 1087 1136 aere
1103 1099 1159 1136 fiat
1171 1129 1181 1144 ‚
1200 1103 1339 1148 primum
1356 1099 1464 1133 calore
1481 1111 1562 1147 opus
1583 1100 1648 1143 est,
1666 1112 1751 1148 quo:

333 1152 503 1187 metallum
523 1152 617 1187 fundi
636 1150 732 1200 poffit
745 1179 755 1194 ,
769 1155 802 1187 &
813 1151 1034 1199 heterogenea
1051 1161 1193 1198 quaeque
1211 1148 1351 1192 secerni3
1365 1147 1485 1184 deinde
1499 1146 1604 1184 fusum
1618 1149 1748 1184 metal..

333 1201 404 1235 lum
418 1215 486 1237 non
497 1202 639 1249 propriis
649 1202 798 1235 terminis
808 1203 999 1236 continetur
1017 1229 1026 1243 ‚
1041 1198 1094 1234 sed
1113 1199 1223 1234 alienis
1234 1212 1242 1234 :
1253 1210 1331 1233 narn
1347 1200 1419 1246 typi
1428 1208 1484 1232 aut
1503 1197 1630 1233 moduli
1656 1198 1740 1247 figu-

333 1249 446 1285 raesese
459 1249 690 1284 accommodat
706 1249 812 1283 :unde
827 1253 860 1285 ὅς
869 1249 1044 1284 humiditas
1054 1248 1093 1282 ad
1106 1247 1214 1282 statuae
1226 1247 1478 1295 productionem
1491 1245 1662 1282 neceffaria
1673 1248 1735 1291 est3
1748 1279 1751 1281 ,

334 1310 433 1347 atque
448 1299 564 1335 humor
577 1300 611 1333 in
633 1297 770 1333 metallo
788 1296 858 1333 fuso
869 1327 878 1342 ‚
890 1296 1058 1333 utficcitas
1072 1298 1107 1332 in
1119 1307 1202 1345 typo
1214 1324 1224 1339 ,
1237 1307 1395 1342 tanquam
1413 1298 1446 1330 in
1463 1297 1600 1330 matrice
1624 1299 1749 1344 requi-⁷

335 1350 421 1383 titur.
443 1349 614 1383 Postremo
628 1347 728 1396 frigus
744 1347 851 1382 statuae
861 1347 1015 1382 duritiem
1029 1352 1063 1385 &
1084 1344 1275 1381 firmitatem
1294 1343 1421 1380 tribuit.
1443 1345 1598 1394 Cumque
1612 1347 1738 1381 eaedem

335 1398 507 1444 qualitates
527 1400 558 1432 in
571 1409 679 1431 rerum
692 1408 776 1431 oene
788 1398 934 1432 omnium
945 1398 1161 1445 generatione
1182 1405 1368 1438 occurrant,
1385 1395 1495 1443 primae
1522 1393 1699 1442 qualitates
1717 1395 1738 1431 a
1753 1427 1756 1428 γ

336 1447 540 1496 Philosophis
563 1450 682 1481 merito
693 1440 934 1490 nominantur,
946 1447 1036 1494 quod
1055 1445 1114 1481 fint
1130 1442 1259 1480 aetuosa
1270 1455 1378 1479 rerum
1398 1446 1557 1494 principia
1569 1448 1625 1487 ,&
1644 1444 1739 1480 velut

335 1499 496 1545 praecipua
513 1497 733 1545 generationis
752 1496 977 1532 instrumenta.

372 1545 503 1594 Qibus
518 1548 579 1580 rite
595 1544 769 1580 intelleffis
784 1550 818 1582 &
832 1546 1045 1593 Peripatetici
1065 1545 1150 1579 inter
1173 1541 1222 1586 se,
1240 1546 1276 1579 &
1288 1553 1361 1576 cum
1383 1540 1517 1589 reliquis
1535 1542 1738 1594 Philosophis

335 1595 432 1630 facile
451 1594 676 1630 conciliantur.
693 1597 847 1642 Qaeque
858 1605 972 1629 contra
986 1592 1153 1641 vulgatam
1165 1596 1199 1628 &
1214 1601 1382 1639 receptam
1393 1588 1587 1627 sententiam
1600 1591 1671 1629 sunt
1689 1592 1739 1628 al-

335 1645 401 1680 lata
416 1674 427 1688 ,
445 1644 534 1680 ultro
559 1642 775 1679 collabuntur.
804 1645 895 1680 Nam
911 1653 1051 1691 quatuor
1063 1641 1133 1678 funt
1150 1642 1256 1689 prima
1278 1644 1311 1676 δι
1329 1637 1484 1688 simplicia
1500 1653 1656 1689 corpora,
1669 1655 1741 1691 quae

337 1693 501 1729 elementa
513 1694 650 1728 dicimus
667 1707 674 1728 :
691 1704 833 1739 quatuor
843 1691 957 1726 itidem
967 1690 1039 1726 sunt
1051 1690 1227 1737 qualitates
1238 1689 1278 1723 ad
1290 1691 1537 1736 generationem
1555 1695 1593 1726 δε
1606 1694 1740 1726 mixtio·

338 1757 415 1779 num
430 1755 603 1790 corporum
628 1740 804 1788 requisitae:
826 1740 904 1775 licet
919 1739 1008 1775 forte
1034 1751 1082 1773 ex*
1098 1740 1136 1772 iis
1155 1737 1369 1785 qualitatibus
1395 1747 1517 1772 caeterae
1535 1750 1649 1774 omnes
1670 1752 1740 1776 non

337 1794 481 1827 oriantur
494 1820 504 1834 ‚
520 1803 557 1825 ac
575 1788 644 1825 fieri
658 1788 775 1838 possit,
795 1801 831 1825 ut
842 1788 932 1837 plura
945 1787 1007 1823 sint
1024 1799 1132 1823 retum
1154 1787 1337 1835 principia,
1355 1796 1409 1821 aut
1429 1784 1619 1831 mffcibilia,
1639 1801 1739 1837 quam

337 1852 410 1888 quae
428 1839 527 1890 vulgo
543 1850 756 1876 numerantur
766 1868 777 1884 ‚
791 1838 958 1875 aut-nobis
972 1836 1045 1873 sunt
1058 1835 1247 1886 explorata:
1261 1835 1295 1870 vid
1313 1836 1404 1870 enirn
1420 1835 1570 1872 nondum
1588 1837 1752 1874 decerni-⁷

338 1902 423 1926 mus,

373 1943 500 1974 Verum
513 1936 564 1973 hic
581 1943 685 1987 major
697 1937 827 1986 quaestio
841 1935 1024 1980 suboritur,
1039 1948 1082 1971 an
1099 1934 1263 1970 elementa
1274 1935 1306 1969 in
1321 1932 1392 1968 'sese
1415 1935 1560 1969 invicem
1576 1947 1741 1972 commea-

339 2001 373 2023 re
392 1986 523 2037 poffint,
538 1993 571 2024 &
584 1987 798 2031 transmutari,
809 1989 894 2035 ignis
908 2001 938 2021 v.
951 1997 998 2023 or.
1013 1988 1048 2021 in
1063 1997 1186 2026 aerem,
1196 1995 1251 2019 aut
1264 1982 1397 2020 viciffim
1411 1996 1502 2069 :tssuae
1522 1983 1595 2020 sane
1608 1985 1750 2033 quaestio.

339 2037 443 2074 solutu
462 2037 568 2074 facilis
587 2038 648 2083 est,
682 2036 705 2073 fi
719 2040 752 2074 in
772 2038 940 2087 principiis
952 2017 1024 2084 ‘fam
1033 2035 1218 2071 constitutis
1230 2033 1377 2070 constare
1391 2046 1437 2070 no
1462 2035 1490 2069 is
1503 2033 1664 2072 volumus.
1677 2036 1758 2071 sie

340 2089 450 2136 iraque

876 2135 1010 2181 Qartae
1027 2134 1204 2181 Conclusio.
1716 2132 1745 2162 ἴ·

373 2235 543 2271 Elementa
557 2245 592 2271 ut
613 2235 682 2271 sunt
693 2235 791 2270 oculis
805 2233 950 2282 subjesta
963 2263 973 2278 ,
996 2235 1028 2269 in
1044 2233 1074 2269 se
1089 2232 1119 2268 fe
1137 2243 1254 2269 mutuo
1276 2230 1528 2268 transmutantur
1544 2257 1555 2274 ,
1578 2241 1646 2266 non
1657 2231 1755 2266 item·

340 2283 361 2317 si
380 2297 457 2332 pura
469 2314 478 2328 ‚
496 2291 529 2322 &
544 2287 577 2320 in
595 2296 724 2320 atomos
744 2283 881 2320 resoluta
895 2283 1091 2333 spedientur.

390 2333 481 2367 Prob.
499 2347 571 2382 pars
588 2332 795 2370 conclusionis
811 2336 912 2383 prior.
932 2333 1103 2369 Elementa
1118 2345 1186 2369 non
1201 2332 1328 2368 alterari
1338 2327 1521 2373 modo,sed
1533 2331 1632 2365 etiam
1641 2341 1740 2379 gene-

340 2383 402 2415 rari
422 2387 456 2418 &
475 2386 638 2433 corrumpi
656 2384 803 2421 videmus
815 2412 826 2430 ,
851 2396 887 2420 ut
907 2385 941 2422 in
957 2385 1034 2433 igne
1048 2388 1082 2422 δε
1102 2394 1186 2432 aqua
1201 2380 1401 2432 potiffimum
1424 2390 1557 2416 cernere
1572 2379 1618 2416 est
1633 2393 1641 2416 :
1656 2377 1740 2434 nihil

1649 2440 1740 2464 emm
