1878 2724
402 152 457 195 438
720 137 1152 179 PHYSICAEPARS
1191 139 1475 177 SECUNDA.

403 196 592 247 appellatur,
611 194 702 227 Nam
717 190 827 225 cuneta
836 188 965 232 exedit,
981 187 1187 238 &pervadit
1203 191 1283 236 vasa
1323 198 1518 232 permanans
1539 185 1613 222 tabe
1629 183 1714 226 dira.
1732 188 1799 238 Ipst
1843 210 1847 211 ν

405 245 609 282 metallorum
626 238 756 276 foffores
767 239 974 285 quanttunvis
988 242 1036 272 ori
1048 238 1163 274 vesicas
1176 235 1340 288 applicent
1354 250 1407 281 ,ut
1424 237 1454 272 se
1475 235 1623 271 adversus
1638 236 1795 277 lethalem

404 295 496 343 hujus
511 292 629 329 veneni
644 289 770 324 fumum
795 287 942 321 muniant
955 315 964 330 ‚
979 286 1071 322 brevi
1093 300 1200 322 tan-‚en
1225 299 1281 322 aut
1300 286 1438 335 phthisi,
1457 297 1513 321 aut
1529 284 1664 334 paralyfi
1682 287 1795 325 consuq

404 354 533 379 munt-js
549 355 556 378 ς
574 339 660 388 quod
685 338 845 372 tenuitate
860 337 1001 383 partium
1019 350 1196 373 nervorum
1215 338 1376 386 originem
1395 336 1546 378 invadat,
1562 347 1662 371 venas
1681 335 1797 382 solvar,-

404 397 436 428 &
456 392 598 426 maxime
620 386 731 422 duetus
752 384 979 433 lymphaticos,
998 389 1040 422 Ex
1066 386 1228 435 particulis
1242 386 1388 421 rotundis
1409 413 1418 428 ,
1435 383 1521 419 tersis
1541 390 1574 421 &
1587 384 1696 432 politis
1713 398 1794 422 con-

404 440 561 485 stat,quae
573 437 602 473 se
619 440 652 472 in
674 436 798 484 punctis
817 432 885 468 fere
907 445 1039 483 tangunt
1053 464 1061 479 ,
1077 448 1137 470 nec
1161 434 1283 470 subtilis
1311 440 1345 471 &
1366 435 1481 470 cuncta
1504 436 1698 482 permeantis
1720 433 1800 470 sub·-

405 489 524 524 stantiae
538 486 734 522 commercia
749 481 966 518 intercludunt
978 498 984 519 :
997 484 1070 519 hinc
1084 483 1167 519 illius
1177 495 1266 519 tanta
1278 482 1444 519 mobilitas
1454 487 1488 519 ὃ(
1498 482 1675 529 liquiditas.

440 537 541 586 Qd
555 548 664 570 autem
677 533 912 581 hydrargyrum
930 532 1022 568 fumo
1032 532 1157 582 plunzbi
1179 531 1277 568 fixum
1302 538 1336 569 &
1356 531 1488 567 firmum
1511 531 1648 566 evadere
1676 545 1798 582 magna‘

402 597 474 634 pars
494 585 728 633 Chymicorum
742 583 851 623 docet,
868 581 899 614 id
911 581 1024 618 falsum
1042 582 1102 618 esse
1115 595 1215 631 nuper
1231 585 1264 616 in
1290 583 1464 617 Academia
1485 580 1548 615 hoc
1572 584 1795 629 experimento

405 635 541 669 ostendit
566 637 604 670 D.
620 632 725 667 Borel.
738 632 881 678 Liquato
897 634 984 666 enim
996 630 1133 680 p!umbo
1154 637 1187 669 ὅ(
1201 630 1244 666 ab
1264 633 1338 679 igne
1356 629 1514 665 subducto
1527 658 1538 673 ,
1553 641 1627 665 cum
1647 630 1800 680 refrigess

404 685 644 730 cereinciperet
656 709 665 724 ‚
684 692 835 715 extremo
853 678 905 713 bau
915 680 959 715 uli
972 680 1093 716 fanum
1116 683 1149 716 in
1168 679 1305 724 plumbo
1325 679 1387 714 fuit
1404 679 1552 715 foramen
1570 707 1580 723 ‚
1598 679 1686 726 quod
1703 680 1801 717 uncia

404 746 433 767 v.
473 761 480 768 .
494 732 685 781 hydrargyri
705 729 867 777 repletum
884 728 929 763 est
948 746 956 772 ·,
971 741 1106 777 tumque
1120 742 1290 779 argentum
1303 731 1416 764 vivum
1435 727 1565 763 firmum
1582 727 1685 763 visum
1706 729 1749 764 est
1761 735 1798 768 δε

403 745 542 825 ῆεέϋες
560 793 625 816 non
641 779 729 827 quod
747 777 906 813 fixitatem
919 777 941 812 ὲ.
964 778 1092 827 plumbi
1115 780 1217 814 odore
1238 781 1416 827 acciperet:
1435 777 1489 812 sed
1507 779 1583 825 quia
1600 789 1674 812 cum
1691 777 1798 826 plum-

405 829 450 865 bo
466 832 604 865 mixtum
615 829 698 870 fuit,
713 833 746 864 &
755 827 927 874 utriusque,
937 839 974 862 ut
986 840 1115 871 vocarit,
1127 826 1250 864 factum
1262 828 1309 862 est
1321 827 1486 875 quoddam
1502 826 1690 876 amalgama.
1706 828 1799 864 Hine

406 892 478 928 pars
498 879 552 913 illa
566 890 637 925 quae
666 877 816 912 foramen
833 875 993 924 implebat
1008 905 1017 920 ,
1035 877 1174 912 multum
1194 878 1288 912 aneta
1315 876 1460 924 pondere
1478 877 1612 911 inventa
1626 875 1682 912 est.
1710 876 1799 913 Cum

408 939 516 963 tamen
537 929 668 963 videam
684 925 867 973 complures
889 925 1072 974 Chymicos
1090 925 1211 973 eosque
1231 939 1298 960 non
1317 924 1462 974 vulgares
1479 925 1679 959 contendere
1699 923 1729 960 se
1747 937 1800 960 ar.

408 988 475 1012 tem
487 977 604 1011 callere
615 988 679 1024 qua
697 975 912 1023 hydrargyrus
925 973 994 1009 solo
1008 973 1135 1023 plumbi
1150 975 1242 1010 fumo
1260 974 1444 1009 concrescat
1456 1001 1466 1016 ‚
1491 972 1643 1009 assensum
1654 973 1809 1010 nostrum(

406 1021 795 1067 cohibemus,muln*1min
808 1034 932 1070 partem
945 1034 1119 1071 negantem
1131 1023 1389 1072 propendente&

438 1077 518 1111 Non
533 1073 686 1110 dissimilis
699 1072 747 1106 est
760 1073 843 1106 ratio
863 1071 946 1105 clavi
962 1099 971 1114 ,
989 1083 1026 1106 ut
1044 1084 1183 1116 vocant,
1202 1071 1406 1115 cinnabaris,
1431 1083 1499 1118 quo
1521 1069 1711 1119 impostores
1727 1074 1799 1120 qui*-

408 1125 484 1159 dam
497 1122 643 1158 credulos
662 1120 765 1156 solent
782 1119 922 1155 inescare
938 1149 949 1164 ‚
961 1131 997 1155 ut
1006 1119 1165 1169 specimen
1182 1119 1451 1156 transmutationis
1469 1117 1646 1168 praebcant.
1663 1122 1736 1156 Hac
1745 1133 1801 1157 au-

409 1183 476 1209 tern
501 1183 570 1207 arte
597 1170 777 1221 procedunt
789 1197 800 1212 ‚
820 1181 855 1204 ut
866 1181 904 1205 ex
917 1169 1036 1204 eodem
1057 1169 1186 1206 Borello
1197 1172 1231 1205 in
1249 1181 1315 1204 arte
1327 1169 1486 1218 Chymica
1501 1174 1534 1205 δι
1548 1170 1582 1204 in
1593 1168 1800 1218 Philosophia

409 1222 497 1257 claro
508 1224 698 1269 accepimuS.
721 1220 874 1263 Qatuor
886 1221 995 1254 uncias
1008 1218 1188 1254 cinnabaris
1201 1247 1212 1262 ‚
1229 1231 1299 1266 quae
1310 1217 1430 1253 scilicet
1439 1230 1477 1254 ex
1490 1217 1608 1254 sulfure
1620 1223 1653 1255 &
1668 1219 1802 1266 hydrar-

408 1282 491 1319 gyro
506 1281 632 1317 paratur
642 1298 652 1312 ‚
676 1266 823 1313 (tametsi
836 1267 898 1301 alia
911 1268 958 1301 est
971 1280 1106 1317 quoque
1123 1270 1233 1302 nativa
1247 1296 1257 1311 ,
1273 1279 1312 1301 ex
1325 1280 1389 1315 qua
1402 1278 1571 1314 argentum
1585 1268 1698 1302 vivum
1713 1280 1748 1303 ut
1759 1279 1799 1304 ex

410 1309 534 1354 ininera
554 1317 747 1353 extrahitur:
766 1318 778 1359 )
794 1319 827 1350 in
845 1317 963 1365 pyxide
975 1317 1081 1351 ferrea
1097 1315 1137 1351 fic
1150 1315 1339 1365 disponunt,
1352 1328 1388 1351 ut
1402 1319 1508 1364 primo
1521 1316 1649 1351 stratum
1668 1315 1800 1352 limatu-

411 1380 453 1403 κε
468 1370 593 1414 argenti
604 1366 817 1402 substernatur
829 1382 838 1409 3
850 1377 918 1400 tum
929 1364 1110 1401 cinnabaris
1127 1382 1136 1408 3
1155 1378 1223 1400 tum
1242 1365 1399 1400 limaturae
1412 1366 1583 1414 argenti‚&
1600 1366 1644 1399 ita
1666 1364 1801 1402 alternis

411 1416 591 1452 cinnabaris
619 1431 642 1460 4
665 1418 782 1457 unciae,
803 1420 833 1450 δε
858 1414 908 1449 sex
923 1417 1021 1449 unciae
1036 1417 1160 1463 argenti
1182 1412 1512 1462 disponunturzquod
1535 1425 1654 1449 vocant
1670 1414 1798 1451 stratum

409 1465 501 1515 super
523 1466 661 1500 stratum.
683 1462 851 1513 Operculo
868 1463 973 1498 ferreo
988 1469 1020 1499 ὃ(
1041 1466 1103 1499 rite
1122 1463 1285 1507 obducto,
1301 1474 1401 1510 atque
1414 1491 1424 1506 ,
1441 1474 1476 1498 ut
1491 1462 1671 1510 loquuntur
1682 1472 1695 1506 ',
1711 1463 1798 1499 luta-

411 1526 446 1550 to
468 1517 560 1563 pyxis
585 1515 760 1563 imponitur
775 1512 907 1547 furnulo
919 1511 1095 1547 reverben‘i
1108 1525 1164 1560 per
1181 1527 1198 1548 ι.
1212 1523 1268 1546 aut
1285 1526 1298 1557 3
1313 1513 1378 1546 dies
1391 1540 1400 1555 ‚
1412 1514 1486 1560 igne
1497 1523 1553 1560 per
1567 1512 1682 1559 gradus
1690 1513 1798 1557 andsto,

411 1565 517 1599 donec
533 1567 623 1612 pyxis
639 1563 743 1598 ferrea
757 1564 893 1596 omnino
904 1560 1031 1598 rubeat.
1044 1564 1138 1597 Extra
1145 1563 1194 1597 &a
1209 1561 1353 1610 pyxidee
1366 1560 1495 1596 furnulo
1507 1559 1615 1608 pulvis
1627 1558 1666 1596 ni
1684 1573 1719 1596 er
1729 1563 1800 1598 cin»-

413 1612 525 1648 nabari
542 1612 699 1648 immistus
716 1613 893 1659 reperitur:
910 1611 994 1646 hunc
1007 1611 1067 1646 effe
1084 1613 1208 1659 argenti
1231 1611 1412 1645 limaturam
1435 1609 1549 1645 volunt
1560 1637 1570 1652 ‚
1586 1608 1638 1644 suo
1656 1574 1776 1646 ffilfure
1789 1639 1800 1656 ‚

411 1670 567 1696 tanouarn
579 1664 687 1696 anima
700 1661 796 1695 exuti.
813 1658 1005 1695 Cinnabaris
1016 1672 1093 1694 veto
1111 1673 1176 1695 non
1189 1658 1283 1694 rubra
1293 1688 1302 1702 ‚
1323 1658 1377 1693 sed
1396 1659 1480 1694 intus
1493 1661 1620 1694 cinerea
1638 1670 1772 1707 apparet
1786 1687 1799 1703 ,

415 1723 519 1757 eaque
537 1710 672 1758 cupellae
685 1722 758 1743 cum
778 1707 913 1757 plumbo
927 1709 1078 1756 permista
1094 1720 1262 1757 argentum
1275 1721 1390 1756 purum
1405 1719 1518 1756 putum
1533 1706 1678 1756 praebet,
1693 1713 1726 1745 δι
1743 1720 1802 1744 eo-

413 1759 488 1793 dem
503 1771 584 1806 pene
596 1759 742 1808 pondere
766 1770 838 1792 cum
858 1757 1004 1792 limatura
1023 1760 1155 1805 argenti.
1172 1756 1247 1793 Acfi
1259 1786 1267 1800 ‚
1283 1759 1433 1804 inquiunt
1446 1785 1456 1801 ,
1472 1756 1577 1806 pulvis
1591 1758 1682 1804 niger
1690 1757 1801 1792 reduci

414 1806 516 1855 poffet
540 1810 575 1843 in
603 1818 772 1856 argentum
786 1835 795 1849 ‚
812 1819 879 1840 non
903 1805 965 1841 fine
984 1806 1181 1854 compendio
1203 1806 1268 1840 haec
1285 1808 1431 1853 operatio
1452 1806 1652 1853 procederet.
1676 1810 1800 1843 Verum
1850 1831 1870 1843 „

415 1868 512 1902 quam
531 1867 645 1903 putant
664 1854 725 1889 effe
735 1853 932 1889 cinnabarim
942 1883 951 1897 ,
966 1867 1003 1888 ea
1022 1854 1099 1890 nihil
1114 1855 1160 1888 est
1174 1865 1288 1901 praerer
1303 1856 1428 1902 argenti
1443 1853 1623 1889 limaturam
1636 1869 1645 1897 ;
1661 1853 1799 1902 hydrar-

413 1916 508 1951 gyrus
526 1917 605 1938 vero
623 1915 740 1951 magna
757 1902 802 1936 sui
817 1914 905 1946 parte
917 1902 1061 1936 avolavit
1076 1915 1155 1937 :nec
1169 1914 1237 1936 ater
1259 1901 1312 1937 ille
1327 1902 1435 1950 pulvis
1450 1901 1496 1936 est
1515 1914 1626 1951 corpus
1642 1901 1723 1937 lunae
1735 1931 1745 1947 ,
1762 1913 1802 1939 ut

414 1952 584 1999 loquuntur
603 1950 839 1999 Chymici‚seu
849 1953 974 1997 argenti
988 1980 996 1991 ,
1014 1950 1099 1997 quasi
1112 1952 1274 1994 inanime3
1296 1950 1347 1985 sed
1367 1949 1546 1987 cinnabaris
1563 1950 1628 2000 ipsa
1643 1950 1700 1987 suo
1713 1963 1799 1989 met·

412 2004 502 2036 curio
523 2000 683 2037 destituta.
704 2002 756 2035 Sic
768 1998 870 2034 multa
885 2000 949 2036 hoc
965 1999 1132 2035 hominum
1147 2013 1245 2049 genus
1260 1999 1454 2049 pollicetur,

571 2084 648 2131 Qae
669 2082 781 2116 cunfla
797 2084 878 2116 aerii
899 2082 1080 2129 difierpnnt
1106 2084 1204 2116 irrita
1223 2086 1328 2119 venti.

453 2147 549 2183 Aliud
566 2159 699 2194 quoque
716 2146 899 2196 exemplum
912 2148 998 2182 idem
1015 2149 1062 2181 vir
1081 2148 1279 2196 pereruditus
1307 2146 1477 2183 afferebat.
1503 2147 1637 2195 Argenti
1656 2146 1748 2182 uncia
1766 2150 1802 2185 in

415 2209 496 2244 aqua
516 2196 595 2231 forti
614 2195 802 2239 dissolvitur,
817 2198 898 2242 aqua
910 2197 974 2231 leni
986 2196 1092 2230 calore
1103 2198 1162 2232 exh
1176 2197 1250 2232 elata
1263 2198 1367 2239 pulvvs
1380 2198 1505 2245 argenti
1516 2196 1689 2244 colligitur3
1700 2195 1803 2245 plum-

415 2245 450 2280 bi
473 2245 553 2280 libra
583 2245 746 2287 funditur,
771 2247 923 2280 extractis
942 2244 1083 2280 sordibus
1109 2276 1116 2282 ,
1134 2246 1189 2280 ubi
1210 2246 1358 2294 ptsslicula
1376 2259 1445 2292 quar
1464 2245 1567 2279 statim
1588 2247 1619 2279 in
1635 2244 1802 2294 superficie

416 2294 591 2328 concrescit
603 2324 611 2337 ‚
624 2297 804 2342 apparuerit
820 2323 829 2337 ‚
847 2294 950 2343 pulvis
964 2306 1129 2343 argenteus
1140 2298 1173 2330 in
1205 2294 1332 2329 crucibu
1348 2309 1401 2329 um
1422 2296 1558 2341 injicitur
1573 2311 1581 2336 3
1600 2293 1735 2342 plumbo
1749 2306 1802 2329 re-

415 2343 572 2390 frigetato
599 2344 704 2391 pulvis
729 2344 842 2379 eadem
859 2343 927 2378 fere
947 2346 1129 2390 quantitate
1150 2346 1274 2378 innatat
1290 2359 1294 2377 z
1309 2347 1364 2378 cui
1389 2343 1470 2378 fusus
1496 2345 1526 2377 in
1547 2355 1712 2390 argentum
1733 2355 1801 2380 non

416 2389 486 2425 abit
501 2408 511 2435 3
529 2404 604 2428 eum
615 2393 697 2430 adeo
711 2392 793 2430 nihil
810 2391 870 2428 effe
879 2403 994 2442 putant
1004 2404 1115 2441 praeter
1126 2396 1372 2443 argenticorpus
1382 2396 1531 2430 exanime
1543 2421 1554 2440 ,
1564 2390 1730 2430 cumillius
1742 2403 1800 2435 veq
