1878 2724
373 120 445 152 600
899 108 924 143 P
941 107 976 142 H
999 104 1030 142 Y
1051 107 1073 141 S
1097 108 1113 141 1
1136 105 1169 142 C
1186 108 1237 150 ΑΕ,

372 177 443 198 rem
457 160 590 195 restituit
605 170 658 202 ‚ut
675 158 706 191 in
717 164 900 191 atramento
909 157 1105 204 experimur,
1119 156 1206 204 quod
1219 153 1262 191 sal
1274 152 1367 189 alcali
1377 154 1557 194 diffolutam
1574 168 1651 194 ante
1665 163 1772 196 mate-²

367 214 448 248 tiam
465 211 651 258 praecipiter.
666 209 704 240 In
718 206 802 239 vitro
813 205 952 240 viridem
965 205 1110 241 tolerem
1124 203 1330 255 magnesxa‚v.
1340 208 1535 255 manganese,
1548 208 1635 256 quod
1652 209 1698 244 est
1712 212 1773 245 mi.

373 260 482 297 nerale
494 256 809 304 quoddam,omniuo
824 253 920 291 delet.
933 253 1005 291 Ubi
1014 258 1117 304 major
1130 255 1215 290 illius
1226 255 1319 303 copia
1330 252 1401 289 fuso
1421 257 1506 290 vitro
1521 256 1772 304 admiscetur‚ru-

372 309 433 344 bro
451 307 489 341 ad
501 316 694 354 purpureum
713 315 871 352 vergente
887 304 917 339 id
936 305 1054 353 tingit3
1071 304 1092 340 fi
1111 302 1229 340 diutius
1241 305 1277 339 in
1295 302 1360 338 olla
1373 306 1544 340 cumvitro
1560 318 1769 355 permaneat,

371 362 406 394 &
418 358 449 391 in
459 355 614 389 mediocri
628 351 693 388 desi
708 364 892 402 apponatur
902 381 914 398 ‚
927 365 999 402 pars
1011 352 1120 390 infima
1131 355 1273 390 materiae
1287 351 1361 389 fusae
1370 351 1456 388 flavo
1469 353 1577 390 colore
1591 354 1770 400 inficietur;

371 417 441 455 pars
453 404 561 440 media
571 403 653 437 clara
666 405 727 437 erit
737 408 770 440 δι
786 414 823 437 ex
851 415 900 437 ers
909 403 1027 439 coloris
1038 432 1049 448 ‚
1071 416 1142 453 pars
1157 403 1298 451 denique
1316 401 1438 438 summa
1451 401 1609 440 subrubro
1627 407 1769 454 tingetur

371 453 491 490 colore.
503 453 602 489 Unde
618 452 687 487 satis
697 452 741 487 est
750 415 921 487 veritimile
937 464 1064 502 partem
1080 451 1270 490 subrubrarn
1278 450 1444 501 magnefiae
1460 454 1492 488 in
1505 466 1595 489 auras
1606 453 1771 498 difflatu&

371 503 476 539 secum
489 503 625 538 viridem
639 501 719 536 sodae
734 506 769 538 &
780 500 918 536 arenosae
935 501 1078 537 colorem
1091 501 1204 538 efferre
1215 531 1226 546 ‚
1245 501 1303 538 nifi
1315 514 1388 536 cum
1398 500 1518 537 viscosa
1535 504 1613 538 vitri
1631 505 1769 540 materia

371 554 530 588 retinetur
543 569 552 596 ·,
565 563 701 598 tumque
713 553 835 586 vitrum
845 549 884 586 fic
892 551 1010 586 leviter
1022 550 1180 588 subrubro
1189 551 1300 588 colore
1311 549 1472 588 inscitum
1485 551 1661 602 telescopio
1672 550 1771 602 aptis-

371 600 487 637 fimum
503 602 546 636 est
554 630 564 644 ‚
581 606 614 638 &
625 603 707 635 vitra
717 599 881 649 objeffiva
892 613 930 636 ex
941 613 982 636 eo
993 613 1153 650 parantur.

411 665 447 687 20
465 654 501 686 In
516 650 662 685 colorum
674 651 856 684 mutatione
871 662 1007 698 quaeque
1034 648 1072 686 fit
1092 662 1131 686 ex
1139 649 1252 686 salium
1264 648 1445 686 acceffione
1458 677 1469 694 ,
1495 651 1528 686 id
1543 649 1612 686 fere
1625 650 1770 687 constans

371 698 582 741 observatur,
609 699 716 734 succos
739 711 778 734 ex
802 698 936 734 floribus
966 698 1126 744 caeruleis,
1155 711 1211 735 aut
1235 711 1274 734 ex
1294 713 1350 748 pur
1376 702 1461 735 ureis
1482 698 1640 748 expreffos
1659 698 1770 736 salium

371 749 464 784 alcali
478 748 670 784 admistione
683 748 820 791 virides,
840 749 1008 783 acidorum
1027 748 1160 785 mistura
1174 749 1288 784 rubros
1315 712 1399 784 effici
1420 751 1492 785 :uti
1505 753 1573 797 jam
1586 749 1769 786 identidem

371 800 569 835 monuimus.
613 800 665 833 Sic
689 797 706 833 ὲ
734 796 868 833 floribus
896 798 983 832 iridis
995 801 1162 847 purpureis
1174 827 1185 843 ‚
1202 810 1276 834 cum
1297 798 1425 836 resec&
1442 798 1571 834 fuerunt
1587 810 1692 846 partes
1708 796 1770 833 fla-

371 860 421 883 vae
444 876 454 891 ‚
477 845 583 882 succus
608 846 775 881 additione
794 845 888 881 calcis
907 848 988 881 vivae
1012 847 1120 882 statim
1144 848 1279 882 viridem
1304 852 1339 884 &
1361 847 1529 896 pulchrum
1549 848 1656 883 induit
1677 847 1769 882 colo-

371 909 441 931 rem
458 924 468 939 ‚
485 907 581 943 atque
611 895 644 929 id
667 896 873 943 pigmentum
894 894 1044 930 aluminis
1064 894 1186 930 access‘u
1202 924 1212 938 ‚
1245 901 1280 932 δε
1301 895 1455 931 solaribus
1471 897 1568 931 radiis
1577 894 1768 932 exsiccatum

372 946 428 980 diu
440 943 619 980 conservari
632 942 713 979 solet
723 973 732 987 ‚
743 956 780 978 ac
792 942 970 991 pictoribus
983 944 1030 978 est
1045 944 1137 979 utile.
1151 944 1310 980 Aluminis
1333 955 1383 979 ter
1398 955 1454 979 aut
1466 956 1583 991 quater
1597 949 1699 993 major
1719 945 1768 980 est

372 992 453 1028 dosis
467 1022 478 1037 ‚
497 992 596 1040 quam
607 991 702 1027 calcis
713 995 803 1028 vivae.
815 993 948 1040 Spiritus
961 993 1068 1026 acidus
1081 993 1155 1027 huic
1167 992 1259 1027 succo
1272 991 1420 1027 colorem
1437 992 1570 1028 rubrum
1591 993 1766 1030 conciliat:

372 1042 457 1076 adeo
468 1053 504 1077 ut
516 1041 592 1076 {ales
601 1040 693 1075 alcali
707 1046 742 1078 &
753 1041 835 1074 acidi
847 1040 978 1076 alternis
990 1040 1119 1075 admisti
1133 1053 1200 1076 non
1211 1039 1274 1075 fine
1287 1039 1530 1076 effervescentia
1540 1041 1666 1077 colores
1678 1055 1768 1078 com-

373 1102 513 1127 mutent.
532 1089 691 1125 Rosarum
707 1088 786 1125 folia
809 1091 841 1124 in
860 1101 945 1137 aqua
959 1091 1125 1124 communi
1136 1091 1269 1124 excocta
1293 1088 1420 1125 nullum
1437 1092 1468 1125 ei
1481 1089 1627 1127 colorem
1645 1093 1767 1141 impet-

372 1142 456 1175 tiunt
468 1153 477 1176 :
490 1137 543 1174 secl
557 1138 652 1173 ruber
667 1138 774 1173 statim
789 1138 819 1173 se
837 1138 945 1187 prodit
955 1168 966 1183 ,
983 1136 1040 1172 ubi
1053 1138 1194 1186 spiritum
1205 1137 1557 1176 aciduminstillaveris.

370 1192 379 1218 'l
408 1188 570 1224 Caeruleus
582 1187 673 1223 color
686 1189 742 1235 qui
753 1200 792 1221 ex
808 1189 912 1235 granis
930 1186 1121 1236 quibusdam
1136 1187 1282 1231 elicitur,
1296 1188 1461 1223 acidorum
1471 1189 1603 1235 quidem
1618 1188 1766 1226 acceffio-

372 1250 413 1274 ne
437 1240 470 1272 in
485 1236 616 1272 rubrum
630 1235 697 1271 abit
709 1266 719 1280 ,
735 1236 787 1271 sed
804 1236 897 1270 alcali
910 1238 1059 1272 nativum
1071 1237 1224 1271 duntaxat
1239 1236 1383 1271 colorem
1395 1237 1576 1279 restituunt,
1601 1248 1637 1272 ut
1654 1239 1766 1274 videre

372 1287 418 1322 est
431 1288 464 1322 in
473 1285 565 1321 succo
577 1284 775 1333 heliotropii.
788 1286 863 1320 Fors
875 1285 919 1319 est
932 1296 966 1320 ut
980 1283 1101 1320 florum
1116 1284 1221 1320 succus
1235 1298 1335 1334 parvo
1352 1297 1523 1322 momento
1540 1299 1578 1321 ex
1591 1287 1686 1322 viridi
1707 1286 1766 1323 fiat

369 1347 556 1385 purpureus.
569 1336 620 1370 Sic
634 1336 666 1370 in
682 1335 762 1369 iride
782 1338 816 1371 &
833 1333 942 1379 violis,
957 1333 1135 1370 filtratione
1149 1335 1290 1381 quadarn
1298 1347 1368 1382 quae
1382 1337 1521 1383 partium
1534 1334 1765 1373 insenfibilium

372 1383 611 1433 dispositionem
623 1396 793 1434 perparum
806 1385 978 1427 immutat,
989 1383 1022 1418 hi
1033 1383 1194 1430 prodeunt
1211 1383 1345 1419 colores.
1364 1385 1464 1421 Unde
1478 1383 1511 1419 hi
1522 1383 1603 1419 succi
1618 1386 1702 1432 aqua
1717 1386 1765 1420 di·

369 1434 428 1469 luti
440 1433 608 1469 caeruleum
625 1432 769 1468 colorem
781 1445 838 1481 per
850 1431 976 1481 aliquot
991 1432 1084 1467 horas
1100 1443 1231 1468 tuentur
1243 1462 1252 1477 ‚
1275 1435 1328 1479 qui
1344 1432 1439 1467 brevi
1462 1444 1610 1481 tempore
1631 1435 1663 1468 in
1683 1436 1764 1468 viri-

372 1483 449 1518 dem
467 1481 547 1519 abit.
558 1481 645 1517 Sales
657 1493 767 1517 autem
782 1480 874 1516 alcali
887 1484 943 1528 qui
960 1481 1084 1517 flavum
1096 1480 1240 1516 colorem
1259 1481 1431 1516 sublimato
1445 1484 1477 1517 in
1490 1494 1573 1529 aqua
1593 1480 1764 1528 diffoluto,

369 1534 440 1568 imo
450 1537 484 1569 &
497 1543 589 1579 aquae
607 1533 773 1566 communi
782 1530 957 1566 conciliant
968 1560 977 1574 ‚
999 1529 1170 1566 caeruleum
1181 1529 1296 1566 florum
1310 1531 1456 1566 colorem
1474 1534 1507 1565 in
1519 1532 1658 1566 viridem
1671 1543 1762 1567 com-

368 1592 515 1617 mutant:
529 1593 605 1616 nam
620 1581 729 1615 viridis
744 1579 834 1614 color
852 1592 890 1614 ex
903 1579 990 1615 flavo
1008 1585 1042 1617 &
1055 1579 1190 1614 caeruleo
1200 1581 1347 1627 emergit.
1367 1581 1483 1614 Succus
1499 1578 1685 1628 heliotropii
1694 1594 1762 1615 non

369 1642 408 1664 ex
420 1628 501 1664 flore
511 1654 522 1672 ‚
531 1629 584 1664 sed
600 1641 639 1664 ex
652 1641 754 1677 grano
764 1630 964 1678 exprimitur.
979 1628 1078 1666 Unde
1090 1641 1157 1664 non
1171 1629 1286 1665 eadem
1299 1628 1345 1664 est
1357 1628 1441 1664 illius
1453 1656 1464 1672 ,
1480 1641 1552 1677 quae
1568 1627 1648 1664 succi
1663 1629 1680 1666 ὲ
1696 1627 1761 1664 flo-

368 1677 456 1717 ribus
468 1679 606 1715 extraffl
627 1680 726 1714 ratio.

411 1735 440 1772 30
453 1726 619 1764 Tinfilurae
630 1739 700 1774 quae
715 1738 752 1762 ex
764 1726 859 1761 lionis
872 1725 976 1761 rubris
989 1725 1178 1770 eliciuntur,
1194 1737 1229 1761 ut
1244 1738 1285 1762 ex
1310 1725 1398 1775 ligno
1417 1727 1530 1762 Indico
1540 1731 1573 1764 δέ
1595 1724 1760 1762 Brafilien-

368 1774 410 1820 fi,
426 1778 592 1811 acrdorum
605 1777 770 1811 additione
803 1775 974 1812 avescunt:
992 1775 1194 1812 utfiacetum
1205 1776 1388 1812 decoffioni
1408 1776 1487 1824 ligni
1504 1774 1687 1810 Brasrlienfis
1705 1777 1760 1809 ad-

366 1828 477 1873 jeceris
491 1854 501 1869 ,
517 1825 567 1859 sed
582 1824 624 1860 sal
639 1827 747 1860 tartari
763 1835 816 1858 aut
827 1824 964 1872 quodvis
980 1823 1073 1858 alcaii
1089 1837 1284 1872 purpureum
1294 1824 1438 1859 colorem
1458 1823 1555 1858 dabit.
1585 1825 1660 1858 Hos
1679 1822 1759 1858 verb

366 1873 493 1908 colores
505 1873 634 1907 alumen
644 1871 695 1907 sua
713 1874 864 1906 aciditate
877 1872 986 1915 diluit,
1000 1878 1034 1909 δ(
1044 1873 1225 1919 stipticitate
1238 1900 1247 1914 ‚
1261 1884 1318 1906 aut
1335 1874 1369 1905 vi
1381 1872 1594 1920 adstringente
1604 1870 1759 1920 prohibet

367 1933 410 1957 ne
420 1920 583 1955 difflenmr
595 1925 629 1957 δέ
639 1919 840 1956 evanescant.
860 1920 896 1952 ld
907 1919 1007 1967 ipsum
1027 1922 1125 1954 etiam
1137 1919 1262 1969 glut-Ine
1282 1933 1319 1955 ex
1336 1922 1426 1955 corio
1436 1920 1627 1956 animalium
1644 1932 1757 1968 parato

372 1967 518 2004 efficitur·
531 1970 584 2003 Sic
596 1968 720 2016 lignum
733 1966 855 2002 Brasilie
861 1966 912 2002 nse
926 1980 1044 2013 aquam
1056 1971 1086 2004 in
1097 1981 1159 2015 qua
1170 1969 1340 2004 decoctum
1353 1967 1561 2012 fuerit,rubro
1570 1969 1680 2005 colore
1691 1971 1756 2005 tin-

391 2020 415 2052 it
430 2017 501 2061 ,sed
517 2019 544 2053 is
570 2019 635 2052 dto
665 2016 822 2052 evanescit
835 2031 842 2052 z
855 2017 942 2063 quod
955 2015 976 2052 fi
998 2029 1071 2052 cum
1101 2017 1226 2065 glutine
1244 2030 1300 2053 aut
1323 2017 1404 2053 colla
1424 2020 1553 2054 coctum
1571 2018 1688 2062 fuerit,
1702 2031 1757 2053 ru-

365 2030 430 2101 {ro
446 2079 551 2114 eoque
566 2078 685 2113 vegeto
698 2071 731 2103 ὃς
744 2065 813 2103 satis
834 2066 883 2099 diu
899 2078 1107 2112 pei-manente
1120 2067 1286 2103 imbuitur.
1315 2070 1426 2112 Quare
1439 2067 1568 2102 alumen
1583 2068 1757 2103 tincturam

367 2115 461 2150 altius
479 2117 633 2163 imprimit
643 2144 650 2155 ,
663 2127 801 2161 eamque
814 2115 1046 2149 diuturniorem
1059 2121 1091 2152 &
1103 2128 1177 2165 veg:
1188 2117 1304 2150 tiorem
1318 2115 1426 2153 efficit.
1440 2119 1490 2151 Sic
1500 2119 1701 2164 pigmentum
1716 2115 1755 2151 il-

368 2163 420 2198 lud
437 2165 524 2211 quod
535 2176 573 2198 ex
588 2162 685 2198 insula
700 2166 731 2199 S.
743 2164 907 2200 Domini-i
925 2162 1054 2198 zwffi‘ttrir·
1068 2194 1077 2207 ‚
1090 2170 1121 2201 ὃ(
1139 2163 1239 2212 vulg&
1255 2167 1285 2198 la
1298 2166 1465 2199 cochenille
1475 2165 1539 2199 dici
1555 2164 1647 2209 solet,
1664 2177 1754 2212 aquae

367 2214 533 2248 incodhim
543 2224 730 2259 purpureum
740 2212 883 2246 colorem
901 2211 972 2246 huic
990 2214 1150 2258 impertit,
1170 2213 1220 2248 seri
1238 2213 1330 2247 brevi
1350 2217 1381 2248 in
1394 2225 1498 2249 atrurn
1513 2214 1686 2260 degenerat
1696 2226 1752 2247 co-

366 2260 470 2295 lorem
484 2289 491 2301 ,
507 2259 562 2295 nifi
573 2261 707 2309 pulvere
723 2261 871 2295 aluminis
888 2259 1078 2305 aspergatur.
1090 2264 1206 2297 Eadem
1220 2264 1262 2297 est
1274 2265 1356 2298 ratio
1368 2265 1454 2297 cocci
1465 2261 1607 2310 baphici‚
1620 2261 1671 2296 seu
1682 2260 1752 2296 fru-

367 2310 436 2343 &us
450 2308 570 2344 arbusti
587 2309 683 2359 vulg'o
697 2311 827 2343 Kermes
841 2309 1001 2356 appellati.
1017 2314 1140 2346 Horum
1161 2312 1284 2345 colores
1309 2324 1371 2360 ope
1399 2312 1561 2346 seidonim
1574 2339 1584 2353 ,
1606 2322 1640 2344 ut
1658 2322 1750 2357 aquae

364 2356 458 2400 fortis
469 2371 539 2394 cum
553 2371 636 2409 aqua
645 2360 810 2396 communi
823 2359 981 2408 permista·
992 2364 1128 2399 extracti
1137 2362 1233 2410 longe
1243 2360 1314 2399 sunt
1333 2363 1534 2412 vegetiores:
1550 2359 1632 2396 unde
1644 2360 1677 2394 in
1695 2371 1751 2393 va-

1709 2406 1748 2444 fis
