1878 2724
404 141 464 182 548
953 131 977 168 P
997 130 1031 166 Η
1044 130 1076 167 Y
1089 130 1110 166 S
1121 131 1134 166 Ῐ
1152 129 1183 166 C
1197 132 1238 167 ,Ε

391 184 595 221 diss'oiventes
614 181 784 229 suggerunt
804 207 814 222 ,
833 189 908 227 quae
934 179 1012 215 dum
1023 181 1191 216 mixtionis
1210 177 1338 216 vincula
1350 178 1533 225 resolvunt,
1550 182 1716 220 materiam
1731 184 1782 234 ip:

391 234 456 270 sam
467 241 646 282 praeparant
656 257 665 271 ‚
688 228 883 265 &idoneam
901 225 1049 264 efficiunt
1059 256 1069 272 ,
1087 240 1157 276 quae
1171 227 1270 264 aliam
1284 228 1373 264 velut
1383 229 1524 266 formam
1534 232 1645 267 induat
1655 246 1664 268 ε
1676 232 1728 268 sed
1737 238 1782 283 ju.

392 286 439 327 egis
453 283 587 330 agitatio
598 284 631 314 δε
646 275 760 326 pteffio
770 278 954 313 coitionem
967 277 1141 313 humorum
1164 283 1198 315 &
1216 280 1248 314 in
1266 289 1381 313 omnes
1404 289 1510 327 partes
1523 279 1795 319 distributionem*

391 324 532 366 inultum
546 337 752 378 promovent.
768 327 853 362 Cum
863 329 956 361 enim
963 328 1105 374 corporis
1119 339 1225 375 partes
1235 330 1280 362 ita
1295 326 1354 363 (int
1371 330 1550 377 compacta:
1563 358 1573 372 ‚
1585 341 1621 363 ut
1636 331 1687 364 vix
1697 329 1779 367 ullus

392 392 494 413 vacuo
505 378 591 412 locus
603 376 812 423 relinquatur,
834 375 901 411 aliae
911 375 987 410 alias
999 378 1205 412 continenter
1217 389 1364 426 premunt
1377 391 1385 413 :
1397 379 1480 412 unde
1499 383 1533 415 &
1547 379 1700 420 cordis,&
1710 379 1781 415 dia.

391 428 588 476 phragmatis
598 431 650 470 ,δε
662 424 876 460 musculorum
891 436 961 460 tum
975 427 1115 473 pectoris
1130 454 1140 468 ‚
1152 438 1220 460 tum
1238 426 1408 460 ventriculi
1425 428 1623 474 agitario‚uti
1635 431 1781 464 &mem-

392 477 527 512 brorum
560 477 641 510 varii
661 472 763 509 flexus
785 474 936 510 humores
947 485 1002 509 aut
1019 473 1124 517 tubis,
1142 486 1196 509 aut
1207 475 1277 510 aliis
1295 475 1492 510 cavitatibus
1505 487 1677 512 contentos
1688 477 1780 513 inde-

392 525 530 561 finenter
539 535 656 572 urgent
669 552 679 566 ,
702 525 780 560 &in
789 521 922 558 recell'us
937 536 1051 558 omnes
1066 523 1120 558 vel
1138 524 1330 572 angustiores
1346 524 1481 572 pellunt.

394 602 397 605 .
420 577 499 611 Haec
509 573 624 622 preffio
636 578 669 609 &
683 574 766 620 jugis
777 571 923 621 impulsio
939 572 1090 607 naturalis
1106 574 1141 607 in
1155 574 1252 607 corde
1265 576 1409 609 maxime
1423 576 1502 610 &in
1514 575 1638 609 arteriis
1657 573 1781 624 conspi-

391 637 452 659 cua
464 624 507 658 est
519 652 528 666 ,
539 635 574 658 ut
587 622 641 657 suo
656 620 729 656 loco
739 622 880 657 dicemus
893 636 901 658 z
916 620 980 656 haec
994 621 1079 657 forte
1093 620 1228 657 cerebro
1239 621 1294 670 ipfi
1308 635 1374 657 uon
1387 623 1490 659 deest:
1500 635 1576 657 nam
1590 622 1646 658 ubi
1660 635 1718 672 per
1727 635 1782 659 ca-

394 673 534 708 rotidem
556 671 610 707 vel
629 670 822 707 cervicalem
845 672 994 705 arteriam
1014 669 1188 706 insufflitur
1204 700 1214 715 ,
1238 672 1340 706 statim
1357 670 1525 709 cerebrum
1548 671 1706 707 attollitur
1721 689 1731 715 ;
1748 682 1783 708 ut

391 723 604 771 deprimitur,
628 719 686 754 ubi
708 718 804 755 cessht
827 717 956 754 inflatio
974 734 983 756 ι
1014 720 1100 767 quod
1119 720 1205 755 forte
1231 720 1384 755 arteriolae
1409 732 1465 769 per
1481 720 1651 756 cerebrum
1666 719 1783 770 disper.

394 771 432 806 sae
450 800 460 815 ,
479 775 514 808 &
529 771 658 818 propria
677 771 786 804 tunica
808 780 914 805 exutae
939 768 1076 804 multum
1095 768 1264 813 inflentur,
1291 783 1363 805 cum
1396 781 1454 818 per
1478 781 1532 804 eas
1563 781 1617 804 aut
1636 769 1753 806 humor
1765 797 1777 814 ,

390 827 447 855 :uit
466 820 560 856 flatus
583 820 768 855 immittitur
779 834 789 862 ·,
799 829 836 852 ac
851 817 917 853 fors
927 818 970 853 est
983 829 1019 852 ut
1028 816 1192 853 cerebrum
1206 822 1411 855 continenter
1437 818 1604 855 attollatur
1620 823 1655 855 &
1676 819 1784 867 depti-

397 881 517 905 matur.

428 920 541 953 Motus
560 920 671 965 itaque
685 916 740 951 ille
753 915 902 951 naturalis
916 920 949 952 δι
964 916 1050 963 quasi
1069 916 1300 965 peristalticus‚
1322 918 1379 964 qui
1397 917 1527 964 proprie
1544 918 1701 953 intestinis
1725 919 1784 953 tri.

397 968 505 1002 buitur
516 995 527 1011 ‚
551 965 702 1002 omnibus
720 967 862 1013 corporis
880 963 1025 1013 partibus
1038 979 1109 1013 quae
1129 964 1285 1015 pressione
1302 965 1365 1014 ipsa
1382 966 1558 1000 vicinarum
1571 968 1711 1013 partium
1720 966 1784 1002 hu-

397 1028 503 1052 mores
512 1015 680 1050 alterando
691 1025 870 1062 praeparant
880 1041 890 1056 ‚
902 1025 1044 1060 coquunt
1054 1044 1064 1059 ‚
1086 1020 1119 1051 δε
1141 1013 1333 1049 distribuunt
1346 1042 1356 1057 ,
1372 1025 1506 1048 omnmo
1521 1017 1701 1050 communis
1718 1015 1783 1052 est:

397 1066 449 1100 hic
461 1075 571 1099 tamen
586 1066 619 1098 in
646 1062 837 1111 oesophago,
849 1062 1029 1097 ventriculo
1040 1093 1048 1107 ,
1068 1062 1266 1100 &intestinis
1285 1065 1386 1111 magis
1397 1062 1459 1096 fuit
1473 1060 1675 1099 observatus.
1702 1063 1788 1101 Cum

398 1117 486 1148 enim
501 1125 598 1160 equus
612 1115 717 1160 capite
727 1110 875 1159 depteffo
886 1122 938 1145 aut
948 1110 1151 1154 herbam‚aut
1161 1123 1278 1157 aquam
1290 1113 1322 1146 in
1332 1111 1544 1146 ventriculum
1567 1124 1624 1159 per
1639 1111 1786 1161 oesopha-

397 1176 473 1197 uum
484 1163 632 1196 immittit
642 1190 651 1204 ‚
666 1172 736 1196 tum
751 1159 842 1195 cibus
861 1173 928 1194 non
952 1160 1014 1194 alia
1028 1164 1154 1196 ratione
1168 1160 1309 1195 astendit
1320 1188 1330 1203 ,
1341 1159 1438 1208 quam
1447 1160 1535 1207 quod
1552 1160 1720 1196 circulares
1747 1160 1789 1197 fi-

396 1194 461 1247 ssrae
471 1209 638 1246 succeffiva
651 1210 875 1245 constriffione
891 1207 999 1243 cibum
1025 1222 1079 1244 aut
1098 1221 1208 1258 potum
1232 1210 1410 1244 antrorsum
1427 1208 1624 1256 propellant.
1653 1212 1706 1244 Sic
1728 1210 1788 1245 ali-

398 1271 508 1296 menta
522 1261 554 1294 in
565 1258 747 1294 ventriculo
757 1258 914 1293 conc06l:a
926 1256 1040 1294 sursum
1054 1271 1110 1307 per
1120 1259 1268 1307 pylorum
1278 1286 1288 1301 ‚
1304 1257 1356 1293 seu
1369 1258 1517 1293 dextrum
1528 1257 1612 1292 illius
1626 1257 1784 1295 orificium

398 1313 432 1344 in
444 1308 666 1357 ipsaintestina
675 1306 920 1355 propelluntur:
939 1309 1028 1354 quod
1051 1310 1164 1355 utique
1181 1306 1333 1342 fibrarum
1354 1309 1541 1341 continuata
1561 1307 1784 1344 contractione

395 1358 576 1407 perficitur.
590 1357 710 1392 Eadem
724 1357 906 1391 contractio
925 1357 956 1390 in
980 1357 1134 1392 intestinis
1146 1357 1229 1391 adeo
1246 1356 1290 1390 est
1304 1355 1473 1390 manifesta
1488 1367 1523 1390 ut
1545 1357 1579 1390 in
1600 1353 1789 1393 diffefflone
1820 1384 1823 1395 ,

400 1410 551 1443 vivorum
561 1406 748 1441 animalium
757 1404 858 1439 oculis
874 1403 943 1452 ipsis
953 1404 1133 1453 subjiciatur
1144 1434 1153 1449 ‚
1165 1417 1202 1440 ac
1212 1416 1318 1440 motus
1332 1404 1386 1439 ille
1394 1417 1461 1439 non
1477 1403 1634 1439 dissimilis
1646 1405 1692 1440 est
1701 1405 1784 1441 lum.

400 1455 527 1491 bricire
554 1457 763 1502 tationi,qua
777 1454 906 1488 alternis
917 1454 1136 1497 contrahitur,
1153 1459 1187 1491 ἃς
1202 1454 1396 1502 producitur.
1419 1454 1504 1488 Cum
1522 1455 1632 1500 imque
1656 1465 1786 1489 contra-

401 1505 518 1541 huntur
550 1504 615 1548 brae
624 1533 636 1549 ,
646 1514 836 1539 contentum
852 1502 1003 1537 intestino
1013 1503 1144 1552 chy'um
1155 1501 1296 1551 prorsum
1313 1502 1493 1550 impellunt.
1517 1503 1602 1550 Qae
1614 1504 1786 1538 viciniores

401 1554 470 1590 sunt
480 1553 701 1590 intestinorum
713 1552 860 1593 exordio,
872 1553 992 1598 priores
1002 1552 1242 1587 contrahuntur.
1252 1553 1339 1586 Tum
1348 1564 1418 1598 qua:
1426 1553 1572 1599 proxime
1584 1549 1788 1598 consequuta

402 1615 452 1638 tur
466 1632 476 1647 ,
494 1603 614 1638 eodem
623 1614 716 1637 motu
727 1600 901 1636 constristat
913 1600 1093 1636 conclusum
1103 1601 1273 1636 humorem
1285 1600 1440 1649 paulatim
1448 1599 1632 1649 propellunt
1643 1628 1654 1644 ‚
1669 1602 1719 1635 uti
1733 1598 1789 1636 sun
1825 1638 1828 1648 ¹

402 1653 476 1691 loco
490 1651 585 1687 fustus
600 1661 808 1699 exponemus.

439 1702 560 1747 Neque
576 1699 627 1735 hic
640 1699 867 1736 excutiendum
877 1710 958 1747 puto
972 1726 982 1740 ,
999 1710 1065 1746 quo
1084 1696 1170 1733 fibrae
1187 1698 1288 1733 modo
1314 1697 1563 1733 contrahantur:
1581 1698 1613 1732 id
1630 1699 1717 1733 enim
1737 1696 1790 1732 sui

403 1753 530 1799 periore
542 1752 646 1798 capite
655 1748 721 1784 fuit
733 1746 947 1795 explicatum:
958 1759 1032 1782 cum
1045 1747 1158 1782 eadem
1176 1746 1245 1782 fere
1256 1746 1292 1782 fit
1309 1748 1391 1780 tatio
1404 1759 1508 1781 motus
1522 1746 1673 1781 naturalis
1684 1749 1740 1794 qui
1752 1749 1787 1781 in

403 1799 518 1842 corde,
534 1800 657 1833 arteriis
671 1826 681 1840 ‚
697 1796 872 1845 oesophago
887 1826 896 1839 ,
910 1796 1113 1833 &intestinis
1127 1794 1375 1844 perficitur-‚qum
1386 1795 1619 1830 musculorum:
1633 1794 1686 1830 nisi
1697 1793 1788 1842 quod

404 1851 438 1882 in
460 1849 658 1882 membranis
671 1847 771 1883 autin
782 1845 871 1881 fibris
885 1845 1113 1880 intestinorum
1131 1845 1216 1881 deest
1225 1857 1300 1878 cato
1319 1842 1512 1878 musculosa:
1532 1855 1605 1877 cum
1624 1855 1729 1878 motus
1750 1842 1787 1877 fit

405 1896 560 1941 placidior
567 1890 588 1940 ,ν’
598 1900 632 1932 &
646 1892 768 1941 spiritus
781 1906 837 1941 per
851 1893 998 1940 copiosos
1022 1895 1054 1927 in
1079 1895 1115 1926 iis
1129 1891 1274 1940 partibus
1288 1891 1459 1934 nervulos,
1469 1902 1522 1925 aut
1535 1893 1593 1939 qui
1609 1891 1631 1926 ὸ,
1646 1890 1791 1926 cerebel-

406 1940 438 1979 lo
455 1943 675 1991 perferuntur,
698 1942 772 1976 huic
787 1943 889 1977 motui
904 1939 1077 1976 sufficiant-

401 2035 407 2037 -
444 1995 566 2039 Neque
592 1991 624 2025 id
642 1991 773 2025 ext-utin
785 2002 856 2036 equa
864 1992 993 2025 ratione
1005 1991 1087 2037 jugis
1107 1988 1159 2024 illa
1172 1990 1350 2024 commistio
1363 1993 1397 2024 δε
1414 1985 1530 2035 pteffio
1540 1986 1606 2023 fiat.
1623 1989 1686 2022 Seu
1701 1985 1790 2022 fibrae
1842 1999 1845 2002 ’

406 2042 625 2081 intestinorum
641 2052 670 2073 v.
711 2050 734 2074 r.
754 2051 793 2073 ex
808 2040 978 2073 innumeris
996 2038 1065 2072 aliis
1089 2039 1232 2072 constent
1254 2036 1380 2072 fibrillis
1402 2049 1464 2071 una
1481 2038 1637 2071 contortis
1661 2036 1730 2071 fere
1751 2047 1789 2071 ut

407 2084 565 2132 funiculus
577 2051 765 2123 manageim
781 2102 790 2123 :
805 2088 888 2122 adeo
915 2099 952 2122 ut
969 2085 1090 2121 subtilis
1105 2091 1140 2123 δε
1152 2086 1320 2135 spirituosae
1337 2085 1512 2120 substantiae
1525 2083 1658 2133 ingrell‘u
1684 2085 1729 2120 hae
1748 2083 1789 2119 fi-

406 2138 509 2175 brillae
522 2137 544 2174 ὲ,
561 2137 591 2173 se
605 2139 744 2172 invicem
761 2136 917 2172 distraetus:
928 2165 938 2179 ‚
958 2137 1056 2170 totius
1075 2134 1160 2170 fibrae
1171 2137 1426 2170 contractionem
1440 2131 1602 2169 efficiant:
1621 2147 1684 2170 no]
1698 2135 1788 2169 euim

409 2202 454 2225 ere
471 2186 627 2235 simplices
639 2184 710 2220 sunt
725 2184 812 2220 fibxae
828 2197 864 2220 ut
883 2184 972 2220 filum
993 2184 1129 2219 ferreum
1141 2213 1151 2227 ‚
1162 2183 1213 2219 sed
1229 2197 1266 2218 ex
1281 2184 1347 2218 aliis
1365 2195 1524 2217 contexta:
1536 2211 1545 2225 ,
1563 2188 1596 2219 ὃς
1621 2194 1785 2217 contortae.

408 2236 567 2274 Seuvfi‘nra
581 2235 740 2282 quaelibet
750 2244 824 2282 quae
838 2233 894 2269 sub
910 2233 1018 2269 oculos
1039 2234 1126 2268 cadit
1139 2261 1148 2275 ‚
1166 2246 1205 2268 ex
1222 2233 1290 2267 aliis
1302 2233 1432 2280 quidem
1453 2230 1578 2265 fibrillis
1600 2232 1642 2265 ita
1659 2231 1695 2264 sit
1707 2243 1787 2265 con-

408 2300 507 2330 texta,
522 2296 558 2321 ut
571 2296 617 2320 eae
634 2298 701 2319 non
711 2281 987 2331 contorqueautur
1000 2310 1008 2323 ‚
1024 2280 1074 2316 sed
1090 2281 1189 2330 spatia
1209 2294 1317 2316 timen
1339 2284 1422 2315 inter
1434 2280 1462 2314 se
1476 2292 1571 2314 vacui
1592 2279 1785 2325 relinquant:

411 2350 477 2370 tum
490 2338 577 2370 enirn
595 2331 738 2381 spatiolis
754 2331 817 2367 illis
828 2330 974 2367 conclusa
988 2333 1120 2365 materia
1134 2331 1240 2379 potest
1255 2328 1408 2364 rarescere
1422 2334 1454 2365 ἃ
1474 2341 1510 2362 ei
1532 2342 1559 2362 :u
1571 2340 1645 2376 gere
1665 2327 1760 2375 spatia
1775 2342 1786 2369 ς

408 2398 462 2421 au:
476 2396 562 2422 nova
574 2383 710 2420 subinde
723 2382 832 2432 potest
849 2381 1001 2417 accedere
1015 2380 1190 2416 substantia
1203 2392 1274 2428 quae
1296 2379 1440 2423 distentis
1458 2379 1564 2413 vacuis
1581 2376 1723 2424 spatiolis
1735 2388 1786 2411 to-
