1878 2724
651 45 671 65 S

77 171 181 208 flecti.
197 170 271 208 Nec
288 178 399 206 tamen
413 167 513 218 pisces
523 169 556 206 in
568 181 653 217 aqua
667 169 725 204 (uis
735 171 840 218 pinnis
855 181 889 205 ut
905 169 963 204 alis
975 179 1052 204 aves
1070 169 1105 205 in
1116 179 1192 204 aere
1209 138 1465 218 (ιιῷεηάυιπξιΐξ

78 232 155 258 nam
163 219 294 268 piscium
307 230 443 267 corpora
458 217 528 254 sunt
539 230 624 266 aqua
637 218 858 266 leviora.Qo
870 230 980 253 autern
992 219 1031 252 ad
1046 219 1148 253 imum
1155 231 1245 266 aquae
1255 219 1377 255 facilius
1389 222 1459 258 des.

76 270 215 304 tendere
232 275 364 303 valeant
378 296 387 311 ‚
406 279 444 302 ea
464 268 595 315 quidem
610 269 643 300 vi
657 266 799 303 anatura
814 269 925 302 donati
936 266 1024 310 sunt,
1037 279 1102 314 qua
1114 280 1229 316 corpus
1253 270 1457 323 contrahere,

77 316 199 354 molem
212 318 401 352 imminuere
411 345 420 360 ,
431 317 553 364 pondus
567 316 649 350 adeo
657 327 716 363 pro
733 317 855 351 ratione
868 315 961 350 molis
972 344 983 359 ,
995 327 1049 350 aut
1059 315 1234 352 voluminis
1247 344 1257 360 ‚
1275 329 1311 353 ut
1323 318 1459 365 loquun-

77 375 129 402 tur
139 378 279 415 ‚augere
295 364 501 413 poffunt,aut
514 366 669 407 minuere,
683 377 749 400 non
762 364 855 399 aliter
868 364 937 399 fere
958 376 994 398 ac
1010 362 1136 412 globuli
1153 367 1265 410 vitrei,
1282 378 1335 402 aut
1353 366 1459 417 figura:

76 417 110 450 in
126 413 207 450 tubo
216 425 298 462 aqua
311 413 411 462 pleno
431 412 582 462 pensiles,
605 414 645 447 ad
661 412 789 447 libitum
816 414 1035 461 deprimuntur
1047 441 1057 456 ,
1074 424 1132 448 aut
1154 412 1268 449 sursum
1298 415 1456 453 feruntur.

77 464 164 500 Cum
175 462 293 498 scilicet
306 463 407 509 digito
418 462 572 498 summam
589 474 678 508 aqua:
711 473 814 497 artem
828 463 1001 509 premimus
1014 490 1024 504 ‚
1037 462 1105 496 haec
1124 461 1296 511 globulum
1317 467 1456 503 vitreum

74 524 134 561 per
145 512 322 560 angustum,
331 511 384 546 sed
396 523 511 559 patens
524 511 672 546 foramen
698 509 788 554 ubit,
799 516 832 548 ὃ(
848 511 973 559 Pondus
989 509 1115 559 globuli
1128 523 1230 560 auget
1239 515 1304 560 :qui
1316 526 1388 549 cum
1397 528 1457 551 an-

74 572 109 597 te
122 559 199 597 esset
213 562 245 596 in
261 559 438 608 aequilibrio
449 573 522 596 cum
535 571 616 607 aqua
625 588 634 603 ‚
647 563 713 607 jam
730 559 766 595 fit
779 563 908 609 gravior
926 564 959 596 &
972 558 1115 594 deorsum
1131 562 1234 596 tendit
1245 575 1253 597 :
1264 574 1336 597 cum
1344 575 1454 601 autem

72 621 157 658 aqua.
169 609 216 644 est
230 608 250 645 ὲ
261 608 422 657 preffione
436 608 538 645 libera
551 637 561 652 ,
573 621 628 642 aer
635 607 771 656 globulo
788 611 896 643 vitreo
914 608 1076 644 conclusus
1092 611 1125 642 vi
1143 608 1193 644 sua
1206 609 1330 645 elastica
1341 611 1456 649 dilatat

73 657 125 702 se,
141 663 176 695 &
192 670 310 705 aquam
320 660 409 705 ejicit
420 687 430 701 ‚
447 658 522 693 hinc
534 657 637 692 levior
656 656 771 693 sursum
783 657 925 699 tollitur.
939 660 987 692 uti
1004 660 1035 693 in
1049 656 1179 706 Physica
1189 659 1332 706 generali
1345 660 1454 696 osten-

72 706 189 742 dimus.
203 709 293 743 Nam
310 719 541 754 corporaaquae
558 705 704 742 immersa
715 710 790 743 &in
805 705 987 754 aequilibrio
999 706 1099 755 posita
1123 709 1261 742 minimo
1283 722 1454 746 momento

71 754 136 791 hoc
148 757 304 790 amittunt
320 754 544 802 aequilibrium.
559 757 611 790 Sic
621 754 720 790 homo
735 755 860 790 facilius
872 767 962 791 natat
975 755 1099 803 supinus
1110 768 1228 802 ,quam
1242 768 1373 804 pronus,
1388 772 1455 795 non

71 802 117 838 ob
133 816 206 838 eam
227 805 454 839 tantummodo
467 806 625 840 rationem
643 817 739 851 quam
764 805 927 840 attulimus
940 818 948 840 :
961 803 1014 838 sed
1031 802 1076 838 ob
1091 817 1163 839 eam
1184 807 1326 840 maxime
1337 835 1346 850 ,
1366 809 1456 856 quod

70 864 191 899 pronus
205 854 238 887 in
251 864 399 888 ventrem
415 865 511 901 caput
522 864 612 888 extra
629 864 745 900 aquam
756 853 916 900 proferat,
927 853 1013 899 quod
1024 852 1078 888 suo
1091 854 1235 901 pondere
1246 853 1340 890 obest
1354 870 1361 891 :
1379 869 1454 893 nam

70 899 113 935 ab
133 900 248 948 aequali
259 912 349 947 aquae
363 901 449 936 mole
465 914 531 936 non
545 900 712 936 sustinetur
724 930 734 945 ,
745 913 781 936 ut
798 904 830 937 in
844 902 977 937 homine
987 900 1109 950 supino·
1131 904 1184 937 Sic
1197 905 1329 950 pingues
1347 904 1456 941 homi-

69 959 127 985 nes
140 949 266 985 facilius
283 960 416 993 natant,
434 963 534 998 quam
549 949 735 994 macilenti,
746 951 835 997 quod
845 950 943 998 adeps
954 955 988 987 &
1002 963 1076 984 caro
1088 950 1243 986 volumen
1261 951 1312 987 seu
1330 954 1454 991 molem

70 1009 110 1033 au
133 1009 209 1034 eant
225 1010 284 1045 pto
301 999 429 1034 ratione
441 1000 594 1047 ponderis
611 1011 619 1034 ε
638 998 708 1047 plus
716 1001 802 1035 enim
815 998 878 1034 offa
898 1004 933 1036 δε
946 998 1040 1046 pellis
1053 1001 1222 1048 gravitant
1237 1012 1335 1047 quam
1352 1004 1452 1052 adeps

69 1051 104 1084 &
139 1059 205 1083 aro.

105 1097 144 1130 In
158 1095 315 1144 plerisque
328 1094 465 1144 piscibus
475 1095 618 1132 veficulae
631 1095 736 1132 insunt
750 1109 823 1131 aere
834 1095 932 1144 plenae
944 1125 953 1140 ,
966 1109 1033 1144 quae
1053 1107 1089 1132 ut
1107 1098 1364 1145 comprimuntur
1374 1128 1384 1143 ,
1398 1112 1452 1137 aut

70 1143 243 1180 dilatantur
252 1172 261 1187 ‚
273 1143 370 1192 pisces
384 1157 456 1179 curn
466 1157 546 1192 aqua
567 1145 734 1182 librantur.
745 1146 934 1180 ‘testudines
945 1158 1017 1193 quae
1036 1147 1068 1180 in
1080 1158 1162 1193 aqua
1176 1152 1208 1181 δέ
1228 1157 1308 1181 terra
1321 1149 1450 1196 degunt,

70 1191 241 1239 pulmones
255 1191 379 1228 habent
393 1221 403 1235 ‚
417 1206 483 1228 non
497 1193 599 1229 solum
623 1193 835 1242 respirationis
855 1192 943 1227 causa
957 1223 966 1237 ‚
986 1193 1038 1229 sed
1065 1197 1164 1229 etiam
1177 1205 1214 1229 ut
1239 1197 1271 1230 in
1291 1198 1327 1230 iis
1341 1209 1451 1234 aerem

67 1239 243 1285 asservent,
253 1242 310 1289 qui
318 1240 529 1289 aequilibrium
543 1255 615 1278 cum
629 1254 713 1289 aqua
727 1254 861 1279 tueatur.
879 1243 980 1278 Unde
1003 1255 1075 1278 cum
1089 1254 1207 1291 aquam
1221 1242 1364 1290 subeunt,
1380 1248 1451 1296 ple·

68 1301 206 1337 rumque
220 1301 344 1339 partem
354 1293 435 1325 aeris
449 1294 595 1339 expirant
607 1321 616 1334 ‚
633 1293 688 1339 qui
700 1291 912 1339 ampullarum
923 1291 1026 1340 specie
1036 1304 1076 1327 ex
1090 1303 1174 1339 aqua
1183 1293 1353 1331 attollitur.

101 1339 188 1374 Cum
206 1340 316 1386 itaque
329 1338 426 1387 pisces
449 1341 483 1374 in
496 1340 607 1375 medio
627 1352 718 1388 aquae
734 1339 866 1389 suspensi
882 1340 1064 1384 dormiunt,
1079 1339 1250 1388 probabile
1266 1342 1313 1377 est
1327 1356 1382 1378 eos
1404 1345 1449 1378 ita

67 1398 182 1435 corpus
191 1390 406 1435 comprimere
416 1399 452 1422 ut
461 1388 600 1435 ejusdem
611 1387 646 1423 fit
656 1401 730 1424 cum
739 1401 823 1436 aqua
832 1389 1110 1437 ponderiswerum
1120 1390 1160 1424 ad
1170 1388 1310 1427 subitum
1319 1391 1449 1436 flexum,

66 1440 101 1472 &
113 1435 359 1472 undulationern
373 1439 516 1484 corporis
526 1438 669 1481 ‚caudae,
683 1443 716 1474 ὅ(
732 1440 901 1485 pinnarum
915 1449 1040 1473 motum
1055 1437 1237 1474 adhibent:
1254 1453 1327 1475 cum
1347 1445 1449 1476 citato

67 1492 159 1520 motu
178 1484 349 1520 ascendunt
358 1514 367 1528 ,
384 1496 440 1519 aut
457 1485 654 1521 descendunt
664 1515 673 1528 ,
684 1499 750 1522 non
761 1486 856 1520 aliter
866 1485 935 1520 fere
947 1498 983 1520 ac
993 1485 1154 1535 serpentes
1166 1492 1310 1535 corporis
1323 1489 1368 1524 sui
1384 1490 1447 1538 pli-

66 1534 111 1566 cis
128 1538 160 1570 &
171 1531 254 1570 flexu
268 1545 360 1568 terrae
375 1535 474 1568 innixi
483 1536 674 1569 concitatius
687 1545 874 1570 moventur.
893 1536 944 1568 Sic
959 1533 1057 1582 pisces
1070 1536 1169 1570 cauda
1190 1535 1308 1572 inflexa
1329 1550 1447 1586 aquam

66 1581 227 1629 repellunt
239 1612 248 1626 ‚
260 1584 476 1619 &incurvato
502 1595 656 1632 corpore,
674 1581 861 1630 juvantibus
881 1584 987 1631 pinnis
1004 1595 1060 1618 aut
1070 1582 1186 1621 sursum
1200 1585 1345 1622 feruntur
1363 1616 1373 1631 ,
1391 1600 1448 1624 aut

67 1629 212 1666 deorsum
229 1630 434 1666 descendunt.

102 1681 182 1713 Sunt
201 1679 332 1727 quidam
349 1679 447 1727 pisces
464 1680 520 1727 qui
534 1678 566 1712 in
584 1691 665 1726 aqua
680 1680 819 1730 degunt,
838 1692 897 1715 nec
916 1691 1031 1717 natant
1050 1693 1177 1726 tamen,
1193 1696 1228 1719 ut
1250 1684 1448 1732 hippopota.

66 1739 135 1762 mus
146 1756 156 1770 ,
172 1732 206 1763 &
220 1739 331 1762 cancer
342 1741 350 1762 ε
361 1727 636 1775 quemadmodum
648 1726 717 1764 sunt
731 1729 879 1777 quaedam
897 1742 972 1764 aves
984 1758 993 1772 ‚
1012 1742 1080 1777 quae
1095 1731 1203 1766 volare
1219 1745 1284 1767 nou
1301 1733 1425 1781 poiliint
1436 1763 1447 1778 ‚

65 1786 101 1810 ut
118 1777 264 1811 Struthio
276 1805 286 1820 ,
303 1782 334 1813 &
351 1779 418 1811 avis
436 1777 556 1819 Indica,
571 1789 604 1811 v.
622 1778 741 1822 casim,
756 1779 851 1812 dieta.
871 1780 1133 1826 Hippopotamus
1147 1782 1190 1814 ira
1201 1783 1306 1828 gravis
1320 1782 1365 1815 est
1375 1795 1446 1817 cor-

66 1835 146 1871 pore
165 1829 199 1862 ὅ(
212 1823 319 1859 brevis
331 1824 466 1873 pedibus
477 1853 488 1867 ‚
507 1836 542 1859 ut
556 1837 643 1871 aquae
657 1828 801 1862 innatare
816 1839 882 1862 non
903 1826 997 1875 poffit
1012 1841 1021 1862 ι
1040 1825 1078 1862 fic
1093 1839 1205 1864 cancer
1222 1831 1256 1864 in
1274 1832 1341 1864 imo
1358 1843 1447 1879 aquae

67 1885 194 1917 manet,
204 1886 274 1908 cum
285 1873 421 1922 pedibus
439 1875 543 1909 minus
556 1873 680 1909 idoneis
689 1875 729 1909 ad
743 1877 916 1911 natandum
926 1874 962 1910 fir
972 1877 1130 1924 praedituS.

103 1923 190 1956 Aves
206 1934 274 1967 quae
283 1925 316 1957 in
330 1935 413 1969 aqua
426 1927 541 1957 vivunt
552 1949 561 1964 ,
572 1921 694 1969 plumas
705 1924 828 1959 habent
840 1923 1032 1972 squamatim
1045 1923 1205 1972 dispositas
1219 1943 1227 1969 3
1241 1926 1287 1961 his
1299 1927 1447 1976 subjefihe

66 1968 136 2004 sunt
149 1969 311 2004 molliores
326 1970 482 2017 plumulae.
503 1973 539 2005 ln
555 1970 618 2006 illis
633 1970 720 2006 fibrae
739 1972 806 2008 sunt
819 1973 958 2007 duriores
971 1985 1027 2015 ,ac
1043 1985 1157 2021 pennae
1177 1975 1277 2009 hamis
1297 1976 1372 2020 suis,
1392 1987 1446 2012 aut

67 2020 154 2054 uncis
175 2016 237 2052 sese
251 2030 360 2052 mutuo
378 2018 551 2066 stringunt3
565 2020 598 2053 in
614 2018 761 2067 subJeffis
776 2021 923 2069 plumulis
935 2034 1002 2056 non
1020 2021 1091 2057 sunt
1104 2023 1257 2070 ejusmodi
1271 2023 1325 2060 fila
1344 2025 1445 2061 adun-

66 2078 118 2109 ca,
134 2064 185 2101 sed
200 2065 220 2102 ἐι
231 2065 260 2100 sc
272 2078 382 2101 mutuo
397 2065 521 2100 divulsae
533 2078 674 2103 manent.

107 2116 168 2149 His
182 2127 264 2162 pene
276 2115 486 2150 consentanea
508 2113 614 2149 scribit
627 2115 718 2151 Clar.
738 2116 898 2161 Borellus,
911 2129 948 2153 ac
959 2129 1109 2168 praeterea
1121 2120 1269 2166 quaedam
1282 2122 1371 2156 addit
1381 2121 1444 2157 ob-

66 2162 193 2199 servatu
204 2163 311 2212 digna.
321 2177 333 2198 1
346 2176 348 2182 ’
361 2165 435 2198 Hoc
446 2162 632 2198 discriminis
649 2163 710 2200 effe
720 2166 802 2200 inter
819 2165 960 2202 volatum
977 2172 1010 2204 &
1025 2179 1181 2211 natatum,
1195 2171 1280 2216 quod
1292 2168 1448 2218 suspensio

65 2214 134 2247 avis
149 2214 182 2246 in
191 2225 264 2246 aere
274 2211 330 2247 fiat
343 2213 466 2260 ingenti
481 2214 513 2246 vi
524 2211 736 2248 musculorum
751 2215 961 2262 pectoralium
971 2228 1028 2264 per
1039 2216 1225 2263 frequentes
1244 2217 1348 2255 saltus.
1373 2222 1442 2254 Na-

69 2260 210 2295 rantibus
225 2261 395 2308 nihilopus
411 2259 446 2295 fit
461 2273 498 2295 ea
509 2263 541 2295 vi
558 2260 787 2309 suspendente:
808 2276 883 2299 narn
905 2267 1009 2300 minus
1028 2264 1131 2312 specie
1144 2267 1323 2311 gravitant‚
1342 2266 1441 2313 quam

65 2320 149 2355 aqua
158 2308 295 2356 ejusdem
306 2309 410 2346 molis.
420 2311 508 2345 Hinc
519 2309 660 2344 demersa
672 2323 706 2345 ur
715 2310 886 2359 plurimum
900 2324 1079 2361 emergunt.
1105 2314 1219 2349 Homo
1232 2315 1364 2361 quidem
1378 2328 1442 2364 prae

65 2358 176 2406 capitis
184 2360 328 2409 pondere
337 2360 392 2392 vix
406 2360 560 2408 emergit,
574 2358 629 2396 nisi
644 2371 757 2409 corpus
775 2363 912 2411 erigatur
933 2361 1024 2400 velut
1040 2363 1175 2410 remigio
1185 2363 1301 2411 pedum
1320 2368 1353 2401 &
1370 2376 1439 2400 rna-

221 2408 309 2442 Tom.
334 2408 351 2441 1
361 2409 390 2443 I.
1193 2416 1222 2448 Z
1234 2425 1252 2447 z
1262 2425 1280 2448 z
