1878 2724
316 119 355 152 ,18
699 114 957 153 PHYSICAE
993 116 1329 153 GENERA'LIS

322 176 431 200 tamen
445 177 488 200 eoe
502 163 580 200 solvi
595 175 750 214 poterunt
764 195 774 208 ,
787 163 808 199 si
819 165 994 200 dixerimus
1011 168 1231 214 privationem
1249 165 1310 202 else
1331 166 1524 215 principium
1537 195 1545 210 ‚
1560 176 1717 216 quatenus

320 216 362 249 est
377 217 529 249 terminus
540 215 559 250 a
573 227 640 261 quo
653 243 662 257 ,
676 217 911 262 quinunquam
922 213 983 248 effe
991 215 1095 262 potest
1105 228 1178 251 cum
1194 218 1335 252 termino
1354 216 1394 250 ad
1408 228 1506 264 quem
1520 232 1528 253 z
1552 219 1665 264 itaque
1678 229 1719 251 ea.

319 266 513 312 principium
525 264 583 306 est,
595 276 670 298 cum
680 263 816 310 amplius
835 276 903 298 non
918 261 973 296 est.
989 265 1068 299 Non
1081 267 1167 298 enim
1182 265 1224 299 est
1233 267 1429 314 principium
1438 295 1448 309 ,
1463 264 1519 302 nifi
1528 265 1563 301 sit
1571 296 1581 312 ‚
1599 278 1635 302 ut
1644 265 1716 301 satis

319 313 457 347 barbare
475 313 564 358 loqui
581 311 684 347 solent
698 341 706 354 ‚
722 313 973 360 principiatum,
984 310 1037 347 seu
1054 312 1202 349 effictus.

349 365 462 410 Longe
473 362 606 408 quidem
621 361 744 396 facilius
757 374 794 397 ex
810 363 848 396 iis
862 361 985 410 laqueis
997 360 1059 397 sese
1076 363 1256 411 expediunt
1269 394 1277 407 ,
1292 366 1576 414 quiprivationem
1597 369 1719 416 princi-

315 415 405 460 pium
418 409 478 445 else
491 410 607 446 volunt
617 413 850 460 generationis,
865 423 902 446 ut
918 411 938 447 ἐι
950 411 1046 446 nobis
1056 411 1259 460 cognoscitur
1273 427 1280 447 ε
1297 428 1362 448 non
1373 415 1460 461 quod
1478 428 1591 450 revera
1601 428 1717 451 munus

316 461 418 494 ullum
429 462 739 509 principiiexerceat
755 475 763 497 :
779 461 945 496 cumnihil
967 460 1003 495 sit
1024 460 1111 496 aliud
1127 474 1225 509 quam
1247 465 1378 497 materia
1394 492 1403 506 ,
1415 473 1451 496 ut
1472 463 1579 498 forma
1607 466 1717 513 aliqua

314 510 512 545 destituitur.
554 513 641 546 Nam
654 513 789 545 materia
800 513 903 559 prima
922 511 1040 546 dicitur
1049 539 1058 554 ,
1071 522 1228 558 quatenus
1246 513 1290 546 est
1301 511 1477 561 subjectum
1490 514 1629 560 primum
1642 528 1718 550 om-

312 561 401 594 nium
421 561 642 596 mutationum
659 572 726 607 quse
744 559 815 596 sunt
825 559 1135 609 substantiales-jam
1147 572 1182 595 ut
1196 562 1229 596 in
1241 566 1390 609 potentia
1404 561 1447 595 est
1457 561 1497 595 ad
1514 574 1635 597 novam
1646 563 1717 599 for-

313 608 469 652 inam,seu
479 610 518 643 ad
535 623 657 644 novum
670 611 721 656 eff.
732 638 742 653 ‚
760 615 792 648 δε
806 612 853 645 ita
864 609 1003 658 spectata
1021 624 1086 645 non
1103 609 1204 644 habet
1218 609 1298 645 illud
1318 612 1368 657 ffe
1382 640 1391 654 ‚
1405 623 1446 645 eo
1463 612 1589 658 privata
1604 614 1718 648 conci..

312 660 397 706 pitur
411 673 418 694 :
434 659 516 693 adeo
526 670 561 694 ut
571 659 685 695 diversi
696 661 926 695 tantummodo
941 658 999 694 {int
1009 659 1170 708 respectus
1185 672 1329 696 mareriae
1343 666 1377 697 ὃς
1391 661 1596 709 privationi'S‚
1608 661 1718 696 diver..

312 707 348 742 sae
361 708 443 742 adeo
456 710 610 752 tationes,
628 722 695 745 non
706 721 755 743 res
765 710 927 745 distinctae.
951 710 985 744 ld
998 712 1086 744 enim
1102 722 1162 745 nos
1175 708 1279 754 fallit,
1292 711 1380 758 quod
1393 710 1560 744 abstractis
1580 710 1717 745 vocibus

311 767 441 792 utamur
453 774 462 802 3
474 770 534 793 nec
548 770 614 794 rain
628 761 769 808 privatio
779 761 975 809 principium
987 759 1040 804 est,
1056 771 1156 808 quam
1169 765 1306 795 materia
1316 771 1352 795 ut
1369 762 1496 809 privata
1512 759 1555 793 est
1575 758 1632 793 tali
1648 759 1718 794 for-

311 820 376 843 ma.

343 857 407 891 Sed
424 861 540 906 urge‘nt
554 861 751 894 recentiores
763 857 930 895 nonnulli:
949 872 1015 895 non
1032 873 1188 909 magnum
1199 891 1208 903 ‚
1225 861 1396 907 inquiunt,
1411 859 1526 895 afferre
1548 857 1653 906 potest
1673 858 1716 893 ad

310 918 361 940 res
384 906 621 955 cognoscendas
633 920 840 953 momentum
856 911 1046 956 privationis
1061 913 1220 959 cognitio.
1246 911 1329 954 Qis
1348 912 1437 944 enim
1452 912 1581 957 ignorat
1604 910 1716 955 ignem

310 953 380 989 fieri
398 969 435 991 ex
447 970 514 992 non
525 959 620 1006 igne?
636 971 676 993 an
693 957 713 992 si
733 960 806 1006 quis
820 970 925 994 artem
939 960 1095 1007 pingendi
1107 959 1246 1004 ediscat,
1262 971 1337 995 ante
1351 961 1463 994 omnia
1484 958 1651 992 docendus
1671 958 1714 993 est

308 1005 411 1052 Regis
435 1008 612 1053 imaginem
625 1021 691 1043 non
707 1008 767 1042 effe
783 1009 817 1042 in
832 1008 954 1042 tabella
967 1038 976 1050 ‚
993 1002 1045 1042 fed
1058 1008 1143 1044 illius
1162 1011 1404 1058 privationem?

356 1055 542 1103 Responfhm
556 1061 622 1105 jam
648 1056 710 1092 fuit
729 1057 871 1092 formam
882 1057 1032 1105 cognosci
1040 1071 1105 1093 non
1121 1059 1208 1108 posse
1233 1058 1289 1094 nisi
1309 1060 1438 1106 cognita
1451 1057 1606 1098 materia3
1624 1056 1714 1092 ‘hanc

306 1115 387 1138 vero
402 1106 586 1140 exuendam
605 1104 666 1141 else
684 1107 957 1150 omniforma‚ut
974 1111 1035 1141 rite
1046 1108 1257 1156 cognoscatur
1274 1122 1282 1144 :
1300 1107 1390 1154 quod
1402 1104 1556 1152 exemplo
1576 1105 1712 1140 horolo-

304 1154 582 1202 giiexposuimus.
602 1156 667 1189 Sed
677 1156 777 1190 dehis
789 1154 878 1203 plura
895 1158 1032 1191 diximus
1045 1158 1078 1191 in
1091 1156 1339 1206 Metaphysica,
1358 1168 1434 1190 cum
1454 1155 1494 1189 de
1513 1157 1649 1189 materia
1672 1159 1709 1191 δε

306 1201 413 1236 forma
429 1202 567 1238 seorsum
577 1206 712 1252 egimus.
726 1206 862 1239 Interim
871 1205 951 1240 illud
961 1207 1172 1241 admonemus
1189 1219 1256 1240 ram
1275 1207 1496 1254 privationem
1511 1203 1572 1237 effe
1583 1209 1617 1240 &
1630 1217 1712 1238 con-

305 1253 369 1298 cipi
385 1254 559 1287 terminum
570 1252 665 1300 aquo
681 1254 901 1302 generationis
916 1283 924 1297 ‚
939 1266 1037 1302 quam
1050 1255 1096 1289 est
1116 1257 1271 1292 terminus
1288 1254 1329 1290 ad
1345 1266 1445 1302 quem
1469 1254 1683 1302 corruptionis
1697 1268 1711 1296 ᾗ

306 1299 482 1350 utrobique
499 1304 588 1337 enim
600 1302 697 1338 instar
709 1302 821 1340 formae
832 1303 999 1352 cujusdam
1019 1306 1212 1353 concipitur.

825 1403 858 1438 C
885 1405 915 1439 A
939 1405 964 1439 P
987 1404 1023 1441 U
1046 1405 1077 1440 T
1138 1406 1187 1439 ΙΙ.

727 1503 783 1536 De
799 1501 1030 1547 naturafbrmae
1045 1501 1276 1549 fitbstantialis.

300 1601 428 1686 His
440 1603 551 1650 itaque
564 1603 722 1651 expeditis
738 1613 810 1650 quae
827 1604 859 1637 in
870 1600 985 1636 scholis
994 1601 1109 1649 agitari
1125 1600 1242 1643 solent,
1258 1611 1399 1648 quaeque
1411 1610 1449 1633 ex
1461 1600 1628 1649 principiis
1640 1603 1708 1649 jam

299 1672 301 1674 -
401 1662 477 1686 ante
486 1651 654 1700 explicatis
664 1651 760 1687 facile
778 1650 1004 1697 intelliguntur
1016 1679 1026 1693 ‚
1039 1650 1080 1684 ad
1096 1655 1218 1697 majora
1232 1653 1401 1684 veniamus
1410 1678 1420 1692 ,
1441 1650 1473 1683 in
1490 1647 1607 1696 quibus
1618 1650 1707 1697 Phy-

305 1700 380 1736 fices
397 1697 558 1750 generalis
572 1713 656 1748 pene
673 1700 795 1734 summa
806 1698 950 1734 consistit
961 1727 970 1740 ‚
987 1710 1024 1731 ac
1040 1699 1225 1745 diligentius
1239 1701 1272 1732 in
1286 1709 1434 1732 naturam
1448 1697 1628 1730 formarum
1641 1700 1706 1743 pri-

300 1763 391 1785 mum
401 1778 410 1792 ‚
425 1761 493 1783 tum
511 1751 544 1783 in
562 1761 670 1783 earum
681 1751 844 1796 originem
860 1748 1067 1794 inquiramuS.
1079 1747 1188 1782 Video
1202 1748 1289 1780 enim
1305 1759 1371 1780 non
1386 1746 1619 1792 Peripateticos
1630 1757 1707 1779 mo-

300 1799 343 1832 do
364 1812 436 1833 cum
454 1797 523 1832 aliis
546 1797 753 1846 Philosophis
768 1827 778 1841 ‚
794 1796 847 1831 sed
866 1798 964 1831 etiam
977 1798 1063 1831 inter
1079 1795 1110 1830 se
1128 1796 1168 1829 de
1182 1807 1295 1830 natura
1313 1800 1347 1831 ὃς
1368 1795 1495 1842 origine
1524 1792 1706 1828 formarum

301 1848 582 1882 acriterdimicare
595 1861 601 1882 ε
616 1859 723 1882 utrum
736 1846 799 1881 illae
814 1846 928 1881 formae
947 1844 1006 1880 sint
1017 1848 1105 1880 entia
1115 1845 1264 1892 quaedam
1280 1842 1428 1877 absoluta
1445 1872 1455 1886 ,
1470 1855 1539 1889 quae
1554 1842 1596 1876 de
1613 1855 1705 1877 novo

299 1908 528 1944 procreentur:
549 1896 587 1931 fic
604 1900 693 1933 enim
707 1896 821 1946 vulgus
843 1893 1115 1943 Philosophorum
1138 1893 1243 1931 sentit.
1270 1895 1320 1929 An
1349 1893 1457 1940 potius
1477 1891 1557 1926 nihil
1573 1889 1632 1926 sint
1646 1891 1703 1926 nifi

300 1946 486 1994 complexio
503 1946 698 1993 qualitatum
717 1951 750 1983 &
766 1947 1003 1994 proprietatum
1016 1974 1023 1988 ,
1050 1955 1209 1990 quatenus
1231 1944 1318 1978 idem
1337 1941 1397 1977 else
1414 1940 1581 1984 tribuunt,
1603 1945 1638 1976 δε
1660 1940 1702 1975 ad

301 2006 402 2029 cerras
414 1998 621 2043 operationes
639 1995 889 2044 conspirant:ut
903 1994 1006 2029 visum
1028 1993 1074 2027 est
1098 1992 1288 2028 Alexandro
1309 1989 1518 2040 Aphrodisaeo
1536 1988 1703 2025 vetustiffi-

301 2057 358 2078 mo
379 2045 564 2079 Aristotelis
587 2047 778 2095 interpreti,
797 2055 894 2092 atque
907 2043 965 2093 ipsi
986 2043 1072 2079 forte
1103 2042 1290 2085 Aristoteli,
1309 2053 1344 2076 ut
1367 2039 1477 2077 multis
1503 2041 1703 2088 argumentis

300 2093 419 2177 probat
436 2097 470 2130 P.
484 2096 678 2129 Honoratus
696 2093 791 2130 Fabri
803 2108 811 2130 ι
823 2107 883 2130 nos
893 2095 947 2130 hic
957 2122 968 2139 ,
987 2105 1024 2129 ut
1033 2092 1101 2128 fere
1111 2091 1246 2140 ubique,
1257 2091 1460 2128 distinctione
1472 2089 1631 2126 utendum
1647 2100 1701 2122 ar-

327 2145 469 2180 itramur.
496 2146 544 2179 Sit
559 2145 669 2191 itaque

842 2195 957 2227 Prima
981 2191 1155 2238 Conclusio.

393 2290 574 2327 Redibilius
588 2292 631 2327 est
653 2291 775 2327 forinas
794 2289 1014 2327 substantiales
1039 2293 1071 2326 in
1085 2288 1273 2327 viventibus
1296 2284 1357 2322 effe
1374 2287 1525 2321 entitates
1542 2282 1696 2332 quasdam

351 2358 383 2376 ,Α
394 2340 554 2375 absolutas
566 2372 575 2385 ,
589 2355 653 2376 non
667 2341 861 2391 respec'kivas
877 2341 1043 2377 duntaxat.
1586 2383 1591 2388 ,
1672 2382 1677 2387 ,

341 2392 419 2425 Haec
432 2390 592 2426 conclusio
609 2404 684 2429 cum
693 2392 733 2427 de
744 2393 928 2429 viventium
943 2390 1058 2426 formis
1076 2399 1209 2437 agemus
1220 2415 1228 2430 ‚
1251 2384 1395 2435 pluribus
1412 2393 1609 2433 argumentis
1633 2392 1695 2416 erit
