1878 2724
422 149 492 182 420
721 132 990 170 PHYSICAE
1023 132 1163 169 PARS
1197 129 1491 170 SECUNDA*
1850 169 1851 173 ,

423 197 488 232 que
507 182 698 218 debiliorem
718 181 797 223 eise,
827 180 893 228 quo
914 179 1039 229 longius
1093 181 1272 230 regreditur
1298 195 1307 217 ε
1334 193 1407 216 cum
1434 191 1489 215 aer
1507 190 1563 215 aut
1587 180 1794 218 circumfusus
1815 182 1829 193 “’
1850 188 1851 195 ’

422 233 518 268 aetlier
529 230 664 266 effluviis
673 231 861 277 magneticis
877 228 999 276 semper
1013 229 1057 263 ob
1072 231 1148 266 istat.
1484 233 1487 236 “
1645 231 1648 234 ’
1740 233 1745 237 ”
1788 247 1792 252 ·

465 293 494 324 5.
506 281 591 313 Hinc
607 280 709 325 liquet
724 277 936 325 qu‘amtenuis
947 275 982 312 sit
993 277 1047 312 illa
1060 277 1227 313 substantia
1239 305 1249 320 ,
1271 275 1346 311 crim
1358 277 1484 313 etheris
1496 280 1663 326 interjecta
1673 277 1792 326 spatio-

420 328 450 362 la
463 327 571 362 subeat
584 341 591 362 :
604 326 655 360 sed
675 332 742 376 ejus
757 326 924 373 particulas
934 329 1070 373 majores
1091 325 1150 361 effe
1167 323 1272 360 subtili
1284 325 1339 360 illa
1362 329 1492 360 materia
1516 339 1585 374 quae
1597 324 1790 375 grairitatem

420 375 605 417 efficit,Vir
617 374 739 411 Clariss]
750 375 821 409 hinc
837 376 980 424 conjicit,
993 373 1080 421 quod
1091 386 1225 422 corpora
1243 376 1276 408 in
1292 373 1357 421 ipio
1375 377 1530 419 magnetis
1551 378 1673 410 vortice
1690 374 1790 423 pofit'a

418 422 499 460 nihil
511 424 551 458 de
570 423 624 458 suo
642 424 783 471 pondere
795 425 964 458 amittant:
981 435 1085 470 neque
1096 423 1127 457 id
1141 424 1258 458 mitum
1275 422 1377 457 videri
1387 419 1486 458 debet
1501 451 1511 467 ‚
1537 435 1610 458 cum
1629 423 1790 472 magnitu-

421 472 464 506 do
476 474 509 505 in
522 471 681 507 infinitum
696 484 795 520 prope
819 473 917 506 minui
931 469 1035 518 possit.
1527 475 1529 478 “
1740 475 1742 477 ’
1786 486 1790 493 ·

461 525 492 556 6.
505 520 590 554 Cum
602 522 634 554 in
647 522 740 554 variis
752 530 839 554 terrae
850 519 1038 567 regionibus
1050 531 1121 553 acus
1133 521 1260 554 nautica
1271 523 1358 554 varie
1372 521 1541 556 inclinetur
1555 520 1697 563 „eodem
1717 533 1790 557 mo-

419 568 462 603 do
472 567 643 603 substantia
652 570 834 617 magnetica
844 579 891 603 ter
897 580 964 602 ram
975 568 1121 615 pervadit
1131 579 1167 600 ac
1176 579 1359 616 magnetem
1371 568 1470 616 ipsum
1484 570 1578 605 :hinc
1589 569 1671 603 adeo
1686 568 1790 616 liquet

420 618 712 665 tertamingentem
730 614 788 651 effe
801 627 986 663 magnetem
1002 644 1012 659 ,
1033 616 1108 650 licet
1121 615 1275 654 debilem.
1300 619 1405 663 Atque
1423 629 1459 652 ut
1475 618 1507 651 id
1525 615 1689 652 effluvium
1705 617 1791 652 circa

417 677 551 713 parvum
561 675 745 713 magnetem
759 667 986 712 torquetur-‚ita
998 663 1118 712 prorsus
1128 666 1209 698 circa
1218 667 1514 714 tertam,ingentem
1525 665 1614 713 hujus
1627 664 1794 711 substantie

417 713 516 748 efficit
528 716 692 748 vorticem.
704 713 806 762 Qd
815 715 927 759 utique
942 726 1008 748 non
1018 714 1100 747 adeo
1110 714 1224 747 mirum
1235 712 1394 748 videbitur
1405 742 1414 756 ,
1430 712 1451 748 fi
1461 715 1662 748 attendamus
1676 725 1792 760 corpo-

418 774 486 797 rum
499 763 692 796 terrestrium
703 773 865 797 texturam
880 773 982 796 raram
991 761 1165 795 admodum
1179 760 1238 794 effe
1252 766 1286 797 &
1297 760 1414 796 laxam.
1439 764 1545 808 Atque
1560 762 1591 796 id
1607 761 1704 810 longe
1714 773 1792 810 pro-

418 809 557 845 babilius
568 810 731 845 videbitur
739 838 749 853 ,
767 809 866 857 quam
876 808 1010 843 Cartesii
1018 807 1201 857 hypothesis
1210 837 1219 851 ,
1229 811 1263 844 in
1270 821 1334 857 qua
1343 809 1646 858 ponitsubstanriam
1657 823 1708 845 ma
1732 821 1790 845 ne-
1836 803 1841 811 “

418 861 514 893 ticam
523 871 580 906 per
596 860 744 895 arctos&
756 858 846 894 instar
864 857 1063 893 cochleatum
1078 859 1213 892 intortos
1230 859 1512 908 nicatusgytando
1523 858 1640 893 telluris
1653 823 1789 906 glogum

422 918 601 954 penetrare.

453 968 473 997 7
484 981 492 990 .
511 958 589 991 Non
603 953 756 990 diffiniilis
774 955 816 989 est
834 954 910 989 ferri
927 961 960 992 ὃς
971 957 1127 1003 magnetis
1147 965 1314 990 contextus
1327 983 1337 998 ,
1351 954 1406 990 nifi
1423 955 1511 1001 quod
1528 954 1609 990 nihil
1621 952 1742 990 neceffe
1754 953 1791 990 fit

418 1005 451 1037 in
460 1003 544 1038 ferro
561 1002 728 1050 particulas
746 1003 842 1037 instar
854 1003 994 1050 pilorum
1007 1016 1062 1038 aut
1075 1005 1196 1039 erectas
1217 1014 1273 1037 aur
1294 1001 1449 1051 depteisas
1468 1002 1663 1038 comminisci
1679 1017 1688 1039 ι
1714 1014 1790 1038 nam

418 1050 492 1086 satis
512 1052 544 1085 id
556 1052 653 1087 fuerit
666 1079 676 1094 ‚
699 1049 721 1085 si
732 1063 775 1085 eae
784 1049 843 1085 sint
858 1050 1030 1099 ejusmodi,
1047 1063 1082 1086 ut
1105 1064 1177 1086 eum
1189 1051 1282 1086 facile
1297 1050 1387 1086 litum
1399 1057 1432 1088 &
1445 1051 1595 1086 ordinem
1611 1053 1790 1099 acquirant,

417 1112 485 1146 quo
495 1102 635 1134 materiae
646 1101 830 1147 magneticae
843 1098 1002 1135 transitum
1017 1099 1179 1147 praebeant
1193 1128 1203 1142 ‚
1220 1098 1278 1133 ubi
1294 1111 1333 1134 ea
1345 1099 1516 1134 confertim
1528 1101 1616 1135 irruit
1626 1127 1636 1142 ,
1660 1110 1697 1134 ut
1707 1101 1790 1134 circa

417 1159 604 1196 magnetem
616 1147 714 1182 solet:
731 1158 830 1194 atque
839 1148 975 1183 eandem
987 1150 1073 1183 viam
1088 1147 1145 1182 sibi
1160 1149 1266 1183 munit
1289 1159 1346 1195 per
1368 1147 1442 1182 ferri
1467 1159 1588 1188 meatus
1612 1149 1791 1196 magnetica

416 1194 610 1238 substantia,
628 1194 681 1231 nisi
695 1195 822 1231 alterius
839 1198 1000 1243 magnetis
1015 1196 1134 1232 acceisu
1152 1195 1227 1231 ferri
1248 1195 1409 1244 particulae
1430 1197 1463 1231 in
1482 1199 1674 1231 contrarium
1695 1194 1790 1232 situm

417 1243 633 1291 disponantur.
1742 1249 1745 1251 ’
1768 1244 1771 1249 ’

464 1293 528 1327 His
540 1292 699 1340 ptaemisi'is
717 1295 824 1329 omnia
836 1305 921 1342 pene
938 1295 1097 1342 magnetis
1115 1292 1328 1341 phaenomena
1343 1293 1514 1328 commode
1541 1290 1690 1341 explicari
1714 1290 1791 1340 pos·

417 1339 488 1375 sunt
499 1370 509 1384 ‚
525 1346 559 1377 &
574 1340 657 1375 illius
667 1343 822 1389 imprimis
835 1343 972 1377 direffio
986 1342 1044 1376 ubi
1056 1354 1129 1376 cum
1143 1353 1225 1376 terra
1238 1370 1248 1383 ,
1261 1353 1316 1376 aur
1325 1353 1397 1376 cum
1409 1342 1474 1377 alio
1487 1352 1637 1389 magnete
1657 1338 1790 1389 compa.

417 1399 514 1424 ratur·
526 1390 611 1424 Cum
623 1391 719 1437 igitur
732 1390 888 1424 circularis
899 1392 1030 1425 vorticis
1050 1400 1153 1425 motus
1165 1388 1200 1423 fit
1210 1388 1434 1436 pernicissimus
1449 1418 1459 1432 ‚
1475 1389 1531 1424 ubi
1540 1389 1638 1424 alium
1657 1401 1706 1422 ma
1731 1401 1790 1424 ne-

419 1447 486 1472 tem
495 1449 549 1472 aut
565 1438 684 1473 ferrum
698 1441 730 1473 vi
742 1441 921 1486 magnetica
934 1437 1092 1473 imbutum
1103 1437 1260 1481 offendit,
1287 1440 1388 1473 tenuis
1406 1438 1461 1472 ille
1478 1436 1610 1472 effluxus
1627 1448 1684 1485 pet
1704 1439 1714 1470 i
1729 1438 1789 1473 lius

415 1497 511 1531 poros
526 1485 651 1521 tranfire
667 1486 819 1528 molitur,
847 1486 936 1534 quod
955 1489 986 1521 in
1004 1489 1039 1520 iis
1053 1485 1183 1521 liberius
1206 1497 1393 1530 moveatur,
1419 1486 1516 1533 quam
1537 1488 1619 1520 intra
1637 1487 1718 1519 aeris
1733 1496 1790 1520 aut

414 1533 539 1568 :etheris
549 1535 718 1570 inter‘edim
733 1534 875 1583 spatiola.
887 1535 992 1581 -Qiod
1004 1533 1024 1569 fi
1038 1537 1194 1582 magnetis
1208 1538 1266 1582 qui
1283 1537 1363 1569 intra
1388 1537 1544 1569 vorticem
1566 1535 1702 1568 occurrit
1718 1535 1790 1582 pori

415 1584 460 1616 ita
472 1582 607 1630 oblique
621 1548 679 1618 (int
688 1583 870 1627 constituti,
882 1595 918 1618 ut
929 1583 1112 1618 circularem
1126 1585 1257 1619 vorticis
1268 1594 1392 1617 motum
1404 1582 1588 1625 inhibeant,
1607 1587 1640 1618 &
1657 1581 1722 1616 alio
1737 1584 1790 1617 in·
1838 1603 1841 1606 >

414 1629 547 1665 fleaant
560 1660 568 1672 ,
584 1643 651 1666 tum
665 1644 703 1665 ea
713 1634 845 1666 materia
855 1632 937 1666 hunc
945 1631 1074 1665 obicem
1083 1659 1093 1674 ,
1110 1630 1267 1678 quantum
1279 1632 1381 1678 potest
1390 1631 1538 1665 amolitur
1550 1659 1559 1673 ‚
1570 1641 1605 1665 ut
1615 1629 1713 1676 quam
1724 1628 1789 1665 mi'-

414 1677 541 1713 nimrim
554 1679 596 1713 ab
611 1681 756 1714 instituto
767 1682 882 1714 itinere
900 1679 1062 1715 defleaat.
1083 1682 1170 1715 Hinc
1183 1680 1264 1714 adeo
1286 1678 1307 1713 fi
1330 1691 1460 1727 magnes
1476 1678 1530 1713 ille
1550 1679 1588 1712 ad
1605 1689 1727 1713 motum
1751 1677 1788 1714 fit
1816 1683 1826 1686 “

415 1724 585 1762 succinc'tus
604 1757 614 1771 ‚
634 1727 673 1763 sic
690 1741 763 1764 eum
777 1727 942 1762 effluvium
953 1730 1169 1776 magneticum
1183 1727 1337 1769 inflectit,
1357 1739 1392 1762 ut
1409 1738 1533 1761 meatus
1548 1725 1667 1761 habeat
1683 1726 1789 1774 paral.-

415 1774 593 1823 lelosipfius
611 1775 730 1811 effluvii
742 1778 873 1811 vortici:
898 1776 999 1824 Qod
1018 1777 1126 1821 utique
1139 1787 1178 1809 ex
1193 1774 1290 1822 figura
1306 1774 1362 1809 fiet
1378 1778 1530 1821 apertius.

450 1825 615 1870 Sititaque
629 1836 761 1872 magnes
776 1824 883 1859 firmus
899 1825 923 1857 B
943 1851 954 1865 ‚
973 1823 1052 1857 alius
1071 1823 1106 1858 sit
1126 1835 1257 1870 magnes
1275 1824 1302 1856 A
1316 1851 1325 1864 ‚
1343 1821 1428 1868 isque
1441 1822 1478 1856 sic
1490 1834 1633 1869 aptetur,
1662 1833 1698 1856 ut
1719 1826 1785 1869 ejus

414 1873 484 1917 pori
500 1869 557 1905 sint
571 1884 653 1918 pene
662 1872 804 1919 paralleli
817 1874 902 1919 poris
916 1873 940 1905 B
965 1884 974 1905 ε
999 1882 1064 1905 tum
1078 1873 1163 1905 enim
1181 1871 1349 1905 directioni
1363 1870 1471 1904 morsis
1487 1872 1615 1903 vorticis
1641 1871 1665 1903 B
1693 1881 1787 1905 erunt

414 1919 649 1953 accommodati
663 1933 669 1954 :
684 1919 722 1953 sic
736 1931 844 1954 tamen
854 1930 889 1953 ut
900 1930 1063 1952 meatuum
1078 1917 1238 1966 particulae
1254 1921 1285 1952 in
1304 1929 1408 1965 partes
1429 1916 1588 1966 oppositas
1604 1918 1644 1952 de
1669 1920 1790 1963 riman.

409 1977 467 1999 -tur
480 1995 488 2008 ‚
509 1979 641 2013 tumque
654 1967 719 2001 duo
730 1966 889 2014 utriusque
907 1968 1063 2014 magnetis
1082 1969 1219 2000 vortices
1237 1969 1268 2001 in
1286 1979 1384 2001 unum
1401 1977 1484 2014 pene
1501 1931 1741 2014 conspiragunt.

450 2015 497 2048 At
517 2013 537 2048 fi
555 2027 684 2062 magnes
700 2018 723 2050 E
733 2015 861 2050 Falium
875 2044 885 2058 ,
908 2020 941 2050 &
956 2017 1056 2062 magis
1071 2013 1239 2061 obliquum
1257 2012 1346 2048 (itum
1361 2014 1508 2049 obtineat
1525 2042 1534 2056 ,
1559 2024 1612 2048 aut
1626 2017 1692 2061 ejus
1707 2016 1788 2062 qui.

415 2063 489 2097 dem
501 2065 571 2110 pori
585 2065 617 2097 in
628 2063 753 2097 easdem
763 2075 846 2112 pene
862 2074 967 2111 partes
981 2074 1262 2104 converranrur‚ac
1273 2066 1345 2110 pori
1359 2064 1513 2110 magnetis
1526 2064 1559 2097 13:
1571 2073 1637 2096 tum
1655 2074 1785 2110 magnes

404 2114 438 2147 -E
449 2113 468 2144 f
481 2110 519 2145 fic
532 2109 685 2146 deflectet
696 2112 800 2146 donec
811 2109 1098 2156 meatusssobvertat
1112 2114 1145 2145 in
1160 2122 1284 2156 partem
1292 2109 1479 2158 oppositam:
1489 2122 1563 2146 nam
1580 2111 1637 2156 qui
1653 2108 1784 2145 effluit-us

410 2159 435 2194 a
447 2160 476 2193 C
490 2161 555 2194 inB
567 2170 696 2202 manat,
719 2158 870 2194 effluxum
884 2161 1040 2206 magnetis
1055 2162 1078 2193 E
1089 2160 1110 2192 1²
1130 2158 1286 2202 offendit,
1318 2164 1352 2195 δ(
1368 2159 1475 2204 aliqua
1496 2170 1533 2192 ex
1555 2169 1645 2206 parte
1656 2170 1729 2192 cum
1742 2170 1784 2196 eo

412 2207 636 2251 confunditur,
652 2219 752 2254 atque
763 2207 804 2242 ab
815 2209 876 2243 Fin
887 2209 910 2242 E
922 2207 1130 2254 progreditur.
1151 2207 1214 2241 Sed
1237 2205 1371 2254 egreffiis
1388 2206 1450 2241 unii
1470 2218 1542 2240 cum
1557 2207 1711 2254 magnetis
1724 2207 1783 2242 EF

407 2258 557 2298 vortice,
571 2258 632 2290 iter
648 2257 826 2304 incoeptum
840 2257 944 2302 pergit
956 2267 1011 2302 per
1024 2258 1047 2290 Ε
1067 2256 1095 2289 G
1108 2283 1117 2297 ‚
1143 2266 1241 2301 atque
1257 2258 1373 2290 iterum
1384 2267 1456 2288 cum
1481 2256 1603 2289 vortice
1624 2257 1782 2302 magnetis

405 2307 436 2342 ,B
446 2333 454 2346 ,
468 2306 522 2349 qui
539 2306 571 2338 in
582 2303 705 2338 easdem
720 2316 823 2351 partes
845 2303 947 2337 tendit
957 2332 965 2345 ,
978 2306 1163 2349 conjunctus
1178 2315 1232 2350 per
1248 2302 1359 2348 polum
1371 2304 1391 2336 Β
1410 2300 1493 2336 subit
1509 2315 1517 2336 ι
1547 2303 1628 2336 adeo
1647 2313 1680 2336 ut
1694 2300 1786 2336 efflu-

408 2363 471 2396 ,χοε
481 2351 709 2390 illezlineamC
723 2355 756 2389 H
770 2356 821 2390 FF.
831 2353 861 2388 G
876 2353 906 2387 K
921 2354 944 2386 B
956 2351 1086 2399 longam
1102 2357 1135 2388 δε
1152 2350 1386 2388 anfractuosam
1397 2349 1546 2385 delineet.
1573 2352 1648 2386 Hoc
1672 2351 1783 2397 itaque
