1878 2724
437 143 796 190 TRACTATUS
830 141 1147 190 SECUNDUS.
1456 162 1497 200 ⁹⁵

484 305 1016 342 DissERTATio
1067 304 1093 340 1.

489 404 550 437 De
569 414 688 440 natura
710 405 848 454 corporis
871 401 911 438 &¹
931 402 1081 438 continui.

93 493 298 580 PRimum
315 493 519 542 quaerendum
540 491 635 527 nobis
645 492 707 536 est,
726 504 797 539 quae
813 489 850 525 sit
863 493 957 526 notio
970 519 980 534 ‚
996 503 1069 539 quae
1086 503 1197 527 natura
1218 492 1370 540 corporis.
1392 504 1417 527 2,
1439 493 1480 526 ln

162 556 228 590 quo
245 542 346 592 posita
355 543 391 578 sit
401 541 531 578 essentia
544 543 677 588 quanti,
695 540 748 575 seu
760 542 914 576 continui.
928 554 950 585 5.
963 543 1007 574 Ex
1021 540 1140 587 quibus
1154 543 1344 576 continuum
1357 540 1481 575 constet

84 592 259 642 (partibus,
271 591 381 631 ansint
391 593 424 630 in
435 590 598 629 infinitum
607 587 783 626 divisibiles
794 616 805 633 ,
820 600 860 624 an
872 590 985 639 potius
1002 590 1034 625 in
1046 592 1166 639 punCRa
1183 594 1218 627 &
1232 600 1360 627 atomos
1380 588 1482 623 resol-

85 652 219 684 &vantur-

617 688 659 725 JC
677 688 707 725 A
725 691 748 726 P
768 688 804 727 U
825 689 857 724 T
919 690 946 728 Ι.

497 787 557 825 De
577 788 699 823 notione
718 786 757 823 ό·
780 796 901 823 natura
919 786 1071 835 corpora's.

85 888 329 977 COrporis
348 888 442 924 notio
455 886 610 922 omnibus
630 884 719 922 insita
740 889 773 922 in
795 897 836 921 eo
854 886 984 922 videtur
998 883 1097 933 pofita
1116 914 1126 929 ,
1147 887 1241 934 quod
1260 885 1296 922 fit
1310 884 1485 921 substantia

186 936 329 981 extensa,
345 942 379 976 8(
392 935 661 986 impenetrabilis.
672 937 761 973 Nam
778 936 870 983 quod
879 946 988 984 partes
1003 933 1187 978 habeat‚in
1199 949 1277 985 quas
1294 935 1396 971 dividi
1414 934 1486 983 pos-

82 985 154 1031 sit,
176 999 213 1021 ea
228 989 336 1036 potius
355 987 484 1022 videtur
500 988 641 1021 materiae
653 1015 662 1029 ,
690 997 761 1032 quae
778 987 813 1020 in
836 984 930 1034 plura
950 996 1084 1032 corpora
1108 985 1154 1019 est
1171 985 1341 1021 divisibilis
1354 1013 1363 1023 ‚
1384 984 1485 1032 quiim

80 1038 236 1085 ⁸corporis
252 1035 345 1085 ipsius
364 1038 469 1072 notio.
493 1032 632 1071 Essentia
654 1037 776 1084 quippe
792 1040 826 1072 &
840 1035 922 1069 tatio
940 1036 1083 1081 corporis
1103 1035 1136 1068 in
1154 1046 1351 1084 unaquaque
1370 1045 1485 1068 atomo

83 1085 219 1134 ⁴integra
227 1086 271 1121 est
284 1114 295 1130 ‚
307 1098 374 1122 non
388 1087 468 1123 item
479 1086 561 1120 ratio
569 1086 708 1123 materiae
721 1113 732 1129 ,
746 1096 817 1134 quae
826 1086 858 1120 in
872 1083 976 1133 plures
988 1094 1116 1118 atomos
1133 1112 1144 1127 ‚
1153 1096 1209 1120 aut
1226 1095 1363 1133 corpora
1375 1082 1422 1118 est
1436 1082 1484 1116 di·

83 1133 237 1171 visibilis.
748 1136 751 1137 ⁷
862 1137 867 1140 ’

126 1187 252 1219 Verum
263 1182 314 1219 hic
324 1195 445 1233 magna·
454 1182 612 1220 suboritur
623 1183 756 1232 quaestio
769 1212 779 1227 ‚
795 1195 836 1219 an
851 1192 923 1218 tota
934 1182 1078 1230 corporis
1088 1192 1201 1217 natura
1210 1184 1244 1216 in
1260 1193 1300 1216 eo
1314 1180 1415 1230 posita
1433 1180 1483 1224 sit,

93 1242 130 1267 ut
146 1234 180 1268 in
190 1231 336 1281 longum,
351 1233 452 1267 latum
463 1261 474 1276 ‚
486 1239 519 1269 &
536 1233 735 1281 profundum
745 1231 781 1268 sit
797 1231 982 1267 extensum:
999 1230 1082 1265 adeo
1094 1241 1128 1265 ut
1149 1230 1263 1278 triplex
1284 1229 1338 1265 illa
1355 1231 1485 1264 dimen-

82 1279 192 1322 ,ίὶο-ειάἱ
203 1283 346 1330 eorporis
357 1280 525 1316 essentiam
542 1287 574 1318 ὅ(
593 1282 700 1317 ideam
709 1283 848 1317 omnino
862 1282 1024 1328 pertineat
1036 1308 1045 1321 ‚
1064 1290 1101 1313 ut
1114 1280 1242 1314 videtur
1261 1277 1407 1314 Cattesio
1418 1307 1428 1320 ‚
1452 1284 1486 1315 δε

83 1328 250 1378 ,plerisque
259 1329 493 1366 recentioribus
512 1344 519 1364 ε
542 1342 583 1366 an
600 1335 707 1379 potius
728 1333 814 1366 trina
832 1329 889 1364 illa
908 1326 1063 1364 dimensio
1087 1326 1122 1363 sit
1146 1328 1294 1364 accidens
1317 1328 1484 1376 quoddam

78 1381 222 1429 ,sorpoti
239 1378 466 1431 superveniens
477 1408 490 1425 ,
501 1391 534 1416 ut
546 1379 666 1431 reliqui
675 1382 863 1431 opinantur.
886 1380 933 1414 Sit
945 1380 1043 1426 igitur

637 1481 754 1518 Prima
770 1477 944 1525 Conclusio.

32 1608 35 1611 .
113 1578 289 1628 ”Corporis
308 1577 442 1616 essentia
464 1581 497 1614 in
517 1578 636 1628 triplici
649 1575 849 1613 dimensione
860 1605 871 1621 ,
889 1575 943 1613 vel
960 1575 1057 1612 locali
1074 1573 1261 1611 extensione
1277 1585 1486 1623 nequaquam

81 1627 196 1676 ffposita
212 1629 265 1665 est.

129 1675 290 1712 Probatur
299 1675 461 1713 conclusio
477 1691 500 1715 i.
514 1681 551 1713 in
561 1690 601 1713 eo
613 1689 678 1712 non
691 1672 831 1711 consistit
847 1686 962 1710 natura
972 1674 1127 1722 corporis,
1140 1671 1228 1721 quod
1239 1670 1299 1706 esse
1308 1677 1342 1709 δε
1354 1673 1484 1720 concipi

88 1725 203 1773 *potest
216 1724 279 1760 fine
301 1737 456 1774 corpore:
472 1727 525 1762 sed
547 1729 630 1762 trina
652 1721 807 1760 dimensio
824 1726 911 1760 reste
926 1724 1152 1770 concipiturrin
1173 1721 1278 1769 spatio
1300 1721 1389 1768 quod
1410 1734 1487 1756 om-

87 1775 126 1810 ni
137 1786 274 1823 corpore
291 1785 429 1810 vacuum
447 1777 509 1811 est:
523 1788 601 1825 ergo
619 1776 651 1809 in
666 1776 749 1808 trina
762 1772 962 1810 dimensione
975 1772 1129 1820 corporis.
1138 1781 1251 1806 natura
1262 1782 1327 1804 non
1338 1769 1484 1808 consistit.

138 1823 290 1869 Confirm.
309 1825 420 1859 Potest
431 1828 521 1860 Deus
534 1854 544 1868 ‚
555 1838 591 1860 ut
611 1823 689 1872 saepe
706 1823 843 1857 diximus
857 1853 866 1867 ,
884 1834 1018 1858 omnem
1030 1823 1103 1855 aera
1119 1822 1153 1855 in
1179 1819 1240 1853 hac
1257 1818 1331 1853 aula
1349 1831 1487 1854 conten-

90 1882 185 1917 sum,
199 1875 309 1911 imo&
320 1885 434 1922 corpus
454 1887 551 1910 omne
565 1873 728 1908 destruere
741 1899 751 1913 ,
776 1876 810 1908 &
826 1871 987 1921 impedire
1013 1881 1055 1905 ne
1082 1869 1161 1904 alius
1190 1866 1326 1903 subinde
1346 1871 1398 1902 aei·
1409 1897 1419 1912 ,
1431 1868 1487 1903 vel

93 1922 197 1960 ‚aether
208 1922 339 1958 subeat:
358 1935 436 1972 ergo
446 1934 516 1959 tum
526 1925 610 1960 trina
622 1919 779 1959 dimensio
790 1921 824 1956 in
834 1921 898 1961 hac
909 1920 983 1959 aula
1000 1918 1109 1955 fututa
1119 1918 1163 1954 est
1177 1932 1186 1955 ι
1202 1916 1259 1953 etsi
1272 1916 1396 1953 nullum
1413 1928 1487 1953 cor-

90 1982 155 2019 pus
164 1970 242 2008 illud
253 1971 389 2021 spatium
401 1972 544 2021 impleat.

133 2018 330 2067 'Respondent
342 2032 414 2058 tum
435 2022 505 2057 fore
517 2033 554 2057 ut
567 2025 707 2071 parietes
717 2023 808 2072 hujus
821 2019 899 2055 auiae
909 2019 970 2055 se'se
982 2031 1098 2055 mutuo
1114 2019 1318 2066 contingant.
1337 2019 1380 2052 Ea
1391 2017 1490 2065 quip;

97 2080 139 2117 pe
152 2066 183 2102 se
201 2079 337 2117 tangunt
346 2098 356 2112 ,
373 2084 446 2117 quae
458 2071 547 2106 nullo
561 2084 698 2121 corpore
715 2071 890 2120 interjecto
899 2071 1134 2118 disjunguntur.
1147 2070 1195 2102 Ita
1203 2067 1339 2114 quidem
1349 2065 1429 2101 olim
1438 2067 1488 2100 vi-

98 2117 165 2153 sum
175 2117 222 2153 est
239 2117 412 2154 excellenti
423 2120 605 2169 ,Theologo
615 2121 796 2157 Guillelmo
815 2118 995 2161 parisiensi.
1015 2130 1118 2166 eaque
1136 2113 1486 2165 responsionelibenter

97 2177 228 2202 utuntur
241 2196 251 2210 ,
263 2169 318 2214 qni
329 2166 474 2203 ‘Cartesii
487 2168 730 2218 Philosophiam
748 2171 920 2218 sequuntur
933 2183 941 2204 ε
956 2169 1059 2217 quod,
1076 2168 1229 2214 inquiunt
1242 2195 1251 2209 ‚
1266 2165 1351 2199 locus
1363 2163 1418 2198 ille
1431 2175 1489 2197 va-

98 2228 177 2259 cuus
188 2213 264 2251 esset
278 2219 369 2252 omni
383 2229 519 2266 corpore
529 2231 568 2253 ex
587 2218 758 2268 hypothesi
772 2247 781 2261 ,
796 2219 908 2268 plenus
922 2218 1039 2254 itidem
1051 2216 1128 2252 esset
1143 2229 1150 2252 ε
1173 2217 1256 2250 ratio
1275 2215 1396 2261 quippe
1416 2223 1489 2247 cor-

99 2266 186 2314 poris
197 2277 253 2309 ,ut
262 2264 318 2300 fibi
329 2265 565 2314 persuaserunt,
577 2270 616 2302 in
633 2270 716 2303 trina
737 2267 934 2304 dimensione
950 2266 1096 2303 consistit.

139 2316 261 2349 Contra
284 2329 306 2352 i.
325 2315 358 2349 id
371 2315 498 2351 sumunt
510 2319 658 2366 principii
671 2316 764 2360 loco,
782 2318 870 2364 quod
882 2316 951 2365 ipsis
966 2314 1170 2365 probandum
1189 2314 1245 2354 est,
1258 2323 1374 2359 nempe
1386 2308 1488 2346 effen-

99 2364 179 2402 tiam
192 2367 334 2412 corporis
345 2367 377 2400 in
390 2364 573 2403 extensione
589 2364 649 2401 eise
662 2365 806 2413 positam.
826 2367 958 2402 Deinde
975 2365 1118 2411 corporis
1133 2362 1355 2397 mathematici
1381 2362 1491 2395 notio-

101 2423 163 2457 ne,
182 2423 336 2461 tanquam
340 2413 650 2473 physiciabutuntur
664 2428 671 2450 ε
691 2415 724 2450 id
735 2418 823 2450 enirn
839 2414 962 2451 fefellit
979 2411 1157 2450 Cartesium
1179 2411 1378 2446 Geometriae
1392 2407 1491 2445 assae,-

1188 2463 1228 2498 M
1254 2462 1288 2507 iij
