1878 2724
515 117 838 164 'ERACTATUS
880 118 1202 158 SECUNDUS.
1465 138 1496 161 10

157 170 317 228 'Respqlias
329 173 620 210 demonstrationes
635 170 704 207 fieri
725 182 763 205 ex
782 168 953 219 hypothefi
977 170 1069 218 quod
1093 173 1259 218 quantitas
1277 173 1430 206 continua
1442 201 1452 216 ‚
1478 140 1519 209 ῃὲ

109 228 209 264 ‘linea
225 229 260 263 in
280 224 446 262 infinitum
465 223 568 258 dividi
585 220 701 271 poffit:
722 222 771 254 uti
789 231 939 254 numerus
959 217 1084 269 semper
1103 218 1311 268 multiplicari
1327 222 1430 270 potest
1446 239 1452 258 :
1479 225 1511 259 id

121 276 201 315 vero
209 275 363 324 nusquam
376 273 610 309 demonstratur
626 300 636 315 ,
653 269 706 305 sed
718 268 917 318 supponitur.
940 271 1018 305 Huc
1037 269 1161 304 accedit
1188 267 1332 305 sensuum
1349 275 1384 308 &
1396 273 1511 321 imagi,

109 327 262 364 <nationis
274 325 492 374 praejudicium
506 337 514 358 :
531 333 606 356 cum
625 321 715 356 enim
728 329 888 353 extremas
905 320 1055 354 continui
1073 330 1181 368 partes
1204 321 1346 369 reperire
1356 348 1367 365 ‚
1387 332 1443 357 aut
1455 334 1510 357 co-

119 377 222 426 gitare
235 388 302 412 non
319 372 499 424 postumus,
523 371 629 406 statim
644 381 697 404 eas
720 366 782 403 esse
801 366 942 404 infinitas
965 368 1162 418 colligimus.

157 427 276 476 opp-2·
290 425 507 472 quantitatem
518 420 662 467 aliquam
680 416 849 453 definitam
868 423 902 454 &
913 430 1050 462 certam,
1063 431 1092 455 v.
1106 431 1151 468 gr.
1168 421 1261 455 unius
1277 419 1371 466 digiti
1387 421 1422 455 in
1439 419 1512 455 infi-

119 476 223 511 nitum
238 476 340 509 minui
355 471 440 522 poffe
456 501 464 515 ‚
495 470 572 505 licet
581 467 748 515 nunquam
763 469 892 514 penitus
905 467 1120 504 exhauriatur.
1135 467 1236 516 quue
1250 467 1357 504 multis
1372 469 1513 505 demon-

122 522 330 559 strationibus
344 520 463 558 confici
475 519 678 554 existimant:
694 514 746 551 sed
757 527 821 550 una
836 518 899 563 erit
914 516 1007 552 instar
1021 519 1182 552 omnium.

150 623 244 656 Licet
261 618 356 655 nobis
372 618 448 653 duas
467 616 687 660 lineas,re6tas
725 637 771 675 A
834 634 867 672 E
1193 656 1196 658 q
1430 639 1462 677 B

102 675 157 708 -α
185 667 352 718 parallelas
372 666 426 702 seu
452 665 508 702 fibi
530 677 621 714 aeque
639 667 690 700 di·
1420 678 1422 680 ’

117 718 238 753 stantes
257 719 430 765 concipere
447 746 457 762 ,
482 728 554 764 quae
571 717 690 752 litteris

121 768 150 804 A
161 768 185 802 B
201 772 234 804 δι
245 768 277 803 C
289 770 323 803 D
338 765 541 815 delignentur
557 783 567 810 ·‚
580 777 692 800 earum

120 816 331 853 intervallum
354 828 410 865 per
437 815 628 852 endiculatis
648 814 690 849 li-

119 879 181 903 nea
202 868 227 902 E
253 868 310 910 O,
337 828 482 902 exhisset.
517 864 651 900 Poffunt
671 864 692 900 ὲ

106 917 244 965 >puncto
258 920 276 951 A
288 945 299 960 ‚
319 917 355 951 in
369 915 488 950 lineam
499 943 508 957 ,
528 915 559 949 C
572 917 603 948 D
615 944 624 958 ,
641 916 691 948 in-
1036 956 1039 958 η

120 964 221 1001 finitae
237 964 329 1001 liueae
351 964 441 1008 duci,
470 969 505 1000 &
528 975 570 998 eo
582 963 691 1012 plures
751 977 781 1013 C
825 978 858 1015 Ο
1023 980 1069 1015 R
1204 982 1228 1013 3
1344 971 1485 1019 T--D

101 1026 188 1062 -quo
205 1012 291 1049 linea
321 1015 352 1050 C
369 1015 420 1057 D,
442 1015 544 1062 magis
564 1024 691 1061 proti-a-

105 1064 216 1099 ·hetur
232 1078 240 1099 :
257 1075 321 1099 tres
343 1074 470 1098 tantum
484 1090 494 1106 ‚
512 1064 601 1106 AR,
630 1064 660 1098 Α
674 1064 695 1097 S
710 1092 720 1106 ,
743 1065 770 1099 A
787 1066 818 1100 T
830 1093 840 1108 ,
867 1063 1074 1112 producimus
1087 1092 1096 1106 ‚
1124 1075 1192 1110 quae
1209 1060 1511 1111 perpendicularem

113 1115 144 1148 Ε
158 1114 193 1148 O
206 1142 215 1156 ‚
234 1115 267 1147 iu
288 1114 416 1159 punctis
428 1113 450 1145 1²
463 1140 473 1154 ,
492 1114 525 1155 1,
546 1113 573 1147 L
586 1141 596 1154 ‚
627 1114 672 1146 ita
684 1110 793 1149 secant
805 1142 814 1156 ‚
828 1124 864 1147 ut
881 1111 949 1160 quo
964 1113 1126 1160 longiores
1148 1111 1218 1146 sunt
1234 1141 1243 1155 ,
1269 1110 1333 1146 hoc
1347 1110 1405 1145 fiut
1430 1113 1514 1144 vici-

120 1163 227 1197 niores
239 1163 333 1197 tectae
345 1163 370 1196 A
383 1163 418 1196 Β.
435 1162 544 1208 Atque
557 1159 690 1196 infinitae
702 1191 711 1205 ‚
727 1173 764 1198 ut
780 1163 918 1199 diximus
929 1190 938 1205 ,
953 1162 1088 1210 produci
1103 1157 1228 1208 potsunt
1241 1188 1251 1203 ‚
1271 1162 1348 1207 quia
1372 1159 1458 1194 linea
1482 1158 1513 1194 C

117 1213 154 1247 >D
166 1213 199 1246 in
209 1210 376 1246 infinitum
394 1211 501 1257 potest
517 1211 683 1258 protrahi:
701 1217 735 1248 &
747 1210 816 1259 quo
824 1212 931 1260 plures
943 1211 1048 1245 reetas
1067 1211 1193 1244 duxeris
1207 1210 1226 1244 ὸ
1238 1211 1361 1256 pumero
1377 1209 1404 1242 A
1418 1237 1427 1251 ,
1450 1207 1514 1243 hoc

113 1259 253 1309 propius
265 1260 422 1294 accedent
439 1259 477 1293 ad
491 1261 648 1308 puanum
665 1263 690 1295 E
701 1290 711 1303 ‚
728 1273 788 1296 nec
807 1272 918 1296 tamen
937 1270 1081 1306 unquam
1099 1259 1137 1292 ad
1160 1259 1190 1292 id
1205 1260 1414 1306 pervenient.
1434 1259 1515 1294 Non

119 1309 227 1358 potest
243 1311 332 1344 enim
351 1309 440 1344 reeta
460 1308 543 1343 linea
560 1309 579 1344 ἐι
594 1311 715 1358 ριιῃᾶο
732 1311 757 1345 Α
779 1310 876 1345 ducta
892 1338 902 1353 ‚
919 1308 1008 1344 simul
1023 1310 1185 1356 attingere
1196 1309 1353 1355 punctum
1364 1309 1388 1342 Ε
1403 1336 1412 1351 ,
1430 1311 1462 1343 &
1475 1306 1516 1341 li-

111 1370 217 1394 'neam
231 1360 261 1394 C
276 1362 308 1395 D
325 1372 333 1394 ι
354 1359 445 1394 vides
462 1370 540 1407 ergo
560 1357 696 1406 spatium
712 1362 737 1396 E
754 1361 775 1395 F
789 1389 798 1402 ,
819 1359 898 1393 licet
916 1357 1012 1393 valde
1034 1358 1200 1407 augustum
1217 1385 1226 1400 ‚
1251 1355 1338 1405 posse
1359 1367 1468 1392 tamen
1482 1358 1516 1391 in

120 1406 284 1444 infinitum
297 1410 400 1445 minui
414 1422 422 1444 :
442 1406 496 1442 etfi
513 1421 680 1455 nunquam
697 1410 828 1458 penitus
847 1408 1062 1443 exhauriatur.

158 1457 248 1506 Resp.
265 1473 287 1494 ι.
307 1458 372 1503 dist.
395 1457 587 1494 mmReetae
608 1458 698 1493 lineae
714 1459 816 1493 dustae
832 1456 852 1493 a
879 1459 1000 1506 punito
1018 1458 1046 1492 A
1067 1458 1099 1491 in
1118 1457 1241 1490 rectam
1256 1455 1320 1490 CD
1346 1453 1516 1489 indefinite

110 1510 317 1555 protuleram
332 1536 341 1551 ,
358 1507 508 1542 divident
522 1506 642 1542 lineam
657 1511 679 1543 E
692 1510 726 1544 O
746 1506 1053 1557 perpendicularem
1075 1509 1107 1540 in
1125 1504 1308 1547 infinitum,
1331 1504 1515 1539 mathema-

115 1557 206 1600 tice,
230 1560 266 1592 C.
287 1555 416 1605 plryfice
429 1585 439 1600 ,
459 1557 510 1591 N.
531 1556 786 1592 confundentur
800 1558 936 1592 enimin
950 1554 1228 1604 perpendiculari,
1254 1553 1370 1589 saltem
1395 1554 1515 1588 inadae-

122 1617 236 1652 quate.

157 1654 280 1702 Relp.2.
295 1666 362 1703 neg.
375 1654 505 1701 hvporh.
519 1656 598 1690 Non
610 1650 737 1701 poffimt
749 1657 838 1690 enim
855 1653 897 1688 ab
912 1653 1030 1688 eodem
1045 1650 1167 1700 pumero
1180 1650 1253 1684 duci
1265 1649 1358 1685 linere
1370 1649 1513 1687 infinita

108 1705 236 1750 *Qnte
249 1699 486 1738 fatemur'hanc
497 1703 806 1739 demonstrationem
819 1703 880 1739 else
898 1703 1082 1752 legitimam
1100 1713 1135 1735 ut
1155 1700 1175 1735 52
1192 1701 1371 1734 Geometra
1394 1712 1516 1748 propo-

121 1754 208 1787 nitur
221 1765 228 1786 :
241 1754 395 1787 nimitum
406 1750 425 1785 fi
437 1752 576 1787 exteufio
592 1751 658 1786 sola
673 1751 850 1800 spectetur,
869 1765 935 1787 uon
951 1763 999 1785 res
1014 1749 1143 1786 extensa
1157 1765 1166 1792 ·‚
1191 1747 1211 1783 fi
1227 1747 1320 1783 lineae
1345 1753 1377 1785 ὅ(
1395 1751 1516 1797 puncta

112 1799 380 1845 tconfiderentun
395 1813 430 1836 ut
448 1800 516 1837 sunt
537 1804 568 1836 in
590 1813 702 1836 mente
714 1804 917 1844 Geometrae,
938 1813 1004 1836 non
1015 1801 1062 1835 uti
1083 1798 1150 1833 sunt
1170 1801 1202 1832 in
1222 1810 1328 1832 rerum
1347 1810 1459 1832 natura
1472 1813 1479 1833 ;
1494 1797 1516 1833 fi

123 1850 262 1898 denique
272 1863 342 1886 rem
357 1863 396 1885 ex
413 1849 584 1900 hypotlrefi
599 1880 608 1894 ‚
625 1863 695 1886 non
708 1851 856 1887 absolute
873 1852 1067 1900 judicemuS.
1092 1847 1191 1892 Qod
1207 1845 1226 1881 fi
1249 1849 1335 1882 enim
1350 1846 1517 1896 hypothe-

107 1898 168 1934 »ses
178 1928 188 1943 ‚
200 1913 279 1948 quas
291 1903 471 1936 Geometra
488 1900 631 1943 affumit,
645 1912 737 1936 veras
750 1899 811 1937 effe
823 1900 999 1936 fateremur
1011 1899 1112 1934 :adeo
1126 1909 1162 1932 ut
1174 1908 1250 1931 vera
1260 1894 1362 1931 effen:
1374 1898 1493 1945 punCRa
1507 1926 1516 1941 ‚

109 1953 158 1985 >&
172 1961 253 1984 verae
271 1949 381 1993 lineae3
393 1962 500 1997 neque
511 1950 542 1983 id
560 1949 660 1985 solum
674 1979 684 1994 ,
700 1949 752 1986 sed
768 1953 870 1988 etiam
884 1950 916 1984 id
933 1949 1080 1984 daremus
1096 1976 1106 1991 ,
1125 1946 1213 1994 quod
1233 1946 1324 1981 nullo
1342 1947 1443 1981 modo
1468 1958 1520 1981 re..

124 2009 196 2032 rum
209 2010 323 2033 natura
338 2002 458 2046 patitur
471 2028 481 2042 ,
499 1998 585 2033 utab
602 2000 721 2035 eodem
740 1999 864 2049 ptinero
880 1998 1016 2034 infinitae
1028 1997 1119 2033 lineae
1131 1997 1204 2037 duci
1224 1995 1368 2042 poffent:
1384 1996 1467 2030 adeo
1481 2007 1518 2031 ut

125 2047 280 2093 punitum
295 2047 395 2093 ipsum
407 2047 532 2096 semper
542 2048 730 2085 indivisibile
745 2059 953 2099 permaneret
968 2078 977 2092 ‚
996 2049 1050 2082 vix
1066 2044 1248 2094 hujusmodi
1265 2045 1518 2080 demonstratio-

124 2107 180 2129 nes
191 2107 269 2143 quas
288 2095 403 2130 afferre
425 2096 577 2145 plurimas
593 2097 719 2145 poffimr
732 2129 740 2141 ,
765 2098 993 2149 effugeremm.
1018 2097 1081 2132 Sed
1107 2108 1181 2130 cum
1198 2094 1282 2130 nihil
1304 2107 1417 2130 eorum
1440 2103 1517 2129 vere

125 2145 240 2178 existat
251 2174 259 2188 ,
274 2144 330 2180 nisi
348 2146 382 2180 in
393 2145 475 2180 ideis
486 2146 621 2190 nostris,
632 2146 698 2183 suas
710 2147 1073 2184 srbidemonstrationes
1089 2147 1271 2180 Geometrae
1285 2142 1433 2186 servent,
1449 2157 1516 2178 uon

126 2194 166 2228 ad
177 2193 344 2243 Physicam
358 2206 411 2228 eas
431 2195 646 2239 transferant,
658 2207 728 2244 quae
741 2211 807 2234 non
820 2198 938 2242 lucem,
957 2197 1008 2232 sed
1027 2200 1164 2242 majores
1178 2194 1252 2229 huic
1264 2193 1402 2228 scientiae
1414 2192 1520 2227 offun-

123 2243 207 2278 dunt
220 2243 381 2280 tenebras.
395 2245 474 2280 Non
485 2244 573 2292 quod
586 2244 876 2283 demonstrationes
888 2247 1095 2293 geometricae
1107 2256 1174 2280 non
1195 2255 1312 2292 magno
1333 2241 1390 2276 fint
1406 2240 1470 2275 ufir
1485 2243 1519 2275 in

127 2292 221 2327 rebus
231 2291 366 2342 phyficis
379 2292 447 2330 :sed
461 2293 640 2329 cavendum
652 2293 774 2344 semper
785 2297 828 2331 est
837 2309 879 2332 ne
888 2288 925 2332 ‘id
937 2297 1025 2344 quod
1037 2307 1127 2330 mens
1139 2292 1194 2327 fibi
1209 2290 1303 2339 fingit
1312 2320 1320 2333 ,
1340 2291 1437 2338 idque
1450 2303 1518 2325 non

118 2340 192 2377 sine
206 2345 332 2378 ratione
346 2372 356 2387 ,
379 2343 442 2379 hoc
461 2342 562 2393 ipsum
578 2342 670 2380 simili
689 2344 813 2394 prorsus
831 2346 931 2382 modo
957 2349 990 2382 in
1018 2357 1125 2379 rerum
1148 2352 1260 2377 natura
1280 2339 1376 2375 {nelle
1396 2351 1519 2375 temere

1261 2391 1296 2425 O
1319 2391 1351 2437 fij
