1878 2724
412 125 478 160 DE
509 123 682 162 MOTU
717 123 980 161 SIDERUM.
1341 140 1406 174 32!

531 204 562 239 C
587 207 616 240 A
640 206 665 241 P
690 206 724 242 U
746 207 778 240 T
832 207 907 241 IX.
1183 203 1187 209 ⁵

640 284 698 320 De
719 288 882 322 Saturni).-

2 347 7 362 f

1 366 9 383 ⁴
93 365 233 402 A'turnus
247 365 301 402 lon
329 364 427 403 imme
439 366 461 402 ἐι
475 365 538 401 sole
551 367 663 402 distat:
683 367 788 402 media
804 372 869 413 ejus
881 366 900 401 ἐι
913 366 978 401 sole
993 367 1144 401 distantia
1160 366 1199 400 ad
1210 365 1407 404 semidiame-

18 408 21 415 ’
93 425 177 450 trum
190 414 278 449 orbis
297 380 402 451 {latis
413 429 483 450 eam
495 415 563 450 fere
576 414 677 450 habet
691 417 850 450 rationem
862 443 871 456 ‚
890 428 958 460 quae
971 415 1012 449 est
1025 418 1107 450 inter
1121 427 1157 462 95
1175 421 1265 459 &10‚
1278 415 1329 451 seu
1340 417 1409 451 fere

17 482 19 484 ·
37 462 222 511 decuplam:
239 465 327 511 quod
351 468 382 500 in
399 465 482 499 illius
500 475 590 499 motu
602 463 852 510 inaequalitatem
867 462 965 498 efficit
980 462 1030 497 sex
1049 465 1179 510 grad&
1198 477 1241 510 24
1252 466 1408 500 min.Mo-

16 514 124 556 {vetur
142 523 274 558 quoque
284 515 316 547 in
333 512 530 560 ellipfi,cujus
541 516 643 559 major
661 513 816 546 diameter
827 510 846 546 ὲ
858 510 921 545 sole
936 512 1087 546 dividitur
1102 513 1137 546 in
1149 514 1274 546 ratione
1288 516 1306 548 8
1319 514 1358 547 ad
1369 528 1408 557 9:

16 565 19 574 “·
36 560 123 607 quod
137 561 232 593 aliam
248 561 499 608 inaequalitatem
516 563 547 594 in
568 571 657 594 motu
673 587 683 602 ‚
703 561 800 608 priori
813 572 893 606 pene
906 560 1066 607 :equalem
1079 558 1192 596 efficit.
1208 563 1352 595 Maxima
1370 562 1410 595 il-

15 638 17 642 .
36 607 96 642 lius
108 607 127 643 ἐι
141 606 204 642 sole
218 609 362 643 distantia
383 610 427 643 est
449 611 480 644 in
491 615 530 644 26
544 608 632 656 grad.
645 610 808 656 Sagittarii
820 611 970 651 ,minima
982 611 1013 642 in
1027 617 1063 644 26
1073 609 1160 656 grad.
1182 611 1408 644 Geminorum:

15 695 17 699 ι
35 656 103 690 haec
114 657 230 704 printh-
246 659 279 691 in
291 659 466 692 Orientem
479 655 524 690 sic»
532 668 726 700 moventur,
742 668 777 691 ut
794 662 835 702 48
852 659 940 691 annis
957 670 1053 692 unum
1072 658 1205 704 gradum
1225 657 1409 694 conficiant.

15 744 17 749 Ι
36 707 89 739 Sic
99 702 205 738 orbita
221 707 345 739 Saturni
358 719 430 740 cum
444 705 592 752 ecliptica
601 705 750 753 angulum
767 703 864 739 efficit
881 717 914 741 2.
930 707 1017 753 grad.
1028 711 1059 741 &
1073 718 1109 748 30
1120 708 1233 741 mimir.
1247 707 1323 740 nodi
1339 706 1411 741 sunt

33 755 65 786 in
81 765 126 788 22.
145 752 230 800 grad.
248 754 384 797 Cancri,
399 759 433 790 &
446 767 484 789 22
503 754 696 802 Capricorni
706 767 795 797 ,uno
806 754 940 801 quidem
957 754 1059 802 gradu
1076 753 1178 789 versus
1191 756 1365 791 Orientem
1373 770 1410 803 50

36 803 124 836 aunis
145 812 401 847 promoventur,-

71 857 116 886 20.
139 851 167 884 A
178 848 330 893 Galilaeo,
348 857 381 888 &
394 849 463 885 aliis
477 853 535 897 qui
555 863 626 886 eum
646 850 744 885 secuti
760 850 829 886 sunt
839 879 849 895 ,
868 851 1064 886 A‘stronomis
1078 861 1127 885 tot
1139 850 1220 886 visus
1238 853 1279 887 est
1290 853 1411 888 formas

37 899 168 933 induere
181 926 190 940 ,
200 900 299 933 modo
313 900 485 935 rotundam
496 928 506 942 ,
517 900 616 934 modo
631 898 808 946 ellipticam
819 928 829 944 ,
848 901 949 934 modo
963 899 1075 935 ansulis
1092 899 1282 946 quibusdam
1295 903 1415 947 instrui,

37 957 181 982 urtantae-
194 949 354 982 varietatis
373 953 405 984 &
416 949 632 984 inconstantiae
643 947 744 982 causas
755 950 889 983 inveniri
903 948 988 996 polse
1002 960 1085 996 pene
1097 948 1342 996 desperaverint,
1353 951 1413 985 do-

37 1006 97 1030 nec
108 994 215 1032 clariss
237 998 404 1044 Hugenius
417 1007 491 1031 ante
507 1011 541 1041 23
561 1009 662 1032 annos
679 1009 792 1031 verum
803 997 892 1045 hujus
907 997 1042 1044 planeta:
1053 997 1184 1044 systema
1194 998 1351 1035 exh1buit.
1365 1000 1412 1035 Est

37 1045 124 1078 enim
138 1045 288 1079 Saturnus
300 1043 442 1092 globosae
458 1044 563 1093 figurae
575 1073 584 1087 ,
603 1057 638 1079 ut
662 1045 782 1091 reliqua
793 1045 862 1079 fere
872 1044 989 1081 fidera:
1010 1045 1060 1079 sed
1073 1047 1176 1079 latiori
1188 1047 1304 1082 circulo
1322 1048 1413 1083 velut

36 1091 157 1126 annulo
173 1093 314 1139 quodam
328 1095 463 1140 cingitur
476 1108 483 1129 :
497 1093 551 1127 ille
566 1092 697 1127 annulus
716 1093 759 1126 est
771 1093 866 1126 instar
881 1093 1009 1128 fornicis
1025 1110 1033 1136 ·‚
1052 1094 1164 1139 aequali
1177 1093 1197 1129 ὲ
1212 1096 1353 1130 Saturno
1364 1097 1413 1130 di-

35 1136 147 1175 stantia
161 1152 346 1175 removetur
359 1157 367 1183 3
385 1142 493 1188 estque
507 1144 590 1176 ratio
601 1139 829 1176 semidiametri
851 1141 988 1189 planerae
1000 1142 1038 1175 ad
1055 1141 1237 1176 distantiam
1246 1143 1352 1178 annuli
1363 1144 1414 1179 fe-

36 1199 70 1222 re
84 1199 118 1222 ut
134 1189 197 1232 3ad
215 1202 253 1236 5:
269 1188 319 1223 sed
342 1189 448 1224 radius
460 1192 584 1238 integer
593 1188 698 1224 annuli
717 1189 757 1223 ad
772 1190 896 1223 radium
915 1192 1041 1224 Saturni
1053 1190 1098 1223 est
1114 1189 1183 1224 fere
1195 1201 1228 1224 ut
1239 1204 1263 1225 11
1275 1192 1340 1238 ad5
1356 1188 1427 1236 ;ut{

37 1235 80 1273 D.
94 1235 235 1272 Caffinus
254 1238 420 1280 decernit,
434 1240 488 1284 qui
502 1238 737 1274 &diametrum
751 1237 859 1272 annuli
875 1240 906 1272 in
920 1238 1026 1272 media
1045 1237 1193 1273 distantia
1210 1240 1243 1285 65
1259 1239 1412 1276 secundo-

37 1296 107 1319 rum
118 1285 318 1320 determinat.
335 1286 446 1335 Qre
459 1285 536 1320 licet
550 1285 643 1321 nobis
655 1286 825 1321 Saturnum
839 1297 947 1320 mente
962 1287 1132 1333 concipere
1147 1298 1182 1321 ut
1200 1284 1425 1335 sphaeramar-'

39 1332 203 1368 tificialem
219 1363 227 1377 ‚
243 1346 295 1368 aut
303 1334 438 1382 globum
451 1337 557 1382 potius
574 1333 693 1369 annulo
705 1334 759 1368 suo
770 1346 824 1377 ,ut
850 1334 1020 1369 horizonte
1031 1335 1268 1369 circumdatum.
1289 1338 1425 1372 Tenuis<

37 1382 170 1429 quidem
185 1383 227 1417 est
238 1381 436 1425 annuluefed
448 1383 529 1417 latus
539 1411 549 1426 ,
565 1382 651 1429 isque
662 1384 862 1417 continuatus
882 1395 938 1430 per
949 1394 1093 1418 centrum
1112 1385 1236 1418 Saturni
1257 1383 1411 1422 tranfiret.

78 1442 117 1473 30
142 1431 227 1466 Cum
242 1442 350 1465 autem
364 1431 444 1465 illius
462 1431 570 1466 annuli
588 1430 719 1478 planum
735 1432 778 1465 ita
792 1431 835 1465 est
848 1429 1028 1479 dispositum
1040 1459 1050 1474 ,
1064 1441 1098 1465 ut
1112 1434 1335 1467 continuatum
1354 1446 1413 1482 pet

37 1488 128 1513 tertae
143 1490 287 1514 centrum
307 1479 522 1527 pertranseat,
545 1491 611 1514 tum
628 1477 684 1513 sub
707 1478 818 1513 oculos
841 1492 907 1514 non
925 1479 1012 1513 cadit
1031 1493 1038 1514 :
1056 1480 1144 1525 quod
1161 1478 1243 1514 illius
1258 1480 1425 1517 duntaxat*

39 1526 185 1563 crasfities
196 1527 288 1563 nobis
305 1526 493 1564 obvertatur
508 1557 517 1571 ‚
534 1540 606 1575 quae
620 1529 724 1562 minor
734 1528 776 1561 est
787 1539 885 1573 quarn
896 1539 932 1562 ut
953 1528 1056 1561 videri
1073 1526 1175 1575 poffit.
1197 1531 1289 1563 Tunc
1303 1532 1413 1577 itaque

39 1576 191 1619 Saturnus
211 1579 346 1611 omnino
362 1575 510 1623 globosus
519 1576 772 1622 cernitur3idque
788 1587 854 1609 tum
870 1576 986 1609 accidit
999 1588 1069 1609 cum
1083 1576 1124 1609 est
1133 1579 1288 1623 aequatori
1304 1582 1413 1624 proxi-

40 1636 122 1660 mus,
142 1625 202 1658 Sed
215 1624 270 1658 ubi
284 1623 325 1657 ab
340 1636 380 1657 eo
390 1624 527 1658 declinat
537 1625 676 1658 maxime
687 1651 695 1661 ‚
708 1634 776 1657 tum
787 1634 823 1657 ut
839 1622 952 1671 ellipsis
972 1623 1040 1657 satis
1064 1635 1173 1672 aperte
1202 1625 1391 1673 conspicitur
1403 1639 1427 1663 :⁴

41 1682 116 1707 tunc
128 1675 214 1707 enim
228 1671 308 1708 visus
321 1672 444 1714 noster,
458 1674 514 1719 qui
533 1674 566 1706 in
583 1683 695 1706 centro
709 1673 876 1719 aequatotis
886 1670 1001 1719 positus
1015 1674 1272 1719 concipitur,non
1290 1675 1427 1722 stringit*

40 1720 171 1768 planum
183 1719 266 1755 illius
276 1721 383 1756 annuli
394 1750 403 1762 ,
417 1720 469 1755 sed
481 1720 551 1755 satis
563 1720 641 1764 alte,
657 1732 774 1767 nempe
789 1720 905 1769 angulo
917 1735 946 1765 23
958 1733 1004 1769 gr.
1018 1731 1074 1755 aut
1090 1723 1214 1755 circiter
1232 1721 1319 1769 super
1333 1722 1430 1758 illud*

65 1769 170 1804 lanum
188 1769 355 1805 attollitur.
375 1768 466 1804 Illum
485 1767 636 1803 annulum
647 1780 701 1811 ‚ut
715 1767 863 1803 circulum
876 1797 883 1808 ,
900 1781 954 1803 aut
968 1768 1080 1803 orbem
1098 1771 1130 1803 in
1145 1782 1218 1804 aere
1236 1769 1422 1818 suspensum¹

66 1819 202 1852 orizonti
220 1817 403 1867 parallelum
416 1829 525 1852 mente
539 1820 697 1865 concipio.
717 1819 746 1850 Is
762 1818 872 1864 utique
890 1817 971 1852 mihi
984 1818 1146 1852 recedenti
1164 1823 1199 1854 ὅ(
1216 1830 1253 1853 ex
1278 1818 1413 1867 obliquo
1433 1841 1438 1850 2

41 1864 196 1913 spectanti
211 1878 247 1901 ut
264 1865 377 1914 ellipfis
392 1865 571 1909 videbitur,
586 1878 626 1900 eo
638 1865 810 1914 angustior,
826 1877 891 1913 quo
902 1867 1002 1914 magis
1025 1878 1064 1899 ex
1080 1864 1217 1912 obliquo
1234 1866 1411 1915 conspicie-

43 1924 94 1948 tur
106 1928 113 1949 :
125 1915 227 1949 donec
239 1914 324 1949 oculi
341 1918 386 1949 ita
404 1915 639 1948 constituantur
658 1926 693 1949 ut
711 1914 819 1948 circuli
859 1913 966 1949 lanum
978 1942 988 1957 ,
1004 1913 1024 1948 fi
1038 1915 1266 1961 produceretur
1278 1944 1288 1959 ‚
1306 1919 1338 1951 in
1359 1929 1414 1952 eos
1435 1940 1436 1945 =

42 1961 113 1997 fere
125 1963 314 1997 incurreret:
327 1974 393 1997 tum
404 1964 490 1996 enim
508 1961 595 1996 nulla
604 1963 738 2010 amplius
749 1961 823 2011 ellip
838 1975 861 1996 rs
874 1991 883 2005 ‚
898 1961 950 1997 sed
960 1962 1048 1997 exilis
1065 1962 1215 2009 quaedam
1225 1962 1308 1998 linea
1325 1966 1414 2000 vide-

43 2021 138 2045 retur.
154 2010 245 2044 Idem
257 2022 339 2056 pene
351 2012 478 2045 Saturni
495 2009 615 2044 annulo
625 2013 833 2059 evenit‚cujus
844 2010 974 2046 diversae
986 2010 1096 2059 phases
1110 2023 1152 2046 ex
1162 2014 1246 2047 varia
1259 2012 1329 2048 solis
1340 2013 1412 2050 illu-

0 2072 3 2095 ι
47 2059 216 2100 stratione,
239 2063 270 2094 &
288 2058 449 2092 radiorum
471 2057 641 2094 visualium
655 2058 852 2106 obliquitate
864 2061 1020 2107 pendent·

0 2103 3 2147 ζ
92 2113 132 2152 4⁰
158 2105 414 2154 Annuliplanum
429 2118 501 2140 cum
519 2107 646 2140 Saturni
662 2106 767 2141 orbita
788 2107 925 2143 multum
944 2108 1117 2143 inclinatur
1133 2121 1143 2144 ι
1161 2108 1413 2146 linea-sectionis

0 2167 2 2171 ’
44 2155 121 2190 hinc
133 2154 171 2188 ad
183 2153 366 2201 vigesimum
377 2155 550 2201 Sagittarii,
560 2154 634 2188 inde
645 2155 684 2188 ad
703 2167 720 2189 2
729 2170 749 2191 0
766 2158 977 2192 Geminorum
991 2160 1188 2194 terminatur.
1210 2158 1295 2192 Cum
1306 2161 1414 2193 Satur-

3 2207 5 2209 ’
47 2216 104 2238 nus
115 2204 197 2237 circa
211 2203 308 2238 solem
320 2214 487 2238 moveatur
498 2230 507 2244 ‚
522 2202 589 2236 haec
603 2201 684 2236 linea
700 2201 884 2251 fibiubique
898 2205 1168 2253 manetparallela
1182 2206 1334 2251 :quando
1349 2217 1414 2240 tet-

4 2263 5 2267 ¹
46 2263 88 2285 rae
105 2253 191 2286 recta
210 2250 409 2294 obvertitur,
427 2263 493 2285 tum
512 2250 647 2285 annulus
664 2253 720 2297 qui
735 2255 837 2286 tenuis
856 2253 899 2286 est
916 2282 925 2296 ,
943 2253 1107 2289 oculorum
1131 2256 1234 2287 aciem
1254 2252 1355 2298 fugit,
1380 2260 1420 2290 &c

48 2302 199 2336 Saturnus
210 2328 219 2343 ,
236 2311 271 2334 ut
289 2301 408 2335 distum
421 2300 467 2333 est
481 2328 489 2342 ‚
511 2297 659 2347 globosus
674 2310 815 2347 apparet.
848 2301 947 2349 Qod
967 2300 988 2335 sl
1005 2302 1108 2335 radios
1124 2300 1256 2335 visuales
1285 2301 1355 2335 fere
1373 2303 1414 2336 ad

47 2347 411 2432 Pespendssfflumffoet
425 2375 436 2393 ,
450 2360 517 2385 tum
526 2346 671 2396 ellipticae
685 2345 789 2396 figurae
800 2353 834 2387 δε.
847 2349 962 2400 amplae
978 2351 1116 2388 cernitur
1125 2376 1134 2390 ,
1148 2354 1182 2386 δε
1197 2347 1333 2432 lsatsitudo
1346 2354 1418 2397 ejus

193 2431 202 2437 ,
225 2409 281 2431 om.
348 2424 356 2434 .
