1878 2724
97 164 190 203 inum
206 163 294 201 idem
304 174 386 215 pene
404 164 531 202 efficere
542 194 553 209 ‚
577 164 667 213 quod
687 166 722 199 in
747 165 867 199 cortice
884 164 1066 199 Peruviano
1084 161 1280 212 experimur.
1314 165 1439 204 Verum
1454 134 1497 205 ici

100 215 204 264 ipsum
219 214 272 250 usu
286 215 490 264 probandum
512 216 574 258 est,
598 219 633 252 δε
664 214 875 261 experientiae
895 211 950 259 ipfi
966 209 1209 258 subjiciendum.
1227 214 1375 250 Vidimus
1394 219 1492 253 etiam

101 263 208 312 plures
217 275 371 310 quartana
388 263 512 299 sanatos
526 265 576 298 via
587 262 693 298 multo
705 260 987 310 compendiofiori.
998 262 1089 296 Duas
1099 273 1195 296 nuces
1207 263 1351 298 conditas
1361 270 1395 302 δε
1404 278 1494 302 ama.
1528 265 1532 269 ’

101 324 150 348 tas
168 315 202 348 in
219 312 406 348 mortariolo
419 312 529 362 ligneo
549 323 658 347 terunt
674 340 685 355 ,
701 321 812 358 eaeque
825 322 900 345 cum
913 309 1034 359 scypho
1051 311 1117 345 vini
1134 310 1203 345 albi
1222 313 1378 359 permista:
1393 315 1492 363 paulo

99 371 174 397 ante
188 361 413 410 paroxysmum
421 361 583 397 sumuntur
591 391 601 405 ,
614 361 710 408 idque
722 360 875 408 proximo
887 357 1080 407 paroxysmo
1092 361 1259 407 repetitur.

138 412 194 447 Ne
216 410 297 445 illud
313 411 446 458 quidem
467 411 710 453 omittendum,
730 407 937 444 observatum
961 408 993 442 id
1022 406 1114 442 fuiss‘e
1126 436 1138 452 ,
1164 410 1293 445 corticis
1315 412 1490 455 Peruviani

101 458 158 494 usu
178 458 302 494 sanatos
313 462 345 495 in
357 458 480 495 febrim
497 460 676 495 identidem
687 457 829 493 recidere
841 485 851 500 ,
868 456 922 492 nifi
937 469 965 502 ¹5
979 455 1033 493 seu
1051 469 1094 494 20
1104 455 1219 493 diebus
1235 458 1257 494 ὰ
1273 459 1395 495 morbo
1414 474 1492 510 pro-

99 506 213 556 fligato
231 510 386 543 corticem
398 507 498 558 ipsum
519 510 726 558 purgativum
737 534 748 551 ,
762 517 817 542 aut
831 504 1089 551 rhabarbar,iaut
1099 506 1229 543 alterius
1247 508 1415 546 cathartici
1433 512 1491 547 ad.

103 557 257 594 mistione
266 557 416 594 reddant.

99 653 1492 740 ffifflfflffifflffifflffifflffiffiffl

392 787 483 829 TR
501 785 838 829 ACTATUS
897 785 1216 829 TERTIUS.

241 898 298 931 De
314 894 471 934 naturali
485 893 663 948 fhcultate
677 922 690 941 ‚
710 892 816 931 illius
830 888 1084 946 func‘i‘ionibus
1097 890 1140 936 ὦ·
1153 857 1310 948 argutiis.

100 996 216 1082 DE
227 1006 321 1031 motu
334 997 438 1032 cordis
450 1003 484 1035 &
494 998 652 1047 sanguinis
664 1026 674 1041 ,
692 1009 760 1044 quo
769 999 837 1032 vita
848 995 1116 1040 continetur,fuse
1128 995 1263 1034 dix'imus
1280 1016 1289 1043 ;
1305 998 1444 1048 sequitur
1453 1012 1491 1036 ut

193 1043 268 1078 alias
283 1047 366 1080 vires
378 1049 492 1081 animae
503 1045 669 1081 sentientis
680 1074 691 1089 ‚
709 1045 857 1080 altricem
870 1044 990 1080 scilicet
1001 1073 1013 1087 ‚
1025 1050 1059 1082 δε
1078 1044 1241 1093 plasticam
1252 1047 1351 1095 quam
1371 1048 1491 1085 brevis..

97 1091 176 1128 fime
192 1096 390 1139 poterimus,
408 1095 620 1130 decurramus.
634 1095 721 1130 Cum
733 1094 833 1130 altrix
850 1092 990 1130 facultas,
998 1096 1033 1129 in
1055 1095 1264 1142 praeparando
1279 1095 1430 1146 sanguine
1447 1110 1487 1134 ex

98 1140 260 1176 alimentis
269 1145 411 1178 maxime
419 1144 562 1179 confistat
571 1173 580 1187 ‚
595 1145 735 1192 primum
742 1143 916 1178 dicendum
926 1141 1020 1177 nobis
1038 1143 1085 1178 est
1092 1143 1136 1179 de
1144 1143 1232 1192 chyli
1242 1150 1488 1194 praeparatione,

99 1200 172 1225 tum
184 1190 225 1224 de
235 1189 317 1226 illius
330 1204 387 1239 per
401 1205 497 1228 venas
508 1193 625 1229 laaeas
638 1198 672 1229 δε
685 1193 818 1227 ductum
829 1191 1028 1226 thoracicum
1039 1204 1236 1237 commeatu,
1267 1199 1300 1231 &
1315 1198 1348 1230 in
1360 1195 1488 1244 sangui-

98 1250 177 1273 nem
187 1239 393 1275 converfione
405 1256 413 1277 ε
429 1241 548 1276 deinde
558 1242 598 1276 de
607 1240 763 1289 sanguinis
775 1254 832 1290 per
845 1239 1109 1288 hepanlienemq
1117 1253 1210 1276 renes
1219 1271 1230 1286 ,
1246 1254 1300 1278 aut
1310 1244 1372 1279 alia
1386 1244 1486 1280 visce-

98 1298 134 1320 ra
149 1286 372 1374 Ρεὲεοὶαίίίῗηε
380 1317 392 1333 ,
420 1295 453 1327 &
473 1291 707 1340 expurgatione
715 1319 725 1335 ,
749 1290 911 1340 postremo
932 1289 973 1324 de
985 1289 1049 1339 ipsa
1066 1292 1204 1339 partium
1223 1292 1486 1331 conforrnatione

101 1346 184 1383 agen
209 1348 298 1373 utu-e
330 1365 339 1375 .

427 1439 899 1476 DISSERTATIO
955 1439 1184 1481 PRIMA.

655 1538 710 1572 De
727 1539 766 1573 vi
781 1539 910 1576 altrice.

514 1635 546 1671 C
568 1636 596 1672 A
624 1637 648 1672 Ρ
672 1637 706 1673 U
727 1638 758 1673 T
807 1637 1076 1674 PRIMUM.

470 1734 525 1767 De
537 1735 644 1782 prima
660 1734 883 1770 alimentorum
904 1735 1146 1785 praeparatione.

97 1829 252 1914 CUm
275 1828 397 1877 sanguis
419 1832 503 1866 inter
512 1831 732 1867 circulandum
744 1843 867 1880 partem
876 1831 1017 1879 aliquam
1033 1831 1074 1866 sui
1091 1830 1211 1867 alendo
1223 1833 1352 1879 corpori
1366 1833 1483 1881 impu·-

187 1882 246 1914 tiat
259 1907 269 1922 ‚
290 1879 367 1913 dum
384 1891 453 1927 pars
467 1879 550 1914 illius
564 1881 667 1915 multo
676 1883 818 1916 maxima
830 1909 841 1924 ,
858 1892 911 1915 aut
925 1892 981 1927 per
996 1879 1207 1915 insensibilem
1220 1881 1482 1929 perspirationem

98 1926 258 1970 difflatur,
274 1929 371 1962 autin
387 1931 529 1970 urinam,
548 1927 672 1964 sudores
685 1957 696 1972 ,
723 1934 756 1966 &
770 1929 832 1964 alia
846 1927 967 1964 faceffit
979 1940 1184 1964 excrementa
1195 1958 1205 1972 ‚
1222 1940 1274 1964 aut
1294 1930 1423 1965 demum
1448 1934 1482 1966 in

96 1973 220 2021 spiritus
232 1975 399 2017 exaltatur,
414 1976 536 2010 necesse
546 1977 588 2011 est
597 1989 633 2012 ut
644 1991 733 2012 novo
742 1990 928 2013 commeatu
937 1990 976 2012 ex
987 1977 1150 2014 alimentis
1165 1977 1296 2012 subinde
1310 1990 1484 2025 reparetur.

101 2022 231 2072 Qbus
245 2034 352 2058 autem
363 2023 512 2071 gradibus
529 2036 586 2059 aut
602 2027 727 2072 organis
739 2026 896 2061 alimenta
908 2028 943 2060 in
957 2025 1142 2072 sanguinem
1155 2037 1394 2061 commutentur
1405 2054 1416 2069 ,
1428 2038 1483 2061 ex-

98 2073 217 2121 plicare
236 2073 470 2119 ingrediamur:
484 2070 537 2106 sed
553 2085 602 2106 res
620 2073 684 2120 ipsa
696 2073 792 2120 paulo
805 2072 899 2108 altius
911 2073 954 2108 est
969 2075 1156 2121 repetenda.

147 2123 194 2155 Ac
205 2119 346 2168 primurn
359 2121 493 2167 quidem
504 2121 728 2168 explicandum
738 2121 834 2156 nobis
847 2122 932 2157 foret
942 2151 951 2165 ‚
974 2121 1091 2170 quibus
1105 2124 1232 2171 organis
1243 2151 1254 2165 ,
1270 2133 1325 2158 aut
1339 2122 1480 2158 motibus

99 2172 279 2204 animantes
290 2170 412 2203 &istum
426 2169 515 2204 suum
527 2171 711 2216 quaeritent,
730 2169 784 2205 nifi
796 2171 857 2205 hoc
873 2183 1097 2219 argumentum
1117 2170 1342 2206 accuratissime
1361 2171 1380 2208 a
1398 2174 1480 2207 Viro

98 2216 222 2253 Clatissl
238 2230 336 2265 quem
348 2217 424 2266 saepe
434 2220 681 2261 noniinamus,in
692 2220 878 2254 mechanica
888 2220 1074 2255 animalium
1086 2222 1277 2257 tractatione
1289 2220 1480 2268 explicatum

98 2266 219 2310 fuisset,
235 2272 270 2303 &
286 2265 394 2314 figuris
407 2266 591 2314 expressum.
606 2270 710 2302 Pauca
723 2279 830 2303 tamen
841 2281 882 2303 ex
894 2269 930 2302 iis
947 2268 1112 2317 seligemus
1123 2298 1132 2312 ‚
1150 2281 1217 2315 quo
1233 2278 1353 2302 exteras
1370 2268 1481 2304 saltem

97 2318 245 2350 nationes
256 2315 358 2350 studio
369 2315 473 2349 nostro
483 2326 646 2362 utcunque
659 2316 886 2352 demereamur.
906 2317 984 2351 Illud
1002 2319 1109 2365 primo
1128 2317 1201 2351 loco
1223 2315 1390 2360 observat,
1412 2320 1482 2352 ani-

94 2362 210 2410 maha,
231 2376 303 2413 quae
318 2367 351 2400 in
371 2376 453 2399 terra
473 2375 529 2399 aut
548 2377 629 2412 aqua
640 2364 748 2400 cibum
756 2377 919 2413 quaerunt,
941 2378 980 2401 eo
996 2378 1084 2402 crura
1094 2364 1215 2402 habere
1234 2365 1399 2414 longiora,
1414 2379 1486 2414 quo
