1878 2724
383 162 573 213 querseipsas
588 163 621 199 in
635 172 676 196 eo
696 159 775 196 statu
789 168 919 195 tuentur
929 186 940 202 ‚
953 163 988 195 δε
998 160 1121 194 catenis
1147 156 1373 193 devinciuntur
1387 183 1397 200 ,
1421 164 1535 205 eaeque
1558 156 1714 209 angulum
1730 158 1782 197 ef-

385 214 500 253 ficiunt
513 223 602 259 aquae
613 209 669 258 ipfi
686 222 758 244 cum
771 210 895 258 impetu
907 207 1034 243 labenti
1048 205 1241 256 oppofitum.
1254 203 1415 254 Ejufinodi
1434 206 1573 242 valvulae
1589 210 1624 243 in
1638 221 1780 258 utroque

384 263 488 298 cordis
499 259 680 295 ventriculo
697 258 768 294 sunt
775 255 952 307 conspicuae
967 285 977 300 ‚
997 269 1110 305 eaeque
1122 255 1309 304 tricuspides
1324 257 1522 300 vocitantur,
1531 258 1621 305 quod
1638 257 1780 294 formam

383 309 533 358 trianguli
545 309 698 345 referant.
714 310 836 355 Neque
850 309 938 343 enim
951 307 1114 354 quadratae
1122 305 1209 349 sunt,
1224 317 1260 340 ut
1272 306 1307 340 in
1321 304 1523 349 catharae'tis,
1538 305 1640 355 vuffgo
1653 309 1778 353 eclufts:

382 358 582 403 consimilem
594 370 706 396 tamen
724 357 872 406 praestant
885 356 1040 400 effeCmm
1055 369 1063 391 ε
1081 369 1159 392 narn
1170 367 1226 403 per
1239 355 1305 389 duo
1319 354 1418 390 latera
1431 354 1488 389 fibi
1502 360 1782 405 2mutuojungun-

385 420 436 444 tur
447 438 456 452 ‚
468 413 501 446 &
513 406 702 457 sanguinem
718 406 761 442 ab
773 418 910 455 utraque
925 418 1007 441 vena
1017 434 1028 450 ‚
1038 417 1131 441 ⁴⁷cava
1145 406 1298 440 nimitum
1316 408 1350 441 &
1367 403 1594 452 pulmonariin
1606 415 1782 453 utrumque

381 459 488 493 cordis
506 456 607 494 finum
617 455 783 506 illapsum,
807 468 849 491 ne
858 455 975 491 refluat
992 456 1197 505 impediunt3
1210 451 1400 489 tertio-veto
1411 453 1512 489 latere
1529 455 1618 490 cordi
1632 453 1687 503 ipsi
1706 452 1783 489 affi-

381 519 510 554 guntur.
529 510 634 542 Variis
646 518 753 542 autem
766 505 857 541 velut
875 503 1027 540 funiculis
1040 533 1050 548 ,
1068 503 1316 553 autligamentis
1333 532 1343 547 ‚
1361 515 1399 539 ut
1416 504 1449 537 in
1472 503 1662 541 catharaetis
1680 503 1782 539 valvae

368 559 505 592 -catenis
517 559 701 592 retinentur
711 583 721 599 ,
746 567 788 590 ne
805 552 863 590 fibi
873 556 1007 603 propius
1021 555 1160 588 admotae
1169 551 1611 600 membranaefluaevvalvulas
1626 551 1782 597 efficiunt,

379 604 514 641 ulterius
529 606 630 654 qu‘am
641 618 700 654 par
713 604 749 640 fit
762 615 1039 652 promoveantut3
1060 615 1128 638 tum
1146 604 1234 639 enim
1246 600 1370 650 sanguis
1384 604 1469 636 inter
1487 614 1539 636 eas
1561 603 1689 652 regredi
1706 601 1782 651 pos-

380 654 436 691 fet-
450 657 512 692 Hae
526 655 662 691 valvulae
673 657 707 692 in
717 653 816 703 figura
836 656 933 689 tertia
945 652 1017 689 tab.
1040 668 1071 698 9,
1087 652 1256 694 suntDD,
1270 664 1340 699 quae
1360 663 1451 689 vena:
1471 651 1659 699 pulmonum
1677 664 1782 700 appo-

379 717 517 748 nuntur,
530 707 615 740 *utin
627 716 746 753 quarta
756 702 857 752 figura
876 705 953 746 EE,
971 702 1098 739 eaedem
1116 702 1186 737 sunt
1199 701 1342 737 mitrales
1357 730 1367 744 ‚
1383 700 1434 735 seu
1455 700 1641 749 tricuspides
1661 700 1781 737 sursum

377 753 503 790 reflexae
514 783 525 798 ,
536 765 571 790 ut
583 754 686 788 videti
696 752 830 802 poffint.
839 751 1153 802 Cujusquevalvulae
1175 749 1350 798 tricuspidis
1362 748 1651 785 membranaebafis
1663 750 1781 786 orificii

378 803 484 838 cordis
493 803 616 840 annulo
630 799 953 851 circulariaffigitun
971 800 1093 849 reliqua
1105 800 1206 835 latera
1219 812 1276 848 per
1290 798 1456 835 filamenta
1469 798 1639 834 tendinosa
1650 799 1783 849 illigan-

372 862 429 895 -tur
438 853 567 900 papillis
577 856 611 887 in
622 851 768 900 opposita
782 851 954 887 ventriculi
969 862 1061 898 parte
1070 850 1248 884 constitutis
1260 878 1270 893 ,
1288 849 1356 884 fere
1370 860 1407 884 ut
1421 848 1524 885 solent
1537 847 1639 883 lintea
1653 850 1686 884 in
1705 848 1782 898 plu-

380 899 469 936 tibus
481 901 630 936 funiculis
642 901 836 943 extendere,
856 910 893 935 ut
905 897 1112 934 exficcentut-
1132 899 1232 934 Unde
1250 910 1324 932 cum
1342 897 1514 932 ventriculi
1530 897 1634 932 cordis
1648 898 1780 946 impleti

378 949 453 985 sunt
467 949 638 998 sanguine,
658 962 696 984 ea.
710 949 799 985 velut
817 948 918 984 lintea
937 959 1010 996 quae
1037 949 1123 995 prius
1136 945 1382 989 connivebant,
1406 946 1650 994 expanduntur5
1674 945 1781 995 ficque

378 1001 456 1036 &in
473 998 590 1046 systole
599 999 705 1033 cordis
718 997 843 1045 sanguis
856 1000 940 1032 inter
950 1008 1002 1030 eas
1015 995 1161 1030 valvulas
1172 1000 1205 1031 &
1220 995 1346 1042 septum
1355 995 1457 1028 cordis
1469 994 1629 1033 conclusus
1644 1007 1698 1030 eas
1714 996 1782 1032 sut-

380 1047 449 1084 sum
464 1047 564 1095 pellit.
577 1047 754 1083 Plenitudo
767 1047 850 1081 adeo
866 1044 1026 1093 sanguinis
1043 1044 1099 1078 illa
1117 1043 1206 1079 velut
1227 1043 1339 1086 lintea,
1352 1054 1408 1077 aut
1421 1042 1540 1077 vexilla
1565 1044 1780 1090 expandendo

374 1095 522 1132 ,inflefflt
532 1125 542 1141 ‚
556 1108 628 1145 quae
639 1096 708 1132 fere
719 1108 755 1131 ut
765 1095 836 1130 vela
851 1106 953 1130 vento
964 1092 1075 1128 inflata
1088 1092 1435 1128 finuose-incutvantur.
1445 1092 1539 1127 Adde
1555 1091 1633 1127 illud
1648 1105 1781 1142 quoque

375 1148 508 1190 ‘arteriis
516 1147 620 1180 cordis
630 1157 756 1194 aptatas
766 1143 827 1180 esse
838 1143 981 1178 valvulas
991 1142 1194 1178 semilunares
1206 1143 1313 1190 exigui
1324 1141 1459 1179 roboris.
1472 1143 1552 1177 Nori
1561 1143 1650 1176 enim
1661 1154 1783 1179 retron-

376 1195 450 1235 ‚sum
481 1207 612 1243 urgetur
632 1194 756 1243 sanguis
784 1193 826 1228 ab
845 1194 976 1228 actione
998 1191 1129 1240 ancujus
1160 1191 1293 1226 musculi
1323 1202 1416 1237 aeque
1450 1190 1572 1235 validi,
1607 1202 1708 1239 atque
1737 1193 1782 1228 est

382 1256 439 1280 cor
455 1245 565 1294 ipsum.
587 1245 741 1292 Cumque
754 1242 875 1292 sanguis
894 1247 958 1292 jam
973 1244 1103 1276 arterias
1134 1239 1240 1285 subit,
1257 1239 1394 1275 valvulae
1409 1236 1616 1275 semilnnares
1635 1240 1784 1278 resistunt

378 1294 614 1330 tantummodo
628 1306 665 1328 ea
677 1296 721 1336 vi,
731 1305 830 1341 quarn
842 1291 1010 1340 plenitudo
1025 1292 1214 1326 arteriarum
1223 1289 1326 1336 aliqua
1338 1300 1377 1323 ex
1392 1300 1483 1337 parte
1503 1287 1657 1326 efficeret.

418 1346 455 1378 In
466 1343 624 1383 testudine
634 1348 668 1380 &
683 1344 716 1378 in
726 1341 889 1378 nonnullis
899 1339 1077 1389 amphibiis
1090 1352 1145 1375 cot
1161 1339 1251 1374 velut
1263 1338 1380 1385 triplici
1391 1338 1573 1374 ventriculo
1590 1339 1780 1377 instm&um

383 1393 526 1429 videtur.
543 1396 579 1428 In
593 1391 707 1427 avibus
728 1390 900 1426 ventriculi
916 1393 1022 1425 minus
1039 1388 1110 1424 sunt
1125 1387 1426 1426 anfrafflofitvenae
1444 1400 1528 1422 cavae
1544 1401 1607 1423 una
1622 1388 1781 1427 duntaxat

383 1440 514 1478 valvula
525 1453 647 1489 ‚eaque
665 1440 836 1490 figmoides
851 1446 885 1477 &
897 1437 1028 1474 carnosa
1042 1440 1226 1487 apponitur.
1252 1439 1360 1486 Major
1378 1438 1461 1471 aeris
1485 1441 1648 1483 quantitas
1667 1439 1781 1476 avium

383 1491 557 1540 pulmones
573 1490 653 1526 subit
672 1519 680 1533 ,
697 1491 780 1526 unde
795 1495 829 1526 δε
841 1489 1028 1538 sanguinem
1041 1489 1201 1535 puriorem
1213 1485 1334 1530 efficit,
1345 1498 1406 1521 nec
1416 1484 1538 1521 necell'e
1549 1486 1596 1520 est
1614 1498 1648 1522 ut
1665 1488 1700 1522 in
1712 1499 1780 1522 cor.

385 1541 433 1574 dis
449 1540 636 1575 ventriculis
648 1540 794 1589 longiore
805 1551 896 1574 mora
908 1544 943 1575 &
955 1542 1077 1586 majore
1100 1539 1239 1587 partium
1264 1536 1415 1573 contaetu
1433 1547 1640 1585 praepatetut.
1667 1537 1779 1586 Atque

377 1590 454 1630 ,haec
463 1589 534 1626 fete
551 1589 592 1625 ad
607 1591 713 1626 cordis
729 1587 889 1625 fabricam
900 1587 1056 1637 spefflnt.

877 1689 956 1727 CA
972 1689 996 1725 P
1015 1688 1050 1726 U
1068 1688 1099 1723 T
1156 1688 1212 1726 11.

782 1790 855 1838 Qae
860 1788 907 1835 fit
924 1786 1028 1824 cordis
1036 1796 1141 1821 motus
1151 1784 1290 1833 effeflrt'x
1303 1785 1406 1832 caufh.

384 1886 557 1972 Nch
570 1896 641 1932 quae
655 1884 689 1919 fit
703 1886 793 1934 hujus
811 1896 920 1920 motus
935 1884 1079 1919 effedkrix
1091 1882 1180 1917 causa
1192 1909 1202 1925 ,
1221 1882 1450 1917 excutiendum
1469 1880 1563 1916 nobis
1586 1882 1638 1918 est.
1661 1884 1778 1917 Gravis

483 1937 571 1970 enim
582 1934 661 1968 olim
674 1933 734 1968 fuit
746 1945 829 1969 mter
845 1935 1021 1971 Harvaeum
1043 1938 1078 1969 &
1100 1930 1280 1966 Cattefium
1294 1961 1304 1975 ‚
1322 1944 1391 1978 qua:
1408 1931 1513 1966 adhuc
1531 1931 1669 1979 perstat,
1685 1932 1726 1966 de
1745 1934 1780 1967 vi

385 1987 524 2021 mottice
538 1982 769 2022 controverfia.
789 1983 824 2017 ld
841 1982 939 2017 visum
955 1983 998 2016 est
1009 1980 1153 2018 Cartefio
1164 2009 1174 2024 ‚
1196 1979 1409 2028 sanguinem&
1424 1992 1506 2017 vena
1522 1992 1615 2024 cava,
1631 1993 1686 2015 aut
1699 1981 1780 2016 ἀεκ-

387 2045 436 2068 tra
451 2034 530 2068 illius
544 2032 682 2067 auricula
694 2034 726 2066 in
741 2032 891 2068 dextrum
902 2030 1118 2070 ventriculum
1128 2031 1282 2078 guttatim
1297 2029 1410 2074 illabi,
1430 2042 1499 2064 tum
1511 2042 1574 2077 prae
1593 2028 1684 2065 inlito
1703 2032 1780 2075 igne

382 2083 474 2118 vitali
485 2094 584 2130 quern
601 2093 719 2116 naturae
730 2082 879 2116 conditor
891 2082 1020 2127 utrique
1037 2080 1142 2114 cordis
1157 2077 1430 2116 cavitatiinseruit
1440 2108 1450 2122 ,
1467 2078 1573 2114 statim
1585 2068 1779 2114 intumesce-

385 2144 441 2176 te·‚
461 2143 500 2166 ex
508 2131 563 2166 illa
573 2128 813 2165 effervescentia
829 2129 1026 2170 ventriculos
1040 2130 1146 2164 cordis
1161 2128 1249 2164 fimul
1261 2157 1271 2172 ‚
1287 2134 1321 2165 &
1332 2131 1463 2163 arterias
1476 2126 1617 2162 reseratis
1641 2127 1779 2165 valvulis

384 2181 513 2217 dilatari
527 2210 535 2224 ,
561 2179 721 2214 diastolen
733 2179 838 2214 cordis
856 2178 926 2214 fieri
937 2206 947 2220 ,
962 2190 1099 2225 tumque
1108 2190 1262 2213 mucrone
1278 2177 1332 2213 suo
1345 2180 1455 2226 pectus
1475 2176 1569 2210 ferire
1583 2191 1591 2212 ε
1616 2176 1666 2210 sed
1685 2178 1778 2210 detu-

385 2230 549 2266 mescente
565 2229 627 2263 -illa
645 2228 800 2276 sanguinis
818 2240 910 2279 gutta
932 2230 1062 2261 arterias
1077 2228 1216 2275 deprimi
1232 2241 1242 2268 ·,
1271 2227 1377 2262 claudi
1405 2238 1514 2261 earum
1535 2225 1698 2268 valvulis,
1721 2236 1778 2259 cot

384 2280 486 2328 ipsum
501 2279 637 2314 relaxati
650 2307 658 2320 ‚
673 2284 706 2314 &
723 2290 876 2313 mucrone
885 2275 1026 2324 deprelso
1046 2275 1302 2324 velutquiescere
1315 2305 1324 2317 ,
1340 2287 1474 2323 tumque
1491 2272 1553 2314 else
1563 2274 1665 2309 cordis
1676 2272 1778 2321 systo-

383 2329 439 2366 len
449 2359 459 2371 ,
469 2327 572 2374 sicque
580 2329 685 2362 cordis
697 2339 821 2363 motum
832 2325 944 2375 perfici
958 2327 1036 2360 citra
1054 2327 1126 2360 vim
1135 2324 1310 2373 pulsificam
1324 2340 1332 2362 :
1345 2326 1427 2360 adeo
1437 2337 1470 2360 ut
1480 2325 1560 2373 ignis
1571 2322 1678 2358 vitalis
1691 2351 1702 2367 ‚
1721 2324 1780 2371 qui

386 2377 489 2421 calet,
502 2376 553 2412 sed
570 2390 638 2413 non
649 2376 738 2418 lueet,
746 2377 806 2423 ,fit
819 2378 906 2426 hujus
924 2377 1076 2431 perennis
1091 2386 1196 2411 motus
1218 2373 1335 2413 causa..
