1878 2724
67 176 121 224 fos
133 181 251 220 halitus
268 181 380 218 subeat
390 212 400 228 ,
414 182 514 219 rubro
526 184 636 220 colore
649 186 792 232 tingitur.
810 185 900 218 Idem
912 186 1000 218 enim
1010 193 1093 231 pene
1102 183 1213 218 evenit
1224 211 1234 226 ,
1249 183 1339 231 quod
1355 185 1388 219 in
1404 150 1458 223 335·

73 244 126 268 tto
136 260 146 276 ,
160 243 344 268 atramento
354 261 364 276 ‚
377 244 432 268 aut
442 232 506 268 olei
517 232 648 282 fuligine
658 233 773 268 leviter
783 232 928 269 infecto:
946 231 990 266 sol
1005 233 1124 280 quippe
1137 244 1194 281 per
1216 231 1294 267 illud
1315 233 1398 269 visus
1407 249 1459 271 ru·

72 280 136 317 bro
146 281 256 317 colore
271 282 387 318 tinctus
402 294 537 331 apparet
550 310 560 327 ,
575 294 609 317 ut
625 281 691 318 fust
703 281 842 330 explicat
858 283 918 319 Vir
934 279 1059 318 Clariis.
1079 283 1112 316 in
1138 281 1296 318 ”fractam
1308 283 1349 317 de
1365 283 1457 320 colo-

70 328 174 375 gibus.

107 379 234 414 Contra
243 382 333 429 nigra
347 391 482 428 corpora
494 378 570 415 lucis
587 380 692 415 radios
709 391 794 429 pene
808 379 1011 428 'extinguunt
1022 407 1032 422 ‚
1051 380 1123 415 vim
1147 390 1257 414 eorum
1280 383 1314 415 δε
1332 392 1458 418 motum

69 439 156 477 pene
174 429 332 477 integrum
351 431 521 476 recipiunt.
535 431 622 464 Hinc
641 428 755 464 fortius
770 427 984 471 incalescunt,
998 427 1047 463 sed
1060 430 1226 476 pauciores
1245 428 1349 463 radios
1365 442 1458 479 rege-

70 486 147 512 runt
161 489 168 511 z
181 488 252 511 curn
262 489 376 526 corpus
393 477 505 512 album
517 480 569 512 vix
584 477 604 513 ἒι
619 477 689 512 luce
700 488 946 513 commoveatur
957 490 964 511 :
975 476 1060 511 unde
1073 482 1106 512 &
1121 489 1205 525 pene
1216 479 1375 525 integram
1385 491 1457 516 eam

70 525 219 561 remittit.
239 528 275 561 In
283 528 380 574 nigris
391 525 475 562 vero
492 526 679 574 corporibus
694 539 750 562 aut
758 538 860 575 partes
872 524 1063 560 insensibiles
1082 524 1206 560 facilius
1219 529 1458 573 concutiuntur,

69 584 128 608 aut
140 574 222 608 intra
233 586 333 609 caecos
345 586 468 610 meatus
483 574 601 610 diutius
613 574 755 611 volvitur
772 576 876 610 tenuis
893 573 948 608 illa
956 573 1132 609 substantia
1147 587 1218 621 quae
1231 574 1371 610 calorem
1385 589 1459 623 pro-

69 632 170 657 creat.
184 621 265 657 lllud
275 634 398 657 certum
417 624 459 657 est
474 624 614 671 tegulam
628 636 666 658 ex
687 637 749 660 una
761 635 852 672 parte
863 624 987 671 nigram
997 651 1007 666 ,
1022 634 1061 657 ex
1074 623 1173 657 altera
1190 625 1359 658 candidam
1385 625 1457 660 diu-

70 669 135 706 tius
149 682 185 704 ea
196 683 287 718 parte
300 684 368 719 quae
382 674 473 720 nigra
486 673 533 707 est
550 673 691 708 calorem
707 674 810 717 tueri,
821 672 921 720 quarn
942 673 975 707 in
988 683 1026 707 ea
1036 683 1106 719 quae
1118 671 1165 707 est
1178 672 1402 721 candida.Jam
1413 675 1455 709 ad

69 718 148 755 alios
167 718 292 755 colores
314 733 494 770 pergamus.
514 723 563 757 Sit
580 724 689 770 itaque

602 817 718 854 Tertia
743 817 916 868 Conclusio.

76 945 78 949 ,
105 916 244 966 Reliqui
258 916 383 953 colores
393 916 551 966 primitivi
561 926 600 950 ex
609 913 729 963 quibus
738 917 841 950 caeteri
852 914 1011 963 prodeunt
1021 943 1032 960 ‚
1050 914 1121 952 sunt
1134 912 1256 961 flavin,
1282 917 1399 963 ruber,
1421 925 1459 957 &³

68 966 229 1004 caeruleus.

101 1013 263 1050 Probatur
274 1019 308 1052 &
319 1015 493 1063 explicatur
503 1012 673 1049 conclusio:
687 1024 723 1047 ac
732 1010 874 1060 primum
886 1013 1018 1059 quidem
1027 1027 1095 1050 non
1103 1024 1197 1048 vacat
1210 1013 1329 1050 diutius
1345 1019 1457 1065 inqui-

66 1075 139 1098 rere
156 1077 197 1099 an
214 1063 309 1098 ruber
320 1064 409 1097 color
424 1062 510 1097 suam
521 1075 562 1097 ex
573 1061 660 1097 flavo
675 1062 769 1096 ducat
781 1062 941 1108 originem
954 1063 1058 1097 :adeo
1073 1074 1108 1098 ut
1117 1064 1182 1096 duo
1193 1074 1315 1098 tantum
1325 1064 1382 1100 [int
1400 1079 1457 1100 co-

67 1112 152 1147 lores
162 1113 345 1160 primigenii
356 1110 456 1146 flavus
467 1117 498 1148 &
510 1111 655 1145 caeruleus
667 1138 677 1152 ,
691 1111 747 1156 qui
761 1121 834 1143 cum
848 1108 970 1144 lumine
984 1116 1017 1147 &
1029 1111 1143 1146 umbra
1154 1139 1164 1153 ‚
1178 1122 1232 1145 aut
1244 1124 1315 1147 cum
1328 1113 1405 1149 albo
1419 1120 1456 1151 &

67 1162 162 1209 nigro
172 1172 284 1196 omnes
295 1160 420 1195 colores
429 1171 611 1207 procreent.
630 1159 771 1201 Unde&
783 1159 805 1191 ii
819 1159 974 1206 praecipue
993 1158 1014 1195 ὲ
1035 1158 1215 1207 pictoribus
1229 1162 1261 1195 in
1274 1162 1395 1197 concha
1409 1174 1456 1198 te-

67 1220 182 1244 runtur
199 1208 334 1245 colores.
355 1210 404 1243 An
414 1211 522 1256 potius
532 1207 626 1242 ruber
636 1206 671 1242 fit
681 1206 769 1240 color
779 1208 959 1253 primitivus
976 1234 986 1249 ‚
1006 1210 1063 1253 qui
1077 1221 1116 1243 ex
1139 1207 1228 1243 flavo
1246 1222 1311 1244 non
1336 1212 1454 1259 prodit.

65 1259 157 1294 Hinc
169 1256 349 1293 cinnabatis
369 1269 439 1304 quae
452 1269 490 1292 ex
511 1256 628 1291 sulfure
648 1255 700 1298 fit,
719 1259 753 1291 ὅ(
775 1256 940 1289 Mercurio
959 1254 1132 1291 sublimatis
1146 1285 1156 1300 ,
1172 1256 1314 1303 impense
1334 1259 1454 1305 rubet,

66 1307 277 1354 quantumvis
291 1317 487 1354 temperetur
500 1303 606 1340 cerusa
618 1333 628 1347 ‚
645 1303 695 1339 seu
711 1303 797 1338 calce
812 1302 936 1352 plumbi
948 1304 1196 1353 albanunquam
1214 1304 1359 1343 flavescit
1374 1326 1382 1352 ς
1396 1322 1454 1344 ne-

66 1366 132 1402 que
149 1355 245 1390 ochra
255 1356 347 1402 nigro
358 1365 537 1403 temperata
549 1355 639 1388 minii
651 1352 796 1387 colorem
807 1351 934 1387 rubrum
946 1365 1089 1400 unquam
1104 1353 1280 1401 affequitur.
1305 1358 1360 1391 Sic
1380 1361 1455 1407 pig-

66 1414 214 1439 mentum
232 1402 311 1437 illud
324 1403 413 1450 quod
430 1402 646 1438 cochenilium
662 1413 781 1438 vocant
791 1430 801 1446 ,
812 1402 856 1436 ita
867 1400 999 1438 rubrum
1011 1402 1054 1438 est
1065 1414 1100 1438 ut
1115 1404 1148 1440 in
1162 1402 1282 1440 flavum
1307 1405 1455 1444 colorem

67 1450 167 1487 abeat
189 1464 362 1499 nunquam.

106 1503 284 1548 Utcunque
295 1512 332 1535 ea
342 1512 391 1535 res
405 1499 434 1535 se
446 1501 583 1545 habeat,
605 1500 656 1536 seu
671 1500 762 1535 color
774 1498 867 1534 ruber
879 1500 959 1535 nihil
981 1499 1016 1535 fit
1033 1500 1118 1536 aliud
1133 1500 1233 1548 quiim
1251 1501 1352 1538 flavus
1367 1533 1377 1548 ,
1395 1508 1451 1553 qui

65 1550 107 1585 ad
118 1548 286 1584 caeruleum
299 1551 399 1598 magis
411 1549 554 1585 deflectit
568 1550 640 1593 3seu
652 1552 677 1583 is
688 1551 853 1598 primarius
865 1547 900 1583 sit
914 1554 947 1586 δι
962 1548 1091 1598 (implex
1109 1578 1119 1592 ‚
1144 1550 1176 1583 id
1193 1549 1263 1585 sane
1277 1553 1396 1588 constat
1407 1567 1457 1590 ex*

65 1599 117 1634 his
127 1597 229 1633 tribus
238 1626 247 1641 ,
257 1593 356 1641 flavo,
370 1597 466 1632 rubro
476 1605 509 1636 &
520 1598 654 1633 caeruleo
674 1596 817 1633 infinitos
839 1609 922 1645 pene
935 1598 1058 1633 colores
1071 1597 1153 1634 nasci
1167 1627 1175 1641 ,
1197 1599 1294 1646 idque
1305 1600 1451 1638 luculen-

66 1657 118 1681 ter
133 1648 272 1682 cernitut
289 1648 321 1681 in
331 1648 419 1682 vitris
431 1647 592 1684 coloratis.
604 1649 694 1684 Nam
708 1645 728 1682 fi
742 1647 859 1680 vitrum
878 1643 997 1682 flavum
1011 1660 1083 1682 curn
1106 1646 1243 1682 caeruleo
1256 1653 1451 1699 conjungas,

65 1694 122 1731 lux
137 1707 192 1743 per
203 1706 375 1742 utrumque
386 1695 556 1732 transmiss'a
572 1696 710 1731 viridem
727 1694 868 1729 colorem
888 1697 921 1730 in
933 1696 1042 1730 charta
1057 1694 1201 1743 oppofita
1211 1696 1366 1746 depinget
1377 1717 1386 1744 3
1398 1713 1452 1735 ru-

65 1742 162 1779 bruni
175 1755 249 1780 cum
258 1743 345 1778 flavo
358 1756 505 1780 croceum
519 1774 528 1788 ‚
542 1744 595 1779 vel
605 1745 741 1778 aurantii
752 1743 896 1778 colorem
913 1743 1006 1778 dabit
1020 1745 1141 1787 3viride
1155 1756 1227 1779 cum
1239 1746 1375 1782 caeruleo
1394 1761 1453 1795 pa-

66 1804 248 1827 vonaceum
259 1820 270 1835 ‚
279 1791 411 1828 rubrum
422 1805 495 1829 cum
503 1792 635 1828 caeruleo
650 1803 842 1840 purpuream
853 1791 957 1827 lucem
969 1794 1115 1839 trajiciet.
1142 1793 1227 1827 Cum
1243 1794 1295 1829 lux
1305 1793 1376 1829 solis
1387 1796 1451 1832 duo

65 1840 219 1889 ejusmodi
230 1842 309 1875 vitra
321 1852 491 1889 penetrare
507 1840 716 1888 nequit,h0c
729 1840 855 1888 speculo
874 1841 990 1876 ustorio
1008 1841 1118 1890 colligi
1131 1842 1254 1890 potest,
1280 1855 1314 1879 ut
1336 1843 1451 1880 diserte

66 1889 207 1937 explicat
225 1891 268 1925 D.
282 1890 381 1937 Boyle
396 1893 429 1924 in
444 1890 585 1939 eleganti
604 1890 644 1925 de
669 1887 833 1924 coloribus
855 1888 950 1925 libro·

110 1937 230 1973 Eadem
248 1936 393 1972 colorum
406 1937 598 1987 compofitio
613 1940 645 1973 in
660 1937 827 1986 prismae,
844 1935 896 1973 seu
909 1940 941 1972 in
952 1940 1078 1987 trigono
1095 1941 1181 1974 vitro
1203 1939 1371 1975 manifeste
1384 1955 1452 1978 cer-

65 1987 152 2022 nitur
165 1998 173 2020 :
186 1997 257 2018 curn
267 1987 353 2019 enim
363 1986 477 2033 prisma
490 1989 597 2021 radios
610 1987 738 2021 luminis
756 1984 795 2021 fic
805 1985 962 2034 infringit,
979 2000 1016 2022 ut
1034 1990 1066 2022 in
1083 1987 1260 2036 oppositum
1273 1992 1452 2036 parietem,

64 2034 120 2069 vel
130 2036 162 2068 in
172 2034 394 2081 pavimentum
408 2034 496 2069 velut
509 2037 583 2069 irim
596 2035 760 2080 quandam
772 2036 921 2081 projiciat
934 2061 944 2076 ,
964 2034 986 2070 fi
1005 2049 1112 2082 panno
1126 2036 1224 2070 rubro
1240 2048 1312 2071 earn
1324 2049 1450 2085 partem

63 2083 152 2118 iridis
161 2094 230 2129 quae
240 2080 285 2114 est
296 2081 427 2115 caerulea
439 2084 631 2127 excipias,ex
644 2093 781 2128 utroque
799 2081 908 2116 colore
923 2088 956 2120 &
966 2086 1066 2131 panni
1082 2084 1214 2121 &iridis
1225 2112 1235 2128 ,
1245 2096 1383 2131 quorum
1393 2087 1451 2123 ille

64 2130 158 2166 realis
169 2159 180 2174 ,
191 2129 242 2164 hic
257 2141 413 2177 apparens
429 2132 462 2166 in
472 2130 600 2166 Scholis
615 2131 791 2172 vocitatur,
802 2142 972 2178 purpureus
990 2144 1144 2180 emerget.
1155 2135 1188 2167 Si
1205 2145 1327 2182 pannus
1351 2146 1451 2171 caeru.

63 2179 133 2214 leus
149 2180 263 2221 fuerit,
277 2177 430 2213 circulum
442 2180 529 2213 iridis
540 2178 661 2215 flavum
674 2180 708 2213 in
725 2179 864 2213 viridem
879 2191 1061 2217 convertet.
1083 2182 1174 2227 Qin
1186 2187 1222 2219 δε
1235 2182 1299 2215 duo
1319 2184 1450 2229 prisma-

65 2240 97 2263 ta
107 2229 181 2262 duas
192 2227 285 2261 irides
295 2229 469 2273 projicient
480 2257 489 2271 ,
507 2240 638 2274 quarum
653 2226 776 2262 colores
786 2228 929 2274 permisti
938 2231 970 2265 in
983 2230 1175 2278 compositos
1185 2229 1308 2267 colores
1315 2229 1452 2269 abeunt,

62 2279 114 2313 Sic
125 2278 159 2314 in
168 2276 249 2312 iride
260 2275 370 2312 viridis
394 2277 484 2313 color
501 2288 543 2313 ex
559 2275 636 2314 flavi
645 2280 678 2314 ὅ(
688 2274 811 2311 caerulei
822 2278 937 2314 vicinia
949 2278 1108 2315 nasciturf

1131 2420 1233 2458 rfff
1262 2424 1283 2469 ij
