1878 2724
300 116 338 148 34
691 97 949 137 PHYSICAE
991 100 1315 138 GENERA-LIS

297 153 455 200 quidquid
470 162 628 186 muratum
640 151 683 185 est
693 180 701 194 ‚
723 149 819 185 facile
837 146 1018 197 tribuimus.
1030 150 1092 184 Sed
1105 150 1202 189 ubi&
1214 163 1322 186 motus
1333 179 1342 194 ‚
1365 154 1399 187 &
1418 160 1523 199 partes
1540 162 1608 199 quae
1620 162 1691 188 mo-

298 215 411 236 ventur
425 231 432 244 ,
465 201 564 235 lenius
589 212 704 234 omnes
728 199 876 246 fugiunt,
903 208 972 231 tum
989 199 1028 232 ad
1053 198 1194 235 formam
1213 199 1451 236 substantialem
1473 201 1688 250 confugimus.

313 253 400 285 Mod
415 251 433 285 li
451 263 558 284 tamen
576 260 681 282 nzotus
700 250 755 294 qui
775 245 862 281 sensu
877 247 1054 294 percipitur
1068 274 1078 290 ,
1104 259 1229 283 tantam
1248 251 1281 284 in
1307 248 1402 285 rebus
1422 252 1614 286 varietatem
1635 251 1688 285 ef-

297 301 363 335 ficit
377 330 385 343 ‚
404 300 551 335 dubitare
569 310 636 332 non
650 295 808 345 possumus
829 297 909 343 quin
926 307 1034 344 partes
1063 308 1135 342 quae
1160 295 1259 333 sensus
1281 297 1410 347 fugiunt
1423 329 1431 342 ,
1447 303 1535 349 juxta
1559 299 1687 335 easdem

295 351 382 398 lege>
396 359 586 383 moveantur
604 375 613 389 ,
631 358 729 393 atque
746 358 785 381 ex
799 356 909 380 earum
929 356 1044 389 motu,
1068 351 1102 383 δε
1121 345 1379 394 configuratione
1397 350 1560 398 quidquid
1581 361 1689 384 muta-

294 401 390 433 t²onis
400 398 540 439 accidit,
552 397 687 431 omnino
698 396 839 430 ducatur.

328 447 482 492 Confirm.
501 448 616 481 Motus
632 445 675 479 est
692 444 784 480 velut
800 455 919 479 naturae
930 457 1106 480 commune
1118 444 1368 480 instrumentum
1380 474 1389 488 ‚
1409 457 1476 492 quo
1496 450 1610 484 cuneta
1629 461 1690 497 pe-

293 510 334 532 ne
346 495 528 532 efficiuntur
543 510 549 530 :
578 494 680 543 figura
696 496 836 543 partium
847 523 856 537 ,
874 495 956 528 ordo
968 499 1000 530 &
1016 506 1103 528 certa
1120 495 1312 543 magnitudo
1322 495 1362 528 ad
1375 496 1543 530 materiam
1554 499 1689 544 quidem

293 548 495 594 pertinent&
513 556 641 580 motum
654 546 742 579 var⁵e
760 544 988 579 determinant.
1008 546 1060 578 Sic
1077 545 1109 578 in
1124 543 1297 591 horologio
1307 543 1509 591 portatilivis
1522 548 1640 589 omnis,
1653 553 1689 584 &

293 607 403 630 motus
414 594 455 629 ab
466 595 602 629 elaterio
616 623 625 637 ‚
642 607 671 629 v.
684 594 805 640 rtffort,
821 591 874 627 seu
888 592 908 628 a
920 593 1099 628 convoluto
1113 592 1255 640 chalybe
1272 593 1419 628 dimanat
1433 607 1440 628 ε
1460 592 1512 626 sed
1530 605 1689 638 rotarum,

293 657 392 692 atque
406 644 542 678 aliarum
556 645 698 692 partium
715 642 818 691 figura
829 671 838 685 ‚
863 648 896 679 &
916 641 1107 691 compositio
1125 653 1254 677 motum
1269 641 1361 677 illum
1372 654 1458 676 certa
1470 644 1594 679 ratione
1605 654 1691 680 tem-

294 705 428 743 perant,
453 707 521 741 quo
539 694 682 728 dimetiri
703 703 853 740 tempora
866 721 876 734 ,
893 697 928 728 δε
944 692 1036 727 horas
1047 692 1189 726 indicare
1203 690 1311 740 poffit.

331 742 449 779 TertIo
461 756 499 778 cx
518 745 554 776 iis
570 754 649 789 quas
660 743 799 776 diximus
812 740 1042 777 affectionibus
1057 739 1431 790 materiae,generatio:&
1450 742 1625 788 corruptio,
1637 752 1689 775 at..

293 806 359 842 que
373 805 488 828 omnes
507 793 681 840 qualitates
699 791 858 833 ducuntur
873 819 882 834 ‚
911 803 971 826 nec
985 789 1110 827 neceffe
1128 791 1170 825 est
1186 790 1324 825 formam
1343 789 1579 825 substantialem
1601 802 1692 825 com·

295 843 419 878 minisci
430 872 439 886 ‚
456 855 528 890 quae
545 842 615 876 illas
625 840 780 877 effundat.
804 840 904 886 Qod
919 839 1037 875 sienim
1049 869 1057 883 ‚
1076 841 1245 886 inquiunt,
1263 839 1343 875 nihil
1362 837 1439 874 ess'et
1464 841 1496 874 in
1509 851 1617 873 rerum
1631 852 1691 874 na-

292 905 364 928 tura
378 903 492 941 practer
503 894 632 927 unicam
646 887 793 926 atomum
804 919 815 934 ‚
837 888 889 924 seu
901 902 1016 938 corpus
1030 887 1274 925 minutisfimum
1287 918 1296 932 ,
1310 895 1343 926 δε
1360 888 1505 924 inseCkile
1517 916 1527 931 ,
1549 887 1623 922 huic
1637 890 1690 923 ni-

294 942 341 977 hil
358 954 473 990 praeter
484 954 610 977 motum
626 971 635 985 ,
648 944 797 989 quietem
811 970 820 985 ‚
845 938 999 989 figuram,
1023 945 1056 976 &
1079 951 1200 975 certam
1213 937 1436 974 extenlionem
1461 936 1560 971 tribui
1574 935 1690 985 poffet.

286 993 362 1042 jam
374 990 394 1026 si
406 992 512 1040 plures
527 1003 655 1027 atomos
670 990 752 1026 sicin
763 1004 863 1026 unum
876 1002 989 1039 corpus
1000 988 1149 1024 coaluilse
1169 988 1324 1037 fingamus
1334 1017 1343 1032 ‚
1362 998 1399 1022 ut
1417 999 1527 1023 tamen
1543 989 1634 1022 varie
1646 986 1690 1021 di.

295 1040 376 1075 velli
393 1047 426 1078 &
447 1044 534 1077 inter
549 1041 578 1076 se
600 1038 933 1089 commisceripoffint
946 1069 955 1084 ,
974 1051 1043 1075 tum
1061 1040 1142 1074 ordo
1161 1039 1294 1086 quidam
1310 1040 1394 1073 inter
1407 1048 1533 1086 partes,
1548 1035 1601 1070 vel
1614 1035 1689 1071 fitus

294 1089 447 1139 exsurget.
472 1092 578 1138 Atque
593 1102 629 1125 ut
649 1103 688 1125 ex
706 1091 797 1125 vario
808 1104 866 1135 24.
879 1089 1045 1123 literarum
1066 1088 1240 1135 complexu
1263 1099 1360 1121 voces
1373 1088 1550 1120 innumerae
1562 1114 1572 1128 ‚
1589 1084 1628 1119 fic
1649 1097 1690 1119 ex

294 1140 419 1173 diversa
436 1150 640 1183 atomorum,
664 1138 717 1173 vel
733 1141 871 1186 partium
886 1139 1088 1172 admixtione
1101 1136 1235 1172 infinitae
1253 1148 1355 1184 prope
1371 1147 1419 1169 res
1439 1132 1566 1183 possunt
1585 1145 1691 1169 emer-

294 1201 381 1236 gere.
398 1191 497 1224 Nunc
512 1187 533 1221 fi
553 1188 615 1222 hoc
627 1186 809 1222 universum
827 1188 959 1235 plenum
977 1185 1167 1234 corporibus
1184 1214 1193 1228 ,
1212 1198 1246 1220 ut
1262 1197 1375 1219 revera
1391 1185 1434 1219 est
1451 1213 1461 1227 ,
1482 1194 1594 1218 mente
1611 1196 1692 1219 con-

297 1240 451 1285 cipiamus
462 1266 471 1280 ‚
486 1248 554 1271 tum
571 1235 666 1272 facili:
681 1235 899 1284 intelligemus
913 1247 948 1270 ut
969 1247 1008 1270 ex
1025 1247 1140 1269 mutuo
1156 1236 1297 1282 partium
1316 1233 1453 1276 accedit,
1475 1243 1531 1266 aut
1553 1231 1668 1267 receffu
1679 1260 1690 1275 ‚

297 1298 355 1320 aut
373 1299 415 1321 ex
431 1284 670 1333 transpositione
682 1297 731 1319 res
749 1284 982 1333 peneinfinitae
995 1286 1156 1332 procreari
1171 1295 1227 1318 aut
1248 1285 1409 1331 corrumpi
1427 1293 1562 1330 queant.

336 1336 529 1378 Postremo,
552 1337 706 1381 inquiunt
721 1363 730 1377 ‚
760 1333 779 1369 fi
801 1334 969 1369 hominem
996 1335 1028 1368 in
1044 1333 1106 1367 hoc
1124 1331 1274 1368 universo
1288 1361 1297 1375 ,
1315 1343 1451 1380 corpore
1474 1336 1506 1367 &
1526 1335 1634 1366 anima
1651 1329 1691 1365 fic

295 1385 467 1434 praeditum
487 1385 659 1419 statuamus
672 1412 680 1426 ,
694 1394 730 1418 ut
747 1386 835 1419 varie
851 1383 871 1419 ὲ,
890 1384 1099 1429 circumjeffls
1111 1381 1300 1430 corporibus
1315 1379 1398 1416 affici
1417 1379 1528 1429 poffir,
1549 1392 1587 1414 ac
1603 1392 1692 1427 quae-

298 1436 374 1470 dam
390 1432 502 1468 oculos
513 1463 522 1477 ‚
541 1433 605 1467 alia
622 1445 712 1467 aures
729 1461 739 1476 ‚
757 1432 914 1467 nonnulla
933 1431 1076 1480 palatum
1090 1443 1265 1467 moveant:
1285 1443 1385 1478 atque
1403 1430 1505 1465 homo
1522 1432 1566 1464 ita
1582 1428 1617 1463 fit
1630 1428 1693 1464 dis-

297 1483 414 1532 positus
430 1512 440 1526 ‚
457 1494 492 1517 ut
504 1485 613 1517 anima
627 1482 815 1529 quaepraeest
827 1484 954 1530 corpori
971 1510 980 1524 ‚
1001 1483 1104 1515 varias
1128 1493 1199 1528 quae
1219 1480 1238 1516 ὲ.
1255 1478 1448 1515 circumfufis
1475 1477 1556 1514 fiunt
1573 1490 1692 1526 corpo..

297 1532 382 1568 ribus
394 1530 617 1580 impreffiones
632 1533 789 1580 percipiat
802 1560 812 1574 ,
838 1543 874 1565 ac
885 1529 1013 1566 diver-fis
1026 1542 1078 1564 eas
1095 1528 1196 1578 signet
1213 1528 1405 1565 nominibus
1423 1542 1431 1563 :
1449 1540 1516 1563 tum
1533 1527 1605 1563 sane
1621 1526 1691 1562 illas

297 1581 517 1630 impreffiones
529 1581 646 1616 coloris
665 1591 720 1614 aut
737 1579 854 1627 saporis
864 1609 873 1623 ‚
890 1592 946 1614 aut
958 1578 1091 1614 aliarum
1105 1578 1300 1625 qualitatum
1313 1580 1448 1613 nomine
1460 1575 1585 1613 efferet.
1598 1577 1694 1624 Qin

297 1637 331 1669 &
344 1631 489 1666 colorum
500 1659 509 1674 ‚
523 1630 576 1665 vel
590 1628 739 1678 saporum
751 1657 759 1672 ,
773 1640 829 1663 aut
843 1628 992 1663 sonorum
1007 1628 1112 1676 plures
1124 1640 1258 1675 quoque
1274 1627 1476 1663 differentias
1498 1638 1557 1674 pro
1573 1627 1666 1661 variis
1680 1654 1693 1669 ,

297 1679 418 1729 quibus
431 1677 571 1714 afficitur
581 1678 687 1713 modis
701 1706 710 1720 ,
725 1676 936 1725 excogitabit.
945 1677 1068 1723 Easque
1084 1676 1258 1723 qualitates
1273 1689 1409 1723 quarum
1425 1674 1558 1722 longam
1579 1674 1693 1709 seriem

298 1739 453 1764 contexet
466 1757 476 1772 ,
494 1740 529 1762 ur
545 1740 593 1761 res
616 1725 767 1773 quasdam
779 1753 789 1767 ‚
808 1737 864 1760 aut
887 1725 1058 1760 facultates
1078 1722 1267 1772 corporibus
1291 1723 1461 1758 insidentes
1487 1724 1692 1771 cogitatione

299 1780 464 1826 depinget.
474 1776 566 1812 Nihil
577 1777 662 1810 enim
675 1786 765 1809 mens
775 1773 832 1809 sibi
844 1773 979 1809 exhibet
996 1772 1051 1808 nisi
1062 1775 1143 1808 entis
1161 1771 1269 1807 forma
1282 1773 1429 1807 indutum
1451 1785 1458 1806 ε
1477 1769 1602 1806 tametsi
1620 1771 1692 1806 for..

302 1839 333 1861 te
347 1831 380 1861 in
395 1825 491 1860 rebus
502 1824 571 1874 ipfis
581 1824 660 1859 nihil
670 1824 716 1859 est
727 1835 842 1873 praeter
853 1834 978 1859 motum
988 1852 997 1867 ‚
1017 1822 1151 1872 figuram
1166 1850 1176 1866 ‚
1196 1827 1229 1859 &
1240 1821 1336 1866 alias,
1356 1821 1396 1856 de
1410 1819 1526 1869 quibus
1537 1821 1690 1863 diximus,

300 1874 494 1911 affefflones
505 1904 515 1918 ‚
531 1887 602 1922 quae
622 1873 766 1908 sensuum
786 1885 908 1922 organa
922 1872 1056 1908 feriunt.

336 1926 421 1959 Cum
435 1936 517 1971 aqua
528 1937 588 1971 v.g
607 1925 748 1971 agitatur
761 1951 770 1965 ,
787 1935 855 1958 tum
872 1920 980 1970 spuma
1002 1934 1040 1956 ex
1061 1922 1157 1955 variis
1181 1919 1324 1969 globulis
1339 1917 1516 1967 composita
1532 1921 1669 1967 emergit
1680 1948 1690 1962 ‚

302 1987 370 2021 quae
379 1974 554 2008 candorem
567 1985 630 2021 prae
651 1971 680 2006 se
694 1971 760 2006 fert
772 2000 782 2015 ,
799 1971 856 2006 ubi
875 1972 980 2006 radios
997 1970 1069 2006 solis
1089 1972 1122 2004 in
1141 1970 1253 2004 oculos
1266 1972 1396 2018 regerit.
1414 1970 1461 2002 Ac
1476 1967 1496 2002 fi
1507 1969 1557 2003 vel
1567 1969 1693 2012 oculus,

302 2024 356 2057 vel
377 2023 485 2057 lumen
503 2035 569 2057 non
582 2020 679 2063 adsit,
701 2033 766 2057 uon
782 2024 885 2070 magis
900 2021 1076 2056 candorem
1094 2017 1282 2063 obtinebit,
1304 2031 1400 2066 quam
1417 2017 1605 2052 verberatus
1620 2021 1693 2062 aer,

302 2078 336 2110 ὃ(
346 2071 474 2106 occursu
486 2073 627 2120 corporis
638 2069 832 2119 repercussus
843 2099 853 2114 ,
878 2070 966 2106 Echo
979 2070 1041 2104 dici
1055 2068 1158 2116 potest
1172 2098 1182 2112 ,
1200 2067 1255 2103 nili
1266 2070 1290 2102 is
1301 2068 1341 2103 ad
1352 2079 1441 2102 aures
1455 2067 1578 2102 nostras
1588 2080 1693 2114 appu..

304 2122 390 2157 lerti.
407 2123 459 2155 Sic
475 2120 533 2155 ubi
554 2120 673 2169 glacies
685 2122 799 2154 teritur
811 2148 820 2162 ‚
836 2131 905 2154 tum
918 2130 1025 2167 partes
1038 2117 1167 2153 divulsae
1180 2120 1274 2153 variis
1288 2116 1413 2165 angulis
1423 2145 1432 2159 ‚
1457 2121 1490 2152 ὃ(
1511 2114 1693 2163 superficie-

303 2171 363 2206 bus
374 2169 486 2218 asperae
496 2170 600 2203 lucem
611 2167 782 2203 reflectunt
793 2168 979 2203 uberiorem
996 2196 1005 2211 ‚
1025 2173 1058 2204 &
1069 2167 1207 2215 speciem
1219 2166 1366 2202 candoris
1378 2163 1519 2212 praebent
1536 2178 1544 2200 :
1557 2163 1607 2198 sed
1618 2175 1692 2198 cum

304 2220 399 2256 radiis
411 2218 561 2253 solaribus
574 2216 715 2266 exposita
727 2217 875 2265 liquescit
887 2247 896 2260 ,
919 2229 985 2252 tum
1004 2218 1103 2264 magis
1121 2216 1262 2264 pellucet
1282 2231 1289 2252 :
1307 2213 1395 2262 quod
1415 2214 1580 2260 pauciores
1598 2211 1692 2247 refle-

307 2271 371 2303 ctat
387 2268 503 2303 radios.
513 2270 592 2302 Haec
604 2279 715 2302 tamen
730 2280 796 2301 non
812 2266 895 2301 aliud
915 2267 1092 2313 quidquam
1109 2278 1223 2314 praeter
1238 2278 1359 2300 novum
1374 2262 1511 2309 partium
1529 2262 1691 2304 ordinem,

304 2320 501 2363 acquiritSic
511 2330 594 2364 aqua
605 2317 682 2351 dum
694 2317 831 2364 partium
845 2317 1055 2363 agitationem
1068 2318 1267 2360 ainittit,jam
1279 2310 1691 2358 firma‚f1·.1gili5‚&op.1ci0r

304 2367 425 2407 evadit,
437 2377 568 2412 tumque
584 2366 702 2413 glacies
717 2365 973 2402 vocitaturtnihil
986 2376 1093 2401 tamen
1105 2366 1134 2398 ei
1146 2363 1246 2397 accidi
1263 2373 1377 2410 praeter
1387 2361 1526 2409 partium
1539 2360 1690 2396 ordinem
