1878 2724
71 177 188 218 multos
207 175 228 212 ὲ
244 173 380 226 largiore
394 170 499 206 imbre
513 173 580 207 dies
593 185 673 220 aqua
686 171 795 208 senfim
812 185 850 208 ex
861 173 914 208 illa
930 174 1081 208 exteriori
1097 183 1188 210 terrae
1201 174 1297 210 crusta
1316 177 1351 212 in
1375 144 1446 228 [39ξῖ

72 239 124 262 cus
139 225 192 260 vel
204 227 235 260 in
249 223 361 259 infima
377 233 467 269 parte
478 221 568 256 collis
585 234 753 256 excavatas
766 251 775 265 ,
787 234 826 258 ex
839 221 955 269 quibus
970 223 1131 258 interdum
1144 223 1263 272 lapides
1275 235 1446 273 eruuntur,

71 274 214 312 stillatim
224 273 358 306 decidit.
367 273 446 305 Non
461 270 548 317 quod
561 270 690 318 pluviae,
704 283 758 304 aut
772 272 862 305 nives
875 273 1039 319 planitiem
1048 275 1166 307 montis
1182 271 1362 308 obsidentes
1374 289 1446 313 eam

69 333 261 372 penetrent,
280 325 313 356 &
324 321 410 355 refia
425 319 588 353 decidant,
611 319 646 352 id
659 321 748 354 enim
762 319 830 354 fieri
844 333 909 354 non
924 319 1008 367 posse
1020 321 1199 368 stagnantes
1219 333 1309 367 aquae
1334 323 1387 359 vel
1413 328 1446 361 in

68 373 150 419 agris
162 398 171 413 ‚
187 369 239 404 vel
254 372 287 404 in
302 369 462 402 montium
476 369 559 415 jugis
570 366 664 415 plane
675 368 894 403 demonstrant
911 382 918 403 :
937 370 1073 403 maxime
1091 382 1162 405 cum
1180 369 1289 417 pluma
1305 374 1360 407 vix
1383 379 1446 408 ιρι-ς

68 431 135 454 tam
147 418 227 453 ultra
240 419 317 451 duos
327 416 424 464 pedes
439 427 604 463 penetret:
622 415 672 450 sed
685 428 769 462 aqua
781 415 835 451 sub
846 416 914 463 ipso
925 417 1013 451 velut
1027 420 1146 452 corrice
1173 421 1293 452 montis
1312 421 1446 458 declivis'

67 467 279 503 fertur.Narn
292 478 332 500 eo
344 465 404 499 loci
419 476 499 498 terra
516 463 584 498 fere
597 464 692 500 instar
706 464 880 513 tegularum
897 464 1091 500 imbricatim
1105 469 1148 500 ita
1166 467 1211 500 est
1231 466 1392 514 disposita,
1412 484 1447 507 ut

68 515 243 550 extrorsum
254 525 374 561 aquam
381 513 516 559 repellat
526 541 534 554 ,
548 525 607 547 nec
619 512 697 548 sinat
707 526 777 548 eam
791 516 874 549 intus
885 512 1097 550 subirevHinc
1108 519 1162 562 qui
1176 528 1296 562 aquam
1307 529 1343 550 ex
1356 532 1447 554 mon-

67 563 152 599 tibus
166 565 325 599 deducunt
336 568 346 606 ¹,
364 561 511 598 infimam
521 562 632 596 duetus
642 591 651 605 ,
665 574 720 597 aut
730 563 846 598 canalis
854 574 979 610 partem
990 563 1098 611 argilla
1110 577 1175 598 non
1186 576 1446 613 muniunt,quam

66 612 274 660 disrumperet
293 624 393 658 aqua,
411 622 477 658 quae
488 622 528 645 ex
540 610 652 658 pluviis
663 622 719 657 pei·
735 611 856 646 devexa
873 614 991 646 mont-is
1006 640 1014 654 ‚
1030 611 1086 646 sub
1104 616 1210 661 primo
1227 613 1316 648 velut
1325 618 1447 651 cortice

66 661 226 696 delabitur
239 689 246 702 ‚
257 671 396 707 quaeque
408 661 505 693 etiam
517 661 758 705 aquae-durstum
776 672 964 695 excavatum
978 659 1069 696 subit.

102 708 329 756 Quamobrem
345 709 378 743 hi
389 707 483 742 rivuli
497 708 536 741 ad
555 709 680 742 radices
701 711 860 743 montium
875 711 1080 744 continenter
1094 708 1362 752 labuntur,donec
1376 713 1448 761 plu-

66 770 114 793 res
124 761 240 793 co‘e'ant
252 786 260 800 ,
278 762 309 793 &
323 759 354 791 in
367 762 523 804 majorem
535 755 671 791 fluvium
682 756 874 793 illabantur:
888 771 1027 805 cumque
1043 759 1064 794 ὲ
1075 757 1241 793 montibus
1253 789 1261 802 ,
1274 759 1448 808 praesertim

65 808 134 855 post
149 806 286 841 multum
304 804 442 841 imbrem
454 835 462 849 ‚
482 804 594 840 limum
602 803 706 840 secum
731 806 851 841 vehant
867 835 877 850 ,
894 807 944 841 hic
962 806 1072 842 sensim
1084 808 1253 856 congestus
1267 810 1398 845 fundum
1414 816 1451 848 δε

65 855 238 892 fluviorum
266 857 449 891 &rivorum
460 852 587 889 oblinit.
611 854 743 901 Quodsi
762 854 849 890 forte
867 867 983 890 terram
1002 859 1156 904 pinguem
1177 862 1209 893 δέ
1230 856 1355 893 firmam
1380 873 1447 896 non

68 903 236 940 offendant
248 933 257 947 ‚
276 902 438 938 arenosam
452 915 568 938 terram
583 914 757 950 penetrant
772 932 781 945 ,
797 905 872 938 dum
887 904 1031 952 argillosa
1045 916 1126 939 terra
1136 933 1146 947 ‚
1166 918 1234 952 quae
1244 906 1365 955 ubique
1378 909 1446 944 fere

67 955 222 996 occurrit,
243 952 467 988 sustineantur:
481 963 534 986 aut
550 963 636 986 certe
651 964 707 1000 per
720 952 922 988 anfractuosa
932 982 941 997 ‚
958 958 992 990 δε
1007 952 1131 1003 petrosa
1146 954 1219 989 loca
1233 954 1295 990 sese
1307 960 1339 991 in
1359 968 1447 993 terrae

68 1014 145 1036 cava
164 1000 337 1037 insinuante

96 1065 141 1097 5⁰·
162 1051 246 1085 Cum
264 1052 372 1095 itaque
385 1047 476 1083 fluvii
492 1050 559 1097 post
570 1048 719 1098 largiores
738 1049 857 1085 imbres
872 1081 881 1094 ‚
898 1063 954 1086 aut
971 1053 1061 1086 nives
1082 1051 1196 1085 solutas
1215 1053 1453 1100 intumescunt‚'

67 1110 150 1146 aqua
164 1111 220 1147 per
229 1097 366 1132 arenosae
382 1108 531 1131 terraeaut
547 1097 692 1145 lapidosae
701 1111 823 1133 meatus
833 1098 929 1143 subit,
943 1106 975 1136 &
991 1099 1124 1133 declivis
1134 1099 1235 1134 fertur
1247 1129 1256 1143 ‚
1270 1103 1375 1138 donec
1387 1117 1448 1138 ter—

68 1159 134 1181 ram
153 1146 330 1195 argillosim
343 1175 352 1189 ,
375 1157 430 1179 aut
444 1145 601 1193 lapidibus
619 1145 778 1181 firmatam
797 1146 963 1185 offendat:
984 1160 1117 1194 tumque
1132 1149 1227 1182 instar
1252 1149 1447 1197 scaturiginis

67 1196 273 1231 interdurnin
288 1195 350 1243 ipsa
363 1194 501 1229 fluminis
513 1197 579 1242 ripa
605 1196 673 1242 post
687 1195 848 1230 decursum
863 1208 956 1231 terrae
982 1196 1135 1244 spatium,
1165 1198 1327 1234 interdum
1349 1193 1452 1237 etiam'

68 1245 101 1278 in
112 1244 216 1278 media
227 1243 362 1292 planitie
376 1254 519 1290 apparet.
537 1246 608 1277 Imo
623 1249 655 1280 δι
666 1256 744 1277 cava
752 1245 792 1278 ad
810 1248 971 1280 montium
997 1245 1117 1278 radices
1141 1257 1249 1292 aptata
1271 1247 1447 1295 aliquando

68 1292 184 1340 implet
194 1321 203 1336 ,
223 1294 326 1327 donec
338 1292 378 1325 ad
387 1290 530 1326 libellam
542 1321 552 1334 ‚
563 1297 595 1328 &
607 1291 743 1327 velutin
757 1292 934 1339 aequilibrio
945 1306 1018 1328 cum
1029 1305 1110 1340 aqua
1125 1291 1265 1329 fluminis
1279 1298 1447 1334 constitua-

69 1352 139 1376 tur:
158 1354 216 1375 nec
230 1340 437 1387 facilepotest
450 1341 518 1387 post
536 1341 787 1375 exundationem
799 1353 962 1385 remeare,
988 1343 1074 1389 quod
1094 1354 1149 1388 per
1176 1344 1315 1380 tumulos
1335 1358 1447 1382 extan-

70 1400 117 1423 tes
128 1389 259 1424 velutin
275 1390 356 1423 lacus
367 1417 376 1431 ‚
393 1400 445 1423 aut
465 1389 552 1423 labra
562 1388 762 1424 descenderit
773 1418 783 1432 ,
803 1395 836 1426 &
856 1389 995 1425 fluminis
1021 1391 1116 1424 alveo
1134 1389 1168 1424 fit
1181 1391 1341 1430 humilior.
1356 1396 1446 1431 Mul-

70 1448 137 1472 tum
157 1449 264 1473 tamen
279 1449 370 1484 aquae
381 1450 419 1472 ex
428 1436 497 1470 aliis
509 1437 586 1472 locis
595 1437 691 1485 paulo
703 1438 887 1473 elatioribus
908 1439 1016 1474 sensim
1039 1441 1070 1474 in
1090 1438 1216 1473 alveum
1231 1439 1373 1477 fluminis
1393 1445 1448 1479 de-

68 1485 252 1534 preffiorem
262 1485 422 1522 relabitur.
438 1488 524 1520 Hinc
536 1498 585 1520 tot
598 1486 796 1534 scaturigines
814 1488 847 1522 in
866 1489 942 1536 ripis
959 1487 1133 1522 fluviorum
1145 1516 1153 1530 ,
1175 1491 1245 1524 &in
1258 1492 1372 1526 mediis
1384 1492 1448 1528 flu-

69 1534 207 1570 minibus
226 1546 412 1577 occurrunt3
433 1546 470 1568 ex
481 1547 563 1581 aqua
581 1538 729 1569 nimirum
741 1534 854 1579 fluvii,
873 1550 943 1584 quae
955 1549 1011 1583 per
1020 1535 1184 1570 arenosam
1203 1548 1318 1572 terram
1343 1542 1448 1588 egres.

68 1583 99 1618 sa
109 1585 139 1618 in
152 1584 285 1619 alveum
295 1585 477 1618 revertitur.
492 1585 580 1617 Hinc
590 1596 656 1629 quo
672 1582 765 1620 fluvii
776 1596 858 1631 aqua
874 1598 935 1633 pi‘ae
951 1584 1090 1619 siccitate
1109 1584 1155 1617 est
1175 1585 1345 1632 depressior
1358 1617 1366 1631 ‚
1385 1589 1456 1624 hoc·

67 1631 128 1665 511ae
140 1631 339 1680 scaturigines
352 1634 449 1680 magis
463 1632 663 1668 minuuntur.
672 1635 804 1666 Interim
816 1644 924 1669 tamen
940 1632 1134 1680 aequabilem
1146 1632 1214 1667 sere
1223 1633 1364 1670 fluminis
1378 1650 1447 1672 cur·
1462 1679 1465 1681 .

69 1679 136 1714 stim
151 1692 279 1715 tuentur
288 1710 295 1723 ,
315 1681 418 1715 donec
427 1692 528 1715 novus
542 1680 657 1728 pluviae
668 1692 840 1728 proventus
851 1681 1020 1716 accesserit-

105 1729 192 1763 Rem
203 1731 244 1763 ita
257 1729 315 1764 effe
333 1729 439 1763 multis
457 1729 583 1763 constat
601 1731 809 1777 argumentls.
823 1732 909 1766 Nam
924 1730 1031 1765 alveus
1050 1730 1190 1765 fluminis
1207 1732 1237 1767 in
1258 1732 1358 1768 fundo
1379 1734 1444 1783 ple-

69 1789 206 1822 rumque
224 1778 270 1811 est
282 1777 440 1826 argillosiis
452 1807 461 1821 ‚
479 1790 552 1812 cum
574 1780 650 1825 ripae
674 1777 744 1826 ipsae
759 1778 818 1814 sint
829 1778 968 1814 arenosae
982 1796 990 1821 3
1005 1792 1142 1827 cumque
1162 1780 1279 1815 flumen
1291 1781 1389 1829 pleno
1404 1784 1446 1819 al-

71 1838 133 1862 veo
144 1825 215 1860 fluit
228 1855 237 1869 ‚
254 1838 305 1861 aut
317 1827 457 1861 exundat
471 1855 481 1869 ‚
497 1838 577 1873 aqua
589 1830 720 1874 proprio
732 1827 876 1875 pondere
887 1839 942 1874 per
950 1828 1098 1862 arenosos
1110 1841 1232 1863 meatus
1245 1828 1334 1865 subit.
1358 1835 1455 1867 Hine

71 1877 161 1922 putei
172 1887 283 1908 omnes
294 1904 303 1918 ,
321 1881 353 1911 &
378 1874 464 1909 cellae
477 1877 604 1909 vinaria:
617 1888 698 1922 aqua
714 1877 874 1911 interdum
890 1876 1063 1925 implentur
1078 1891 1084 1912 :
1103 1878 1190 1923 quod
1210 1879 1242 1912 in
1264 1881 1447 1916 exundatio-

73 1921 168 1956 nibus
179 1925 338 1969 Sequanae
348 1923 538 1971 plerumque
555 1926 711 1958 cernimus
727 1939 735 1961 z
753 1925 989 1960 detumescente
1006 1937 1116 1960 autem
1131 1925 1261 1962 flumine
1275 1939 1366 1974 aquae
1383 1930 1446 1965 illae

72 1981 125 2004 aut
138 1981 305 2017 puteorum
316 1999 322 2009 ,
332 1984 385 2006 aut
396 1971 545 2006 cellarum
557 1974 742 2008 minuuntur
752 2003 762 2017 ,
776 1979 809 2010 &
819 1974 970 2022 paulatim
987 1975 1020 2009 in
1036 1974 1157 2009 flumen
1180 1974 1374 2012 relabuntur.

108 2020 155 2054 60.
184 2021 226 2053 Ex
242 2021 278 2052 iis
294 2019 461 2055 conficitur
478 2019 588 2054 fontes
604 2023 705 2069 magis
735 2035 774 2057 ex
789 2022 974 2058 fluminibus
994 2025 1072 2056 oriri
1086 2051 1094 2064 ,
1109 2035 1208 2070 quam
1223 2023 1375 2062 viciffim:
1391 2029 1446 2062 vix

73 2068 161 2101 enim
183 2066 240 2100 ulli
263 2066 331 2102 sunt
348 2070 381 2102 in
396 2069 529 2114 planitie
550 2068 656 2103 fontes
671 2099 679 2113 ‚
707 2082 762 2106 aut
778 2074 886 2119 putei,
908 2075 963 2118 qui
980 2083 1019 2106 ex
1034 2070 1182 2119 superiori
1200 2071 1341 2108 fluminis
1356 2087 1446 2121 parte

73 2116 231 2161 originem
252 2115 335 2150 suam
361 2129 425 2150 non
446 2117 564 2150 ducant
583 2144 593 2158 ‚
610 2122 644 2153 &
674 2131 745 2153 cum
772 2131 854 2166 aqua
873 2120 1014 2155 fluminis
1030 2133 1096 2155 non
1113 2119 1292 2157 librentur:
1310 2124 1391 2156 adeo
1408 2135 1445 2158 ut

74 2165 253 2198 exundante
271 2164 372 2199 fluvio
389 2175 581 2212 augeantur,
595 2171 628 2202 δε
640 2166 840 2201 decrescente
863 2171 1041 2203 minuantur
1054 2198 1063 2212 ‚
1083 2172 1180 2203 etiam
1200 2183 1270 2204 cum
1289 2169 1411 2218 longius
1423 2171 1444 2206 ὲ

74 2211 174 2247 fluvio
184 2213 298 2247 distant
311 2242 320 2255 ‚
338 2226 371 2247 ut
384 2226 424 2247 ex
435 2211 543 2247 multis
554 2217 779 2260 experimentis
789 2216 898 2261 liquet.
912 2219 964 2251 Sic
972 2230 1056 2252 anno
1073 2230 1085 2251 1
1096 2222 1133 2259 67
1145 2231 1152 2251 ι
1176 2217 1281 2251 mense
1289 2220 1445 2264 Januario

74 2272 188 2307 aquam
205 2264 236 2296 in
261 2261 471 2296 subterraneis
490 2263 587 2310 Regii
605 2262 826 2299 Observatorii
840 2266 927 2299 cellis
945 2264 1083 2313 ejusdem
1104 2263 1193 2298 fuisse
1209 2278 1281 2298 cum
1296 2268 1444 2314 Sequana

75 2308 251 2344 altitudinis
264 2323 466 2357 compertum
481 2311 553 2346 fuit.
566 2313 616 2345 Sic
628 2311 682 2345 ubi
697 2325 796 2359 prope
809 2312 944 2348 fluvium
961 2326 1039 2348 terra
1058 2313 1150 2346 altius
1161 2311 1321 2357 effbdstur,
1339 2316 1443 2362 plures

76 2368 243 2396 occurrunt
256 2359 322 2393 fon·
332 2371 375 2401 es,
389 2362 445 2406 qui
460 2357 561 2396 versus
574 2359 695 2396 flumen
705 2359 803 2408 ipsum
814 2361 996 2401 illabuntur.
1016 2362 1104 2397 Hinc
1115 2359 1234 2444 ubique
1251 2362 1317 2397 fere
1330 2366 1363 2400 in
1375 2364 1446 2413 pla·
1460 2377 1462 2379 ’

240 2408 329 2443 Tom.
340 2410 360 2441 l
369 2409 398 2444 l.
1236 2422 1255 2444 x
