1878 2724
426 138 486 174 452
725 119 981 160 PHYSICAE
1020 120 1184 156 PARS
1219 119 1521 176 SECUNDA.

1009 218 1175 265 Defoliis.

459 324 570 366 (λιι-ατε
583 315 692 353 fistula:
707 315 834 366 lignosae
842 327 915 351 cum
928 314 1071 366 appenfis
1083 316 1226 352 utriculis
1236 321 1272 356 &
1289 320 1426 356 tracheis
1438 322 1470 356 in
1483 318 1560 355 folia
1574 318 1737 367 pro'duEtae
1745 319 1809 368 pri.

425 367 520 404 mrim
536 369 569 402 in
578 366 763 415 pedunculo
771 365 861 403 velut
873 366 907 401 in
919 364 1072 402 fasciculi‘i
1084 366 1292 416 colliguntur,
1307 379 1378 405 tum
1391 369 1495 406 solutae
1511 371 1545 405 in
1556 367 1636 404 folia
1647 367 1810 416 explican-

424 428 484 454 tur.
498 417 633 453 Nutritii
646 414 729 450 succi
738 417 847 463 portio
856 415 891 450 in
902 415 939 448 iis
950 415 1004 450 diu
1016 427 1218 451 commorata
1226 429 1302 452 cum
1316 421 1449 467 antiquo
1466 417 1556 453 succo
1567 415 1785 453 fermentescit
1796 444 1808 462 ‚

422 470 457 502 &
469 464 651 514 perficitur3
665 463 733 499 fere
750 476 786 499 ut
799 466 832 499 in
842 474 915 498 cute
922 464 1107 500 animalium
1120 464 1226 499 succus
1244 469 1394 502 nutritius
1408 465 1588 516 percolatus
1600 462 1808 515 expurgatur,

421 515 499 551 dum
509 514 662 549 arffiores
671 524 796 548 meatus
812 511 913 556 subit,
934 525 1074 561 quaeque
1087 512 1157 549 sunt
1175 512 1331 562 superflua
1343 528 1402 565 per
1422 514 1635 552 insensibilem
1656 513 1808 564 perspira-

411 566 545 606 .tionem
558 568 592 601 &
606 562 732 598 sudores
742 561 875 611 expellit
891 575 899 597 ι
919 563 1002 598 adeo
1011 574 1047 598 ut
1058 567 1125 611 jam
1135 563 1300 599 defecatus
1324 564 1468 614 partibus
1483 564 1662 600 nutriendis
1678 562 1715 599 fit
1735 564 1808 599 ido.

418 625 508 650 neus,
524 614 612 649 Hinc
624 613 752 647 cutanei
764 610 873 647 morbi
885 609 1042 659 sanguinis
1054 611 1185 648 massam
1197 610 1353 651 inficiunt.
1374 613 1497 650 insecta
1518 612 1685 648 arboribus
1700 614 1808 661 proxi.

419 674 473 697 ma
487 664 610 697 corium
631 671 684 695 aut
702 660 875 696 cuticulam
891 658 972 708 fiepe
985 672 1146 696 renovant
1162 674 1169 696 :
1190 673 1226 696 ut
1236 664 1332 698 novis
1342 663 1431 699 foliis
1450 661 1548 698 arbor
1558 664 1731 710 quotannis
1750 661 1808 696 de-

417 721 562 755 coratur3
576 722 637 746 nec
654 709 700 744 sui
710 708 823 745 desunt
835 708 923 744 foliis
932 709 992 758 pil'i
1005 737 1015 753 ,
1026 714 1060 747 &
1069 708 1228 758 glandulae
1237 739 1247 754 ‚
1267 716 1302 748 &
1311 710 1399 759 quasi
1411 711 1531 748 sudoris
1543 708 1617 746 vasa
1627 739 1638 754 ‚
1651 720 1688 746 ut
1699 710 1806 748 succus

417 760 453 794 in
468 761 506 796 iis
521 759 698 795 defecatior
712 760 746 794 in
777 770 919 794 emmam
931 786 941 802 ,
964 771 1036 805 quae
1046 757 1101 793 sub
1111 758 1212 794 tutela
1225 759 1296 795 folii
1307 759 1462 797 delitescit
1473 788 1483 804 ‚
1502 758 1695 795 absumatur.

449 807 575 844 Merito
591 819 700 843 tamen
709 807 752 843 du
778 810 838 843 itat
848 806 1050 855 Malpighius
1065 819 1106 842 an
1119 807 1179 856 pili
1190 810 1248 856 qui
1264 809 1355 854 folia,
1365 820 1509 858 gemmas
1523 837 1532 853 ‚
1541 814 1576 846 &
1587 808 1664 843 alias
1678 810 1808 845 tenuio-

416 870 466 892 res
489 857 672 906 plantarum
725 867 809 891 artes
833 867 947 891 ornare
964 855 1088 900 solent,
1121 856 1229 892 tutelae
1239 860 1340 906 gratia
1355 858 1414 894 fint
1435 858 1456 895 ὲ
1479 869 1593 893 natura
1606 856 1722 906 provifi
1736 885 1747 900 ‚
1765 869 1809 895 an

416 908 525 955 potius
538 911 572 943 δι
582 905 683 954 pili&
704 907 787 953 pinae
798 917 866 940 non
878 904 965 939 aliud
980 903 1039 940 fint
1051 904 1149 951 quam
1160 917 1229 954 pars
1246 907 1395 943 alimenti
1410 907 1529 956 plantae
1543 906 1720 942 nutrienda:
1743 908 1805 941 mi.

412 967 471 991 nus
483 955 613 990 idonea.
629 954 718 989 Cum
727 965 837 988 tamen
846 965 1049 1001 gemmarum
1064 953 1177 989 foliola
1187 955 1340 991 mollibus
1351 956 1424 1004 pilis
1436 955 1619 998 vestiantur,
1631 957 1686 1002 qui
1695 954 1807 1003 postea

414 1003 580 1039 tabescunt
592 1032 601 1047 ,
614 1003 646 1037 id
658 1002 729 1038 satis
740 1001 910 1038 verisimile
929 1002 973 1037 est
982 1014 1038 1037 eos
1048 1005 1081 1038 in
1094 1002 1231 1039 tutelam
1240 1007 1408 1041 tenerrimi
1420 1004 1517 1040 foetus
1537 1003 1634 1038 instar
1645 1004 1805 1051 lanuginis

412 1049 474 1088 effe
490 1052 658 1088 formatos.
671 1051 771 1088 Unde
787 1053 822 1086 in
833 1050 993 1099 plerisque
1005 1051 1124 1100 plantis
1136 1052 1195 1100 pili
1204 1052 1332 1088 succum
1344 1053 1572 1089 terebinthinae
1585 1050 1720 1088 fimilem
1730 1052 1806 1087 fun..

412 1101 507 1138 dunt.
520 1103 594 1138 Nec
610 1098 757 1136 dissimile
766 1100 924 1144 quiddam
938 1111 1050 1135 natura
1063 1102 1096 1135 in
1111 1100 1304 1136 animalibus
1321 1130 1331 1145 ,
1350 1108 1384 1140 &
1432 1099 1609 1137 otiffimtim
1625 1102 1658 1137 in
1669 1101 1806 1137 homine

412 1149 530 1185 molita
548 1150 600 1186 cst.
612 1151 704 1186 Nam
714 1150 798 1198 circa
807 1160 899 1184 nares
912 1146 980 1183 sunt
990 1150 1134 1197 quaedam
1151 1149 1308 1198 glandulae
1321 1154 1354 1187 in
1370 1154 1403 1200 ip
1417 1164 1436 1186 a
1448 1161 1538 1194 cute,
1554 1161 1689 1198 quarum
1702 1149 1806 1198 fingu-

411 1198 452 1234 lae
463 1200 649 1234 instruuntur
665 1197 721 1233 suo
732 1197 804 1234 vase
819 1199 1002 1232 excretorio
1012 1226 1022 1241 ,
1051 1199 1139 1246 quod
1152 1202 1186 1234 in
1194 1198 1274 1234 alios
1286 1200 1400 1236 duetus
1410 1201 1550 1235 minores
1568 1199 1734 1235 dividitur.
1757 1200 1805 1234 Hi

413 1248 549 1295 quidem
561 1252 595 1283 in
603 1247 759 1282 rotundos
773 1245 936 1282 folliculos
947 1245 1093 1282 definunt
1103 1253 1136 1284 &
1145 1246 1166 1283 ὲ
1175 1259 1288 1283 centro
1296 1250 1467 1284 excretorii
1478 1246 1554 1282 vafis
1564 1247 1645 1295 pilus
1656 1249 1784 1297 exurgit
1791 1275 1804 1291 ,

413 1299 498 1331 circa
507 1308 608 1345 quem
620 1295 726 1333 lentus
740 1295 857 1330 humor
868 1295 889 1331 ὲ
898 1294 1085 1330 milliaribus
1098 1298 1175 1331 cutis
1185 1296 1348 1344 glanudlis
1358 1296 1469 1334 senfin]
1481 1296 1652 1332 exstillatur
1660 1325 1670 1341 ‚
1680 1302 1714 1334 &
1725 1309 1805 1346 pro-

413 1347 516 1381 ximas
530 1344 629 1380 faciei
643 1356 749 1394 partes
763 1355 878 1379 contra
891 1345 973 1378 aeris
1003 1345 1129 1392 injurias
1140 1356 1257 1379 tuetur.

450 1395 539 1429 Cum
555 1396 664 1442 itaque
675 1393 733 1442 pili
744 1396 777 1428 in
786 1392 874 1428 foliis
885 1397 919 1430 &
927 1392 998 1427 aliis
1013 1393 1193 1441 plantarum
1205 1393 1349 1442 partibus
1359 1394 1418 1430 sint
1429 1393 1514 1442 quafi
1522 1394 1648 1431 utriculi
1660 1394 1718 1431 fibi
1731 1401 1805 1431 mil-⁴

408 1453 473 1478 tuo
483 1446 688 1478 concatenati
700 1457 707 1478 :
722 1452 894 1478 contentus
910 1443 990 1477 iniis
1001 1441 1114 1477 humor
1129 1445 1194 1477 aeri
1208 1444 1364 1492 expositus
1385 1442 1405 1478 fi
1416 1443 1452 1478 sit
1461 1444 1599 1479 volatilis
1607 1473 1617 1488 ,
1634 1455 1689 1480 aut
1698 1457 1804 1493 aquo-

414 1491 460 1527 sus
470 1491 537 1527 cito
548 1491 675 1527 exhalat
690 1521 699 1535 ,
717 1496 751 1528 ὃ(
767 1492 920 1540 digeritur
932 1519 942 1533 ‚
961 1503 998 1524 ac
1013 1489 1190 1538 superstites
1203 1503 1337 1528 manent
1351 1491 1558 1528 utriculorum
1571 1491 1803 1529 membranulae

413 1543 543 1588 penitus
553 1540 711 1575 exhaustae
725 1555 733 1577 :
753 1540 841 1588 quod
854 1538 963 1575 sivero
971 1539 1089 1574 humor
1103 1539 1206 1576 lentus
1217 1539 1252 1576 fit
1266 1569 1275 1584 ‚
1285 1553 1340 1576 aut
1348 1541 1454 1576 acidus
1464 1570 1474 1585 ‚
1487 1554 1543 1577 aut
1554 1543 1695 1590 stipticus
1705 1544 1736 1576 in
1751 1544 1805 1591 pi.

412 1590 462 1624 los
481 1588 606 1639 rigescit
616 1617 626 1632 ,
642 1592 741 1625 autin
755 1589 858 1639 spinas
872 1588 1048 1626 induratur.
1059 1589 1159 1627 Unde
1167 1589 1268 1639 pili&
1277 1589 1371 1639 spinae
1386 1593 1452 1627 vim
1463 1596 1496 1628 &
1506 1593 1632 1640 copiam
1643 1602 1803 1640 vegetan-

414 1641 455 1673 tis
475 1639 621 1674 materiae
636 1639 793 1675 indicant.

412 1706 418 1718 ›
449 1687 512 1723 Pili
525 1686 759 1736 plerumquein
777 1699 868 1736 parte
883 1687 956 1723 folii
971 1699 1071 1736 prona
1085 1716 1096 1732 ,
1111 1693 1145 1724 &
1161 1689 1194 1724 in
1207 1687 1331 1724 costulis
1349 1688 1558 1724 adnascuntur
1572 1703 1579 1724 :
1595 1690 1681 1736 iique
1700 1690 1802 1724 inter-

414 1736 492 1771 dum
506 1734 592 1783 quafi
603 1738 696 1772 nodis
714 1737 856 1773 distineti
867 1736 1034 1780 videntur,
1046 1748 1082 1771 ut
1097 1739 1129 1772 in
1141 1736 1237 1772 salvia
1253 1755 1263 1782 ς
1284 1739 1317 1773 in
1337 1738 1487 1773 cichoreo
1504 1737 1545 1772 ab
1565 1737 1714 1786 ampliori
1734 1734 1810 1772 bafi'

409 1786 451 1819 in
469 1787 595 1833 apicem
608 1814 617 1828 ‚
626 1784 680 1820 seu
689 1788 721 1821 in
731 1785 890 1834 capsulam
905 1784 1132 1820 terebinthinae
1144 1785 1272 1834 plenam
1285 1815 1294 1828 ‚
1309 1798 1446 1832 eumque
1454 1786 1632 1821 rotundum
1642 1785 1799 1821 desinunt:

414 1834 501 1868 idem
518 1835 550 1867 in
561 1833 693 1869 floribus
716 1840 751 1871 &
768 1835 867 1870 calice
881 1833 1022 1868 cichorei
1038 1835 1115 1868 dum
1128 1835 1231 1869 adhuc
1249 1835 1438 1869 teneri—sont
1456 1840 1488 1871 δε
1502 1834 1629 1876 molles,
1641 1833 1799 1882 ⁴conspici.

413 1894 493 1917 muS.
504 1882 539 1916 ld
550 1881 650 1930 ipsum
666 1885 698 1917 in
712 1882 798 1917 foliis
812 1889 845 1919 &
859 1881 984 1916 surculis
996 1882 1149 1916 avellanae
1158 1894 1288 1917 cernere
1301 1883 1358 1918 est.
1372 1885 1408 1917 ln
1425 1885 1491 1917 vite
1505 1881 1581 1917 folia
1591 1882 1674 1930 pilos
1687 1882 1800 1917 candi-

412 1931 470 1964 dos
483 1959 493 1972 ‚
505 1935 710 1966 &contortos
721 1934 885 1966 emittunt.
899 1931 1008 1973 Qare
1019 1929 1096 1964 illud
1109 1943 1173 1965 non
1184 1929 1340 1966 abhorret
1351 1931 1372 1967 ἐι
1383 1930 1542 1966 verisimili
1556 1931 1735 1979 plantarum
1745 1930 1800 1967 fo.

411 1977 453 2012 lia
485 1978 534 2012 ilis
551 1979 658 2012 vestiri
670 1991 705 2014 ut
715 1992 772 2027 per
787 1991 841 2014 eos
854 1978 983 2014 tubulos
1000 1977 1155 2025 pluviam,
1164 1990 1217 2014 aut
1226 1991 1331 2014 rorem
1344 1980 1503 2028 exsugant·
1514 1980 1615 2016 Unde
1624 1990 1660 2014 ut
1673 1981 1799 2028 optime

410 2026 456 2061 ob
472 2038 563 2061 ervat
579 2029 620 2063 D.
639 2029 805 2061 Marione
822 2030 855 2063 in
870 2028 1048 2062 tentamine
1062 2028 1102 2062 de
1112 2028 1292 2076 plantarum
1306 2031 1538 2078 vegetatione,
1555 2026 1662 2063 herbae
1671 2032 1800 2075 aquati.

411 2088 455 2110 cae
465 2087 500 2110 ut
510 2076 697 2111 nasturtium
707 2105 718 2120 ‚
737 2076 901 2124 nenuphar
913 2103 923 2119 ,
938 2074 991 2110 seu
1002 2074 1104 2111 lilium
1128 2079 1312 2124 aquaticum
1327 2078 1415 2113 tersae
1433 2078 1519 2120 sunt,
1534 2089 1600 2112 non
1617 2077 1688 2124 pi'is
1702 2077 1798 2113 hirsu-

414 2135 452 2159 tae
464 2153 473 2167 ,
485 2124 576 2172 quod
594 2126 632 2159 iis
644 2138 710 2161 non
721 2136 848 2174 egeant.
868 2126 922 2159 Sic
934 2123 1059 2159 acetosa
1069 2138 1138 2173 quae
1148 2124 1243 2161 altius
1253 2128 1286 2161 in
1300 2136 1418 2163 tertam
1438 2126 1560 2161 radices
1577 2125 1741 2170 demittit,
1756 2128 1795 2162 iis

413 2173 486 2221 pilis
502 2172 693 2211 destituitur.

441 2224 521 2258 Non
534 2221 606 2257 raro
616 2224 733 2259 accidit
747 2232 782 2257 ut
796 2221 853 2270 pili
868 2224 900 2257 in
910 2221 1011 2270 spinas
1018 2222 1225 2271 degenerent·
1243 2226 1296 2259 Sic
1309 2226 1344 2260 in
1353 2222 1510 2272 boi-agine
1525 2223 1581 2271 pili
1591 2225 1629 2258 in
1641 2222 1740 2272 spinas
1751 2226 1795 2259 ri-

411 2271 552 2319 gidiores
561 2269 702 2316 abeunt,
725 2283 798 2319 quae
813 2271 976 2320 diaphano
990 2270 1123 2306 humore
1136 2283 1275 2320 turgent.
1289 2275 1326 2308 ln
1335 2274 1435 2307 urtica
1448 2284 1575 2306 mortua
1591 2270 1685 2320 spinae
1702 2274 1794 2309 nodis

413 2320 563 2355 distincta:
575 2325 607 2356 &
618 2333 656 2356 ex
671 2320 810 2357 utriculis
823 2321 999 2368 compactae
1010 2331 1191 2356 cernuntur.
1206 2322 1381 2356 solidiores
1399 2319 1467 2354 sunt
1483 2323 1516 2355 in
1529 2322 1629 2355 urtica
1640 2321 1795 2366 aculeata,

414 2379 522 2415 eaeque
537 2368 557 2404 ἐι
572 2367 636 2405 basi
647 2371 846 2408 solidiore&
857 2369 923 2406 lata
937 2368 1052 2405 sursum
1066 2371 1100 2404 in
1118 2381 1310 2408 mucronem
1318 2369 1429 2413 elatae,
1444 2370 1528 2405 intus
1542 2381 1628 2406 cava:
1649 2368 1719 2406 sunt
1726 2398 1741 2415 ,
1759 2374 1796 2408 δε

1864 318 1876 359 Δια
