1878 2724
554 125 908 166 TRACTATUS
945 126 1174 166 PRIMUS.
1532 141 1562 172 13

152 187 205 216 *ve
223 189 263 214 ea
282 175 342 214 fint
360 187 502 222 aetetna,
525 183 559 216 δε
577 190 668 214 extra
689 189 740 213 res
763 176 842 225 ipsas
851 175 975 225 posita,
998 188 1033 214 ut
1049 180 1175 215 numeri
1188 188 1245 213 aut
1260 176 1339 213 idere
1362 177 1561 221 Platonicae3

156 227 223 266 five
232 226 292 264 fint
301 227 399 263 rebus
418 226 587 263 intrinseca
599 257 610 272 ‚
636 238 672 262 ut
690 229 825 263 materia
838 231 873 264 &
890 226 1020 271 forma,
1043 239 1079 262 ut
1090 228 1220 263 Platoni
1237 232 1271 264 ὅ(
1284 227 1451 263 Aristoteli
1464 228 1559 263 vide-

156 287 218 314 tur.
246 276 336 320 Alii,
350 290 386 313 ut
400 280 609 314 Democritus
622 305 633 320 ,
653 278 873 324 Anaxagoras,
885 278 1037 324 Epicurus
1049 305 1060 320 ‚
1074 288 1113 313 ea
1129 275 1264 312 statuere
1277 289 1449 325 corporum
1467 279 1557 325 prin-

155 328 262 376 cipia,
279 339 352 375 quae
367 325 456 363 sensu
465 340 533 363 non
545 326 739 374 ass'equirnur
750 353 761 369 ,
780 336 816 360 ut
832 336 962 361 atomos
975 353 986 369 ,
1006 331 1042 363 &
1055 328 1166 362 inane.
1183 328 1260 362 Sive
1273 338 1311 360 ea
1323 328 1496 374 principia,
1511 337 1555 361 ex

146 374 278 424 quibus
299 387 349 410 res
365 389 504 424 quaeque
516 377 725 425 componitur
739 403 750 417 ,
774 372 832 409 fint
850 374 1055 424 homogenea
1072 404 1082 419 ,
1106 387 1142 410 ut
1160 374 1264 410 visum
1280 375 1323 410 est
1337 378 1554 419 Democrito,

155 427 358 474 &Epicur0·‚
379 424 444 460 five
462 424 521 460 sint
538 425 778 473 heterogenea,
801 434 837 458 ut
847 422 939 459 senfit
957 426 1177 472 Anaxagoras,
1201 426 1310 472 Atque
1335 437 1374 459 ea
1394 427 1554 473 principia

143 471 231 509 -cum
249 477 483 523 imaginatione
501 472 737 522 comprehendi
755 471 1000 519 quodammodo
1013 472 1131 520 possint
1147 490 1156 516 3
1176 486 1315 521 cumque
1331 485 1369 508 ex
1381 486 1475 509 motu
1490 503 1500 517 ,
1518 479 1554 511 &

154 523 414 572 configuratione
434 521 696 570 corpusculorum
718 520 897 565 ducantur,
923 520 1122 556 Mechanica
1136 535 1203 556 non
1224 520 1391 557 immerito
1405 523 1466 558 dici
1479 523 1555 570 pos-

154 571 235 609 sunt.
255 573 339 607 Haec
346 571 494 620 plerique
507 583 545 606 ex
557 568 796 605 recentioribus
809 598 819 613 ,
845 581 882 605 ut
900 569 1060 605 Cartefius
1073 599 1083 615 ,
1113 570 1310 615 carendus,
1334 569 1450 615 Fabri,
1474 574 1552 607 Ma-

153 633 278 670 gnanus
298 631 464 667 utcunque
475 621 649 655 emendata
661 619 750 667 sequi
763 618 923 654 videntur.

188 670 356 706 Postremo
372 681 441 705 non
450 668 582 704 defuere
595 698 605 713 ‚
650 670 684 704 ui
697 680 746 702 res
766 666 928 704 sensibiles
943 668 1079 706 sensibus
1094 671 1268 706 metientes
1282 697 1293 714 ,
1316 681 1355 705 ea
1371 669 1549 708 statuerunt

150 729 325 767 corporum
335 719 492 766 principia
506 747 516 762 ‚
539 732 610 767 quae
622 681 759 753 ansibus
769 716 841 752 sunt
855 716 955 754 obvia
972 734 981 756 :
1006 719 1060 754 vel
1072 730 1209 768 quatuor
1225 719 1389 755 elementa
1403 749 1412 763 ‚
1427 731 1461 754 ιιι
1473 723 1550 756 Em-

149 767 301 815 pedocles
322 772 357 805 δε
373 769 596 816 Hippocrates
612 785 621 812 ;
639 766 693 804 vel
706 779 845 811 terram,
868 779 905 803 ιιι
932 768 1090 804 Hesiodus
1105 786 1114 812 3
1130 767 1183 803 vel
1201 781 1321 817 aquarn
1335 797 1346 813 ,
1370 781 1405 804 ur
1424 769 1548 805 Thales

150 815 317 862 Milefius3
338 815 392 852 vel
411 820 518 852 a'c'rem
531 846 540 860 ‚
559 831 596 853 ιιι
614 820 682 854 Dio
706 829 782 852 enes
803 834 814 861 3
841 817 896 852 vel
922 820 1054 866 ignem,
1080 830 1115 854 ιιι
1140 817 1324 853 Heraclitus
1337 848 1347 862 ,
1362 817 1415 854 vel
1434 830 1548 866 praeter

144 865 287 949 jlvulgata
304 866 489 911 elementa,
507 865 655 917 sulphur,
677 831 796 910 gleni,
823 871 856 903 &
885 870 1082 918 mercuriupi
1097 897 1108 913 ,
1130 879 1166 902 ut
1187 867 1425 917 Chymicorum
1449 867 1547 904 fami-

162 927 202 951 ia.

182 966 294 1012 Atque
312 964 361 1000 hae
378 963 449 1001 sunt
484 967 629 1015 raecipuae
642 963 917 1014 Philosophorum
935 966 976 1001 de
989 969 1153 1020 principiis
1166 964 1332 1002 sententiae
1344 996 1354 1011 ,
1368 979 1410 1004 ex
1422 967 1543 1015 quibus

148 1023 198 1050 tot
214 1012 304 1049 seciae
317 1043 327 1057 ,
344 1026 400 1050 aut
415 979 587 1064 disdiplinae
599 1014 671 1050 finit
685 1014 915 1063 proseminatae.
941 1017 1064 1052 Nostra:
1081 1017 1153 1052 (unt
1164 1027 1272 1064 partes
1287 1045 1296 1059 ‚
1321 1018 1402 1063 quid
1426 1020 1458 1053 in
1482 1015 1544 1052 sin-

144 1063 228 1111 gulis
246 1062 453 1111 probandum
470 1063 524 1108 sit,
540 1065 620 1112 quid
637 1064 852 1114 rejiciendum
867 1077 959 1100 certo
963 1066 1086 1112 judicio
1100 1065 1296 1113 expendere.
1314 1065 1449 1115 Triplex
1459 1067 1542 1101 adeo

138 1111 323 1160 >disputatio
335 1111 356 1146 ἐι
376 1112 472 1147 nobis
485 1115 677 1150 instituetur.
703 1116 808 1148 Prima
820 1117 883 1148 erit
898 1115 939 1148 de
951 1117 1115 1162 principiis
1131 1116 1421 1162 Peripateticorum
1437 1145 1445 1159 ,
1471 1128 1541 1162 quae

144 1159 444 1209 Metaphyficadici
457 1159 545 1210 poffe
557 1166 623 1208 jam
639 1164 816 1197 innuimus.
832 1163 980 1197 Secunda
992 1163 1033 1197 de
1048 1164 1214 1212 principiis
1233 1165 1419 1198 Democriti
1436 1193 1445 1206 ,
1467 1167 1543 1212 Epi..

144 1211 222 1252 curi,
237 1214 270 1244 ὃ(
281 1212 498 1245 recentiorum
513 1210 622 1245 futura
641 1211 689 1245 est
699 1239 709 1253 ,
734 1222 839 1257 eaque
849 1212 1007 1259 principia
1019 1224 1127 1246 rerum
1141 1210 1327 1247 mechanica
1340 1213 1541 1261 complecte-

146 1268 208 1293 tur.
228 1259 342 1292 Tertia
354 1259 494 1306 denique
509 1261 668 1307 principia
689 1257 838 1307 physica,
859 1264 894 1296 &
917 1257 1054 1296 sensibus
1071 1259 1172 1296 obvia
1195 1260 1383 1296 continebit
1397 1290 1407 1306 ‚
1440 1263 1538 1298 uimi-

143 1318 214 1343 xum
232 1306 396 1344 elementa
409 1307 478 1358 ipsa
494 1337 504 1354 ,
523 1314 557 1346 ὅ(
571 1308 812 1358 Chymicorurn
824 1310 994 1358 principia·

502 1409 606 1443 DIS
625 1407 764 1444 SERT
782 1408 889 1443 ATI
908 1409 943 1444 O
989 1409 1187 1446 PRIMA.

550 1506 604 1540 De
627 1507 798 1555 principiis
815 1508 1116 1555 Peripateticorum.

141 1603 362 1685 PRincipia
382 1603 445 1638 hoc
467 1603 542 1638 loco
563 1603 738 1650 quaerimus
751 1616 820 1638 non
838 1613 972 1638 externa
984 1631 995 1645 ‚
1017 1605 1069 1638 sed
1088 1604 1183 1639 rebus
1194 1606 1319 1640 intima.
1351 1605 1453 1641 Unde
1472 1616 1534 1640 nec

209 1651 454 1687 Platonicorum
466 1680 475 1694 ,
486 1664 547 1687 nec
557 1654 746 1686 Stoicorum
765 1652 922 1699 principia
939 1654 1139 1701 attingemus
1156 1681 1166 1695 ‚
1186 1652 1240 1687 nisi
1258 1653 1343 1688 forte
1357 1654 1445 1687 idem
1460 1666 1536 1688 cum

141 1700 312 1734 Aristotele
338 1699 500 1737 senserint.
521 1698 669 1737 Primum
688 1701 800 1747 itaque
815 1700 855 1734 de
869 1702 1033 1748 principiis
1054 1700 1247 1745 universim,
1276 1713 1345 1738 tum
1370 1700 1532 1751 figillatim

137 1748 314 1784 dicendum
333 1750 386 1786 est.

673 1798 704 1833 C
729 1799 758 1833 A
783 1800 807 1834 P
832 1799 867 1837 U
889 1801 920 1836 T
982 1802 1005 1836 Ι.

437 1901 492 1935 De
499 1901 672 1949 principiis
689 1911 796 1942 rerum
811 1898 1011 1935 naturalium
1027 1901 1060 1935 in
1075 1901 1264 1947 univefiem.

236 1997 415 2034 Ristoteles
434 1999 491 2035 lib.
513 2012 543 2036 ι.
562 1994 768 2048 Physicorum
786 1998 967 2050 priusquam
992 1997 1080 2034 suam
1095 1998 1136 2033 de
1149 2000 1262 2047 primis
1277 2000 1438 2048 principiis
1456 1996 1528 2034 sen·

241 2049 376 2082 tentiam
385 2051 509 2097 aperiat
520 2078 529 2092 ‚
541 2050 643 2084 varias
654 2049 774 2084 refellit
782 2062 931 2086 veterum
946 2050 1115 2096 opiniones
1126 2077 1136 2092 ‚
1154 2054 1188 2086 &
1209 2061 1264 2083 eos
1276 2052 1434 2097 praecipue
1448 2060 1528 2083 exa<

139 2096 241 2142 girat,
258 2097 421 2142 quiunum
432 2099 584 2133 duntaxat
598 2099 795 2147 principium
807 2098 973 2145 admisere.
997 2101 1196 2150 Qanquam
1221 2111 1288 2133 non
1310 2097 1441 2141 desunt,
1467 2098 1527 2144 qui

140 2142 293 2179 dubitent
309 2156 353 2180 an
369 2143 440 2180 satis
451 2145 574 2182 fincete
588 2159 657 2193 quae
672 2146 800 2184 summis
820 2150 895 2184 viris
907 2148 972 2182 vista
993 2147 1081 2192 sunt,
1099 2147 1257 2183 retulerit.
1275 2150 1338 2183 Vix
1350 2149 1438 2182 enim
1457 2157 1527 2180 cre-

117 2227 119 2229 .
140 2191 244 2227 dibile
257 2194 303 2228 est
317 2195 564 2239 parmenidem,
590 2208 689 2243 quern
701 2197 794 2233 Plato
809 2200 933 2246 magnis
952 2197 1046 2233 effert
1060 2196 1208 2231 laudibus
1222 2226 1232 2240 ,
1252 2197 1335 2232 adeo
1352 2194 1524 2230 absurdum

137 2240 230 2277 fuisse
244 2253 280 2277 ut
289 2255 390 2278 unum
402 2246 615 2293 principium,
639 2245 736 2293 idque
753 2246 924 2283 immobile
947 2244 1142 2295 agnosceret.
1174 2246 1236 2280 Sed
1254 2247 1399 2295 principii
1416 2245 1525 2279 nonii-

138 2302 205 2335 ne,
228 2303 281 2326 aut
295 2295 402 2328 Deum
418 2322 428 2336 ‚
463 2292 516 2328 seu
539 2304 704 2337 mentem,
732 2308 804 2343 quae
826 2297 936 2344 praeest
959 2294 1112 2330 omnibus
1126 2323 1136 2337 ‚
1169 2308 1242 2329 cum
1270 2293 1474 2341 Xenophane
1489 2296 1524 2328 δε

138 2341 380 2376 Anaximandro
395 2342 603 2392 intelligebat
623 2360 632 2386 5
652 2343 705 2378 vel
720 2356 775 2378 ens
793 2344 896 2392 ipsum
917 2345 1004 2391 quod
1022 2357 1122 2379 unum
1138 2344 1183 2377 est
1198 2371 1207 2385 ‚
1225 2349 1258 2379 δε
1270 2346 1301 2377 in
1313 2343 1400 2390 quod
1415 2343 1524 2382 omnia

129 2387 353 2427 resolvuntur:
371 2392 455 2427 adeo
466 2403 501 2427 ut
515 2395 706 2441 principium
720 2394 892 2441 quoddam
905 2395 1042 2429 omnino
1059 2390 1327 2441 nietaphyficum,
1341 2404 1406 2426 non
1415 2388 1518 2439 phyli-

1396 2458 1407 2474 l
1448 2461 1466 2473 ,1
