1878 2724
325 140 383 173 x08
666 133 1329 173 PHYSIGAEVGENERALIS'
1371 140 1373 143 '

316 197 352 221 ut
363 199 485 221 novum
497 185 622 234 semper
640 186 786 220 colorem
799 212 808 227 ,
819 184 882 220 hoc
893 185 956 228 est,
974 193 1076 221 novas
1085 185 1210 235 semper
1219 197 1326 235 partes
1345 183 1540 234 suppeditet.
1559 186 1609 221 Ac
1619 184 1715 224 fla-m4

316 248 371 270 ma
383 235 458 284 ipsa,
471 236 603 276 odores,
618 238 706 270 vires
716 235 974 269 medicaminum
987 246 1037 269 tot
1055 235 1203 270 videntur
1221 246 1421 284 argumenta,
1433 234 1550 283 quibus
1567 239 1714 272 materia:

316 286 348 320 in
362 285 527 321 infinitum
552 282 754 319 divifibilitas
777 284 1035 320 demonstretur:
1056 282 1108 318 sed
1127 284 1168 318 de
1192 286 1231 318 iis
1248 284 1326 334 saepe
1338 284 1430 334 plura
1448 285 1602 320 dicemus.
1624 288 1714 322 Hinc

315 335 405 369 enim
421 334 544 382 pendet
561 332 772 382 Philosophia
783 333 842 368 illa
849 333 1040 369 mechanica
1051 360 1062 377 ,
1082 339 1119 370 &
1134 333 1360 382 corpuscularis
1374 364 1383 378 ‚
1395 346 1466 382 quae
1480 333 1602 371 scilicet
1613 333 1714 372 subti-

315 382 434 419 liffimis
444 395 619 430 corporum
643 381 787 419 effluviis
806 395 920 419 ornnes
945 395 1028 433 pene
1055 395 1175 420 naturae
1185 382 1321 419 effeetus
1336 383 1437 419 refert
1456 397 1609 435 acceptos
1627 415 1637 430 ,
1655 387 1714 435 qui

314 432 412 480 vulgo
436 432 648 479 qualitatibus
672 432 872 469 tribuuntur.
1083 448 1087 456 ¹
1512 448 1515 452 ·
1610 459 1613 461 ·

347 481 438 530 Refp.
450 494 508 516 nos
524 495 591 517 non
609 484 654 517 ita
666 481 803 519 sensibus
815 481 985 531 indulgere
995 512 1004 526 ‚
1016 494 1050 518 ut
1068 493 1190 518 natutae
1205 479 1398 525 subtilitati,
1410 493 1463 517 aut
1473 486 1615 519 materiae
1625 485 1712 520 divi-

312 528 391 565 sioni
407 533 562 566 terminos
577 532 675 567 facile
694 531 953 582 praescribamus:
969 531 1022 566 sed
1045 543 1202 581 negamus
1223 543 1296 566 eam
1315 529 1480 567 infinitum
1494 534 1573 580 quid
1592 534 1712 570 moliri-

311 582 395 616 Non
410 583 498 617 enirn
512 583 545 616 in
556 584 674 617 caeteris
686 594 805 619 naturae
816 579 970 630 operibus
984 580 1183 631 progreffum
1204 583 1237 615 in
1249 580 1412 616 infinitum
1423 579 1556 629 usquam
1571 585 1714 619 animad-

313 632 479 667 vertimus,
493 633 568 667 Nec
582 631 714 667 demum
727 631 901 667 verisimile
915 632 962 666 est
980 634 1014 667 in
1025 630 1092 667 sola
1110 632 1259 671 continui
1275 629 1432 668 divifione
1445 631 1612 667 infinitum
1623 632 1714 668 ank..

314 690 381 714 tura
390 678 457 727 ipsa
469 679 625 717 affectari.
639 683 710 717 Imo
724 682 755 715 id
768 682 993 729 pertendimus
1009 680 1180 730 vulgarem
1193 680 1283 715 illam
1293 679 1337 714 ab
1355 681 1528 717 Aristotele
1545 682 1714 720 indueram

313 731 459 764 continui
474 732 507 764 in
523 729 689 766 infinitum
702 730 896 765 divisionem
915 743 982 766 non
996 731 1126 765 aliunde
1135 742 1242 764 ortam
1260 728 1342 773 else,
1354 741 1455 776 quam
1473 743 1510 765 ex
1533 730 1616 766 falsis
1644 733 1715 768 sen-

312 776 400 812 suum
420 780 695 828 praejttdiciis:cum
709 782 798 815 enirn
815 783 849 815 in
867 781 1008 814 materiae
1023 778 1178 815 divisione
1190 777 1295 814 sensus
1311 778 1467 826 nusquam
1489 782 1644 815 terminos
1662 783 1714 817 in-

314 830 485 873 venirent,
504 828 602 864 facile
622 827 679 864 [ibi
702 828 920 878 persuaserunt
949 827 1140 878 Philosophi
1173 830 1345 864 materiam
1368 830 1404 863 in
1428 829 1595 865 infinitum
1618 829 1715 865 secati

312 875 411 926 polse.
815 909 820 913 ,

347 929 436 962 Huic
454 928 556 962 errori
569 930 653 963 vires
675 933 710 966 δε
723 928 851 977 pondus
872 927 1064 963 addiderunt
1082 927 1334 972 Mathematici,
1350 930 1407 976 qui
1426 930 1649 976 quantitatem
1671 942 1715 966 eo

312 988 440 1012 tantum
463 976 666 1013 confiderunt
682 1007 691 1021 ,
709 990 746 1013 ut
763 978 855 1013 illam
874 977 1352 1026 dimetiantur;l0ngitudinem
1370 1006 1379 1021 ‚
1392 983 1426 1014 ὃ(
1450 978 1658 1014 latitudinem
1671 979 1713 1015 sic

312 1028 502 1061 examinant
517 1055 527 1070 ‚
546 1026 630 1075 quafi
646 1027 725 1064 nulli
740 1026 841 1062 ell'ent
854 1030 996 1063 materiae
1010 1028 1160 1063 addictae.
1172 1030 1245 1061 Imo
1257 1026 1495 1074 longitudinem
1509 1027 1714 1076 ipsam‚quafi

312 1074 376 1110 sola
385 1075 463 1111 effer
478 1079 558 1112 citra
568 1077 667 1112 ullam
682 1077 886 1112 latitudinem
899 1106 908 1120 ‚
919 1082 953 1114 &
973 1089 1146 1125 utramque
1166 1074 1230 1112 fine
1244 1076 1467 1125 profunditate
1483 1078 1714 1126 contemplan-

310 1135 359 1159 tur
374 1141 383 1168 3
398 1139 465 1161 non
481 1127 571 1174 quod
582 1138 702 1174 putent
711 1127 742 1161 id
753 1127 843 1174 quod
854 1125 988 1175 longum
1002 1127 1045 1161 est
1055 1155 1065 1169 ,
1075 1126 1178 1161 latum
1188 1139 1255 1161 non
1266 1123 1327 1160 effe
1341 1155 1351 1169 ‚
1366 1123 1419 1160 sed
1443 1124 1543 1160 solam
1570 1125 1714 1175 longitu-

310 1174 421 1210 dinem
433 1178 556 1210 intueri
566 1175 683 1212 volunt
694 1203 704 1220 ,
722 1175 799 1223 quid
812 1178 846 1211 in
862 1187 970 1211 rerum
982 1188 1093 1211 natura
1104 1174 1159 1219 fit,
1174 1188 1241 1210 non
1252 1174 1430 1209 admodum
1448 1173 1586 1212 solliciti.

346 1225 460 1274 Qare
470 1225 693 1260 extensionem
706 1224 806 1273 ipsam
818 1253 826 1264 ‚
845 1237 911 1259 non
934 1238 1003 1259 rem
1023 1224 1189 1261 extensam
1208 1226 1390 1259 Geometra
1406 1222 1587 1260 considerat
1602 1236 1654 1262 :ut
1668 1223 1712 1260 ab

310 1286 352 1307 eo
371 1275 571 1321 concipitur,
587 1287 654 1308 non
668 1286 702 1308 ut
714 1274 803 1308 estin
815 1277 920 1307 rerum
933 1285 1068 1318 natura3
1084 1286 1221 1321 eamque
1231 1273 1334 1307 modo
1344 1275 1420 1307 utin
1439 1272 1601 1309 infinitum
1620 1273 1713 1309 secti-

310 1322 376 1357 lem
387 1352 396 1365 ‚
410 1323 513 1357 modo
532 1334 568 1357 ut
583 1335 621 1357 ex
639 1323 769 1371 punCris
784 1322 958 1358 conflatam
975 1325 1154 1358 examinat.
1167 1324 1255 1357 Hinc
1267 1322 1384 1357 lineam
1397 1334 1431 1356 ut
1443 1325 1553 1370 punffl
1572 1322 1712 1368 fluxum,

309 1371 365 1407 seu
379 1372 551 1421 vestigium
567 1373 657 1420 quod
670 1373 744 1421 post
758 1371 787 1406 se
801 1371 934 1419 reliquit
948 1375 1125 1420 punitumv,
1146 1370 1346 1421 superficiem
1372 1371 1458 1419 quasi
1479 1371 1573 1407 lineae
1590 1372 1712 1408 fluxum

309 1421 426 1456 definit
439 1439 447 1465 3
460 1424 679 1469 putretumque
691 1420 751 1456 effe
765 1435 833 1457 non
845 1422 1043 1457 demonstrat
1054 1452 1063 1466 ,
1081 1421 1133 1456 sed
1144 1420 1465 1469 praesupponit,quod
1487 1433 1524 1455 ea
1537 1420 1711 1470 hypothesi

309 1471 351 1505 ad
374 1471 668 1507 demonstrationes
678 1471 743 1506 suas
762 1472 921 1520 indigeat.
939 1472 1046 1506 Simili
1070 1474 1196 1506 ratione
1221 1471 1381 1518 pumilum
1410 1472 1442 1505 in
1469 1471 1579 1506 medio
1602 1471 1712 1506 circuli

311 1523 457 1569 concipit
466 1550 475 1564 ‚
491 1521 510 1557 a
523 1534 591 1569 quo
606 1521 697 1556 lineae
711 1523 807 1556 redtae
819 1521 859 1554 ad
871 1523 983 1556 omnia
1002 1523 1122 1570 puncta
1134 1520 1400 1555 circumferentiae
1409 1520 1570 1555 ducuntur
1582 1538 1591 1564 ·,
1601 1533 1713 1569 neque

309 1569 443 1605 illicurae
454 1572 496 1606 est
509 1583 549 1606 an
568 1582 618 1605 rot
629 1570 724 1605 lincae
737 1572 771 1606 in
788 1582 888 1605 unum
903 1573 1060 1619 punctum
1074 1570 1237 1605 confluere
1258 1567 1376 1618 poffint
1396 1584 1405 1605 :
1426 1582 1502 1605 nam
1522 1569 1623 1604 lineas
1639 1599 1650 1614 ,
1674 1575 1711 1607 δε

309 1622 428 1668 puncta
444 1649 454 1663 ‚
468 1632 505 1655 ut
523 1618 592 1655 sunt
606 1617 759 1655 ab'omni
778 1623 918 1654 materia
941 1619 1103 1654 abstracta
1119 1647 1128 1662 ‚
1151 1615 1403 1667 contemplatur.

346 1672 511 1718 roirca
526 1682 592 1705 nou
603 1667 676 1704 satis
687 1667 961 1718 consultoPhysici
972 1669 1264 1704 demonstrationes
1276 1668 1524 1704 mathematicas
1536 1666 1710 1712 adhibent,

308 1718 395 1766 quasi
415 1722 447 1754 in
459 1731 565 1753 rerum
583 1730 696 1753 natura
715 1730 771 1753 aut
782 1718 875 1752 lineae
887 1717 986 1753 essent
997 1748 1007 1762 ,
1026 1731 1083 1753 aur
1093 1717 1276 1766 superficies
1289 1746 1296 1755 ,
1307 1729 1364 1752 aut
1376 1721 1496 1766 puncta
1510 1749 1518 1762 ‚
1533 1731 1567 1753 ut
1581 1718 1600 1752 ξι
1617 1721 1711 1752 Geo-

308 1770 421 1803 metris
443 1767 677 1815 supponuntur.
699 1769 775 1800 Hoc
791 1768 879 1800 enim
892 1767 939 1801 est
951 1769 1080 1814 proprie
1101 1766 1229 1800 transire
1246 1766 1265 1801 ἐι
1279 1777 1400 1813 genere
1421 1770 1454 1802 in
1469 1779 1571 1815 genus
1586 1782 1594 1808 3
1612 1765 1653 1800 ab
1667 1768 1708 1800 iis

308 1830 379 1863 quae
391 1817 462 1851 sunt
475 1828 602 1850 rantum
615 1818 647 1850 in
661 1815 690 1848 id
698 1817 743 1849 eis
754 1815 866 1850 nostris
882 1844 892 1858 ,
906 1817 946 1849 ad
961 1828 1068 1850 rerum
1085 1826 1246 1851 naturam.
1258 1817 1366 1860 Atque
1379 1828 1416 1849 ea
1430 1818 1555 1850 ratione
1568 1816 1709 1850 demon..

307 1867 475 1901 strationes
488 1867 693 1913 geometricae
707 1877 784 1911 quas
794 1876 965 1913 perperam
975 1865 1133 1900 adhibent
1151 1864 1348 1912 Philosophi,
1364 1876 1399 1899 ut
1411 1868 1604 1900 continuum
1614 1866 1648 1899 in
1660 1867 1709 1900 in-

309 1914 439 1950 finitum
454 1914 562 1950 sterile
588 1915 832 1957 demonstrent,
851 1915 913 1949 hoc
932 1917 1016 1950 vitio
1038 1914 1207 1949 laborant:
1232 1914 1320 1961 quod
1342 1925 1378 1948 ex
1401 1913 1553 1949 abstracta
1569 1914 1708 1948 demon-

310 1965 501 2000 strationum
514 1967 651 1999 veritate
665 1961 833 2012 physicam
844 1969 878 2001 &
888 1976 999 2000 veram
1013 1965 1210 2013 punctorum
1225 1992 1234 2003 ‚
1253 1962 1308 1999 vel
1324 1962 1482 1999 linearum
1504 1963 1707 1999 existentiam

308 2014 392 2050 male
403 2015 568 2064 colligant.

799 2065 984 2099 Solvuntur
1004 2062 1200 2109 objeeliones.

341 2166 425 2213 Opp.
442 2177 463 2199 i.
489 2164 716 2200 Demonstrati
735 2162 778 2198 ab
793 2163 926 2199 Euclide
948 2162 970 2199 l.
988 2176 1035 2200 10.
1054 2165 1151 2211 Prop.
1174 2175 1195 2198 1.
1216 2161 1335 2196 lineam
1363 2162 1395 2194 in
1420 2160 1582 2212 infinitum
1600 2161 1704 2196 dividi

306 2213 393 2262 poffe
410 2230 418 2254 ς
434 2219 466 2250 &
482 2217 577 2262 Prop.
600 2213 714 2248 ultima
726 2213 868 2262 ejusdem
882 2212 979 2256 libri,
998 2213 1206 2261 diagonalem
1225 2211 1371 2258 quadrati
1390 2210 1451 2243 efle
1469 2209 1558 2243 lateri
1577 2212 1706 2245 incom-

307 2262 554 2299 mensurabilem
577 2277 584 2297 :
605 2262 689 2297 adeo
707 2274 741 2297 ut
765 2275 901 2310 utraque
918 2274 976 2310 per
997 2274 1139 2297 mentem
1158 2260 1258 2295 divisa
1272 2264 1302 2295 in
1324 2269 1429 2308 partes
1445 2258 1580 2306 aepuales
1601 2272 1703 2306 quan-

307 2315 424 2347 tumvis
435 2315 759 2360 mimitas‚nunquam
773 2314 812 2347 ad
826 2325 898 2347 eam
912 2314 1082 2360 pervenias
1097 2311 1342 2352 divisionem‚ex
1358 2319 1422 2354 qua
1433 2310 1612 2342 communis
1625 2311 1703 2343 utri..

308 2373 370 2408 que
385 2363 528 2397 mensura
538 2364 678 2397 inveniri
688 2360 791 2409 poffit.
806 2362 1024 2412 Diagon-:ilem
1038 2373 1154 2398 vocant
1173 2361 1294 2396 lineam
1317 2356 1358 2392 ab
1383 2369 1450 2391 uno
1466 2357 1617 2406 quadrati
1642 2370 1701 2392 an-

308 2411 386 2462 gulo
396 2411 436 2445 ad
451 2411 634 2461 oppositum
645 2412 785 2450 ductam.
