1878 2724
553 117 620 152 DE
659 116 959 152 METEORIS.
1396 131 1453 162 349

85 168 152 204 nori
170 164 283 200 accidit
294 165 328 198 in
338 162 471 200 thermis
482 164 662 209 Borboniis,
673 164 727 200 ubi
742 164 852 200 herbae
867 165 1042 199 teneriores
1058 166 1198 199 virorem
1216 164 1302 200 suum
1316 175 1453 202 tuentur.

82 216 195 252 Paucis
206 213 325 249 abhinc
339 212 496 248 menfibus
505 214 631 263 D.Joly
643 215 698 261 qui
710 217 742 248 in
753 213 918 249 Borbonio
929 214 1031 248 traetu
1041 214 1234 248 medicinam
1249 225 1364 262 magna
1382 226 1453 250 cum

81 263 176 299 laude
194 273 321 297 exercet
332 289 341 305 ,
356 261 451 296 nobis
461 262 628 297 referebat
641 291 651 305 ,
669 275 707 298 ex
719 265 808 310 aquis
823 261 934 296 calidis
945 291 955 306 ,
968 274 1037 309 quae
1047 275 1132 297 nunc
1148 264 1182 297 in
1192 263 1313 310 oppido
1330 263 1370 297 de
1393 266 1454 299 Vi-

79 311 143 358 chy
156 309 366 346 saluberrimae
377 311 548 355 habentur,
559 311 699 346 halitum
708 313 741 346 in
754 312 849 346 muris
860 311 1070 353 concrescere,
1085 311 1186 359 specie
1199 309 1266 345 salis
1282 310 1388 346 nitrofi
1399 323 1453 347 aut

81 359 220 408 crystalli
234 359 395 394 mineralis
418 360 526 409 ;hujus
543 362 630 395 enim
640 359 827 396 colorem&
843 357 986 408 saporem
1004 358 1076 395 satis
1098 371 1173 408 apte
1190 361 1349 408 exprimit.
1376 360 1455 395 Aliae

80 407 153 452 sunt
167 410 387 444 concretiones
407 420 475 443 turn
495 411 526 444 in
546 420 646 458 puteo
667 408 767 457 vulgo
783 410 816 442 la
835 409 940 442 Grille
953 436 963 452 ,
979 418 1048 443 tum
1064 410 1097 443 in
1113 408 1177 443 alio
1198 411 1255 455 qui
1271 408 1455 454 Qadratus

80 457 197 492 dicitur
209 486 218 500 ‚
237 469 308 505 quae
321 456 430 492 colore
441 456 569 506 sulphur
580 470 643 505 ptae
658 457 688 492 se
705 457 824 493 ferunt.
839 459 878 491 Et
901 454 973 491 sane
994 455 1122 504 sulphur
1145 456 1247 504 ipsum
1262 458 1457 493 thermarum

79 505 181 541 odore
200 505 229 540 se
241 507 368 554 prodit,
381 518 440 541 nec
456 517 564 541 tamen
575 508 710 541 omnino
727 506 890 541 all'entitur
907 508 950 540 D.
967 505 1010 539 du
1034 506 1108 539 Clos
1127 507 1347 541 concretiones
1368 505 1457 541 albas

78 554 264 602 crystallum
287 553 347 589 effe
361 555 573 592 mineralem:
588 568 660 590 cum
682 554 841 589 sublimati
857 552 1049 588 solutionem
1066 556 1097 588 in
1116 553 1260 589 colorem
1281 553 1457 590 subflavum

79 605 275 652 praecipitet,
303 604 389 650 quod
414 616 480 639 non
505 602 607 639 efficit
630 603 791 652 crystallus
814 602 979 638 mineralis
1002 614 1041 636 ex
1058 601 1205 651 sulphure
1225 608 1258 639 &
1281 602 1342 637 sale
1360 614 1457 650 petrae

79 663 293 700 praeparatus:
309 651 363 686 nisi
381 651 466 687 forte
478 652 541 687 illae
555 666 645 701 aquae
663 653 749 688 ferro
764 655 1027 701 impraegnentur.
1040 653 1129 686 Nam
1149 650 1191 686 sal
1216 651 1436 700 polychrestus
1447 681 1456 695 ‚

79 702 135 747 qui
148 712 186 734 ex
196 700 357 749 sulphure,
374 704 460 736 nitro
473 707 506 740 ὃ(
518 701 665 752 chalybis
681 701 829 737 limatura
837 711 986 749 paratur,
1007 699 1093 735 hunc
1113 700 1259 736 colorem
1278 699 1456 736 subflavum

78 748 250 790 sublimato
261 748 395 798 praebet.

114 799 278 844 roirca
290 797 369 833 illud
378 812 445 834 non
455 798 608 834 abhorret
618 799 638 835 ἓι
649 799 828 842 verisimili,
845 801 917 847 puri
931 826 942 841 ,
957 808 1014 832 aut
1029 799 1145 846 impuri
1160 796 1311 844 sulphuris
1322 826 1331 841 ‚
1357 809 1392 833 ut
1405 797 1459 833 bi.

77 849 209 882 ruminis
224 875 234 890 ,
244 846 419 883 carbonum
433 846 584 884 fosfilium
598 877 607 892 ‚
619 854 652 885 &
668 848 802 883 aliorum
816 849 903 894 hujus
917 849 1045 895 generis
1063 846 1265 881 mineralium
1282 846 1389 882 fumos
1401 850 1459 894 qui

78 895 94 930 ὲ
109 906 190 930 terra
204 899 407 931 continenter
420 909 607 945 erumpunt,
625 897 710 933 hunc
724 897 865 932 calorem
889 897 1021 931 thermis
1032 894 1213 931 conciliare.
1230 898 1319 931 Hinc
1331 893 1456 945 sulphu-

78 945 106 978 ri
121 945 275 991 quiddam
295 944 393 979 simile
405 948 437 981 in
454 948 557 994 puteis
573 947 770 981 thermarum
785 945 963 992 colligitur,
984 957 1018 979 ut
1035 942 1224 992 Aquisgtani
1244 957 1374 979 cernere
1399 946 1456 981 est.

75 994 244 1028 interdum
257 993 389 1028 thetmae
405 995 529 1029 acidum
552 1023 562 1037 ‚
574 1001 607 1032 ὃς
621 995 852 1044 astringentem
866 993 989 1029 habent
1009 992 1155 1042 saporem
1174 1008 1181 1028 :
1198 994 1286 1040 quod
1296 993 1457 1037 aluminis,

74 1041 219 1084 witrioli,
238 1041 313 1077 ferri
333 1055 464 1091 quoque
481 1043 644 1091 particulae
662 1046 700 1077 iis
721 1043 962 1078 admisceantur.
989 1044 1026 1076 In
1040 1041 1148 1076 insulis
1171 1041 1331 1077 Azoribus
1350 1043 1456 1091 plures

75 1090 147 1125 sunt
160 1090 291 1125 thermae
306 1118 316 1133 ,
329 1096 362 1127 &
377 1091 512 1126 multum
525 1091 676 1127 fervidae:
695 1104 812 1140 magna
827 1093 961 1126 enimin
979 1092 1017 1124 iis
1029 1090 1116 1130 *locis
1131 1090 1176 1123 est
1190 1089 1340 1138 sulphuris
1351 1093 1455 1139 copia:

75 1137 197 1186 ubique
211 1138 280 1173 fere
292 1142 497 1175 continenter
516 1140 618 1175 fluunt
630 1168 639 1183 ,
657 1139 712 1175 nifi
726 1140 811 1175 forte
829 1152 901 1187 quse
922 1141 1076 1187 piperinae
1100 1139 1247 1173 dicuntur
1267 1141 1298 1173 in
1326 1140 1457 1175 Rhetia.

72 1188 170 1222 Nam
181 1189 213 1221 in
227 1189 263 1221 iis
274 1199 356 1234 aqua
371 1190 450 1222 circa
466 1192 597 1224 tertium
609 1188 721 1224 menfis
736 1191 821 1223 Maii
835 1190 987 1235 erumpit,
1002 1193 1036 1223 &
1052 1186 1125 1221 fluit
1133 1186 1228 1234 usque
1242 1188 1281 1221 ad
1293 1188 1457 1223 decimum

70 1247 230 1284 quartum
239 1236 327 1271 diem
349 1236 563 1283 Septembris.
574 1239 754 1287 InJaponia
768 1237 840 1272 fons
851 1237 893 1270 est
907 1237 990 1271 adeo
1005 1235 1145 1270 fervidus
1156 1264 1166 1278 ,
1176 1247 1210 1270 ut
1222 1238 1278 1270 vix
1290 1248 1373 1284 aqua
1385 1239 1454 1284 igni

74 1286 206 1320 admota
221 1295 348 1319 tantum
359 1285 499 1320 calorem
515 1288 699 1334 concipiat3
722 1298 781 1320 nec
799 1287 952 1320 continue
963 1284 1048 1327 fluit,
1066 1284 1116 1318 sed
1136 1282 1184 1318 bis
1201 1284 1241 1318 de
1260 1285 1312 1319 die
1327 1314 1336 1328 ‚
1357 1285 1458 1332 idque

73 1345 135 1382 -per
154 1335 244 1367 unius
261 1333 346 1367 horae
362 1333 496 1380 spatium
512 1347 583 1370 cum
594 1337 718 1383 ingenti
728 1334 866 1382 fragore.
882 1336 918 1368 ln
933 1335 1040 1368 Scotia
1051 1333 1126 1367 teste
1137 1334 1279 1368 Varenio
1304 1333 1386 1368 lacus
1405 1335 1458 1377 est,

72 1381 192 1417 tfluvius
211 1380 306 1417 Nersa
332 1383 435 1418 dietus
455 1412 466 1426 ,
483 1387 541 1431 qui
565 1395 729 1430 nunquam
749 1383 867 1431 frigore
886 1381 1072 1431 congelatur
1087 1409 1098 1425 ,
1121 1380 1198 1416 licet
1212 1383 1237 1417 is
1256 1381 1376 1417 calidus
1391 1395 1458 1418 non

73 1430 127 1466 lit.

113 1480 240 1515 Contra
257 1478 327 1515 sunt
344 1480 398 1515 alii
416 1479 523 1515 fontes
538 1480 713 1515 admodum
731 1479 858 1528 frigidi:
877 1479 962 1527 quod
976 1477 1063 1513 forte
1078 1480 1110 1512 in
1124 1480 1161 1512 iis
1178 1478 1254 1512 locis
1276 1478 1381 1514 nullus
1399 1492 1458 1528 pe-

70 1540 120 1564 ‘ne
133 1527 169 1563 sit
186 1528 271 1563 calor
285 1529 513 1565 subterraneus.
538 1531 617 1563 Fieri
638 1532 734 1563 etiam
749 1528 853 1575 potest
877 1539 913 1562 ut
929 1528 1078 1574 quaedam
1096 1527 1262 1561 mineralia
1276 1526 1338 1561 hoc
1361 1527 1460 1576 frigus

71 1589 166 1624 -aquae
181 1579 389 1625 impertiant:
407 1578 680 1624 quemadmodum
701 1576 742 1611 sal
765 1578 961 1610 armoniacus
978 1588 1095 1622 aquam
1113 1574 1248 1609 multum
1270 1575 1460 1623 refrigerat;

82 1626 114 1659 id
134 1638 266 1673 quoque
281 1628 411 1668 nitrum,
426 1625 555 1660 alumen
566 1654 576 1668 ,
594 1637 647 1659 aut
662 1625 726 1659 alia
740 1623 852 1659 foffilia
868 1623 964 1659 nobis
981 1625 1143 1672 incognita
1156 1623 1304 1670 praestare
1323 1622 1456 1670 possunt.

81 1677 120 1710 Et
136 1674 208 1708 sane
218 1687 307 1721 aquae
321 1673 530 1708 subterraneae
551 1680 583 1711 δε
594 1673 704 1722 glebas
719 1673 890 1707 minerales
904 1702 913 1716 ‚
926 1678 959 1709 δ’.
974 1671 1080 1708 succos
1095 1672 1268 1706 admodum
1283 1672 1457 1707 corrosivos

79 1721 271 1758 dissolvunt:
290 1734 327 1756 ex
345 1721 460 1768 quibus
472 1729 504 1758 δέ
515 1723 611 1766 calor,
629 1729 659 1759 &
676 1723 772 1770 frigus
789 1722 950 1756 interdum
961 1723 1115 1756 oriuntur.
1130 1722 1182 1754 Sic
1198 1732 1284 1767 aquae
1297 1721 1462 1770 Hungari-

71 1784 123 1805 ·cae
138 1772 205 1819 poll:
225 1770 366 1818 superflui
377 1771 518 1805 humoris
529 1771 768 1806 exhalationem
791 1770 954 1805 vitriolum
969 1783 1034 1804 non
1052 1770 1150 1803 modo
1163 1768 1372 1816 compositum
1385 1800 1393 1813 ‚
1410 1770 1461 1804 sed

68 1822 222 1856 miamin
237 1819 301 1855 suas
313 1831 415 1868 partes
429 1818 560 1864 salinas,
577 1819 756 1869 sulphureas
769 1848 778 1863 ,
796 1819 970 1854 metallicas
987 1824 1019 1855 ἃ
1034 1829 1150 1853 terreas
1174 1816 1357 1853 diffolutum
1381 1831 1462 1867 prae-

69 1868 170 1904 henr.

129 1917 217 1951 Cum
238 1918 292 1951 ista
313 1917 412 1965 praelo
428 1917 670 1960 mandarentur,
689 1918 736 1950 vit
747 1919 779 1952 in
789 1916 883 1952 rebus
894 1915 1028 1965 physicis
1042 1927 1078 1949 ac
1090 1916 1222 1950 medicis
1238 1914 1459 1951 versatiffimus

72 1963 127 2000 '‘D.
137 1965 240 1998 Denis
251 1967 371 2000 erudita
387 1965 602 2000 dilsertatione
616 1978 714 2013 nuper
736 1965 755 2001 ἐι
776 1965 806 2001 se
831 1964 995 2000 elaborata
1011 1964 1050 1998 de
1062 1963 1154 1998 fonte
1164 1965 1308 2011 quodam
1321 1966 1355 1998 in
1368 1964 1459 2002 Pala-

68 2016 187 2048 ·tinatu
202 2015 373 2048 Ktaxoviae
387 2016 519 2048 minoris
541 2013 682 2049 Poloniae
702 2028 760 2050 nos
777 2016 911 2050 donavi-t
929 2027 938 2048 z
963 2018 1047 2058 cujus
1066 2011 1230 2048 historiam
1248 2017 1291 2049 D.
1315 2015 1343 2046 C
1346 2013 1462 2047 onrado

70 2060 295 2096 ‘Sereniffimae
306 2062 448 2096 Poloniae
458 2064 593 2110 Reginae
610 2063 774 2098 Archiater
785 2093 794 2107 ‚
812 2064 852 2098 ad
870 2075 943 2097 eum
962 2061 1051 2096 milit.

118 2111 200 2144 Fons
217 2109 273 2144 ille
286 2109 384 2144 scatet
403 2111 436 2144 in
448 2122 560 2145 monte
577 2111 718 2157 quodam
731 2141 740 2154 ‚
758 2115 814 2159 qui
829 2111 947 2147 merito
958 2109 1155 2146 admirabilis
1176 2109 1241 2144 dici
1263 2109 1342 2144 folet
1360 2124 1367 2144 :
1388 2119 1462 2143 nam

83 2157 192 2193 herbis
205 2165 235 2195 ἃ
246 2158 377 2194 floribus
388 2159 559 2193 odoriferis
571 2186 581 2200 ,
600 2158 669 2193 lacu
679 2159 754 2194 salso
767 2190 776 2204 ‚
800 2167 833 2198 &
847 2162 941 2194 variis
953 2158 1105 2195 fossilibus
1117 2158 1287 2206 insignitur.
1311 2158 1372 2191 Sed
1389 2156 1462 2190 fons

83 2205 148 2254 ipse
158 2210 215 2255 qui
224 2210 256 2242 in
269 2208 375 2241 medio
387 2218 498 2241 monte
510 2208 551 2241 est
562 2206 743 2255 conspicuus
754 2211 847 2244 instar
856 2211 945 2257 putei
954 2209 1049 2256 longe
1059 2206 1236 2242 mirabilior
1247 2206 1381 2240 videtur.
1392 2207 1465 2238 Hu-

78 2260 131 2302 'jus
145 2268 227 2303 aqua
242 2255 318 2304 pura
330 2255 534 2303 &limpidae
548 2267 628 2290 terra
646 2269 717 2291 cum
735 2259 857 2305 impetu
872 2257 978 2293 exilit:
995 2257 1080 2291 unde
1098 2260 1130 2290 δε
1142 2252 1267 2287 crebras
1283 2253 1402 2304 bullas?
1417 2255 1464 2286 ci-

69 2314 72 2318 ’
85 2315 133 2338 tra
147 2304 286 2352 spumam
306 2316 414 2339 tamen
433 2304 548 2339 sursum
563 2307 696 2346 emittit3
707 2306 737 2339 in
751 2306 930 2353 plenilunio
942 2308 1029 2339 aiunt
1045 2301 1105 2336 else
1119 2301 1466 2344 altioreni3decrelcen-

67 2362 118 2386 ·‹te
136 2352 211 2389 luna
221 2352 448 2402 depressiorem
471 2370 480 2398 3
507 2353 623 2402 spargit
635 2353 840 2402 gratissimum
859 2354 997 2389 odorem
1017 2368 1027 2395 3
1045 2350 1179 2387 lacteum
1196 2348 1337 2398 saporem
1355 2348 1466 2399 proewse

1167 2401 1198 2433 X
1215 2411 1234 2433 x
1263 2400 1295 2445 iij
