1878 2724
357 138 399 173 86
715 131 1019 170 PHYSJCAE
1054 132 1410 169 vGENERALIS

358 183 619 232 tametsiintegra
633 193 818 225 remanent,
831 179 850 215 fi
868 179 1015 216 absolute
1030 186 1065 218 &
1077 182 1297 231 metaphysice
1310 182 1508 232 spectentur.
1527 184 1602 231 Qa
1618 185 1765 233 quidem·

357 237 483 270 ratione
497 262 506 276 ,
527 246 562 268 ut
573 238 638 281 jam
653 233 789 265 diximus
801 260 810 274 ,
833 228 988 279 oppofitae
1006 230 1181 266 sententiae.
1192 233 1420 269 conciliantur.

391 287 429 319 Iri
446 281 542 317 rebus
551 280 716 315 artefaffis
737 280 779 314 est
790 291 843 315 ma
867 280 892 315 is
906 277 1098 328 compositio
1112 280 1259 326 quaedam
1272 281 1371 328 quam
1388 283 1503 317 mixtio
1516 298 1525 325 3
1540 286 1646 331 operis
1660 284 1752 334 ipsius

361 334 497 368 materia
511 331 555 365 est
567 331 641 365 actu
655 359 665 373 ‚
686 335 720 366 &
734 341 791 377 per
804 328 834 364 se
844 291 996 364 {nfibssis
1013 345 1021 367 :
1042 340 1078 365 ut
1088 328 1212 377 lapides
1225 331 1257 364 in
1277 331 1396 376 domo,
1420 345 1460 367 aes
1484 333 1518 367 in
1541 331 1654 368 statua.
1687 335 1753 369 Sed

356 383 389 416 in
403 382 510 416 mixtis
525 378 692 414 miscibilia
714 391 782 414 non
800 390 868 414 tarn
888 379 965 414 actu
986 378 1087 429 quam
1109 378 1272 427 potestate
1291 378 1552 429 insunr.<Neque
1570 384 1763 431 enimpro-

355 432 465 478 prium
478 458 489 473 ‚
502 428 556 463 sed
574 431 673 464 mixti
686 429 776 477 quod
787 428 988 465 constituunt
1001 459 1010 474 ‚
1022 428 1076 465 vel
1086 429 1196 463 aetum
1205 457 1216 472 ,
1230 427 1283 463 vel
1296 427 1358 463 esse
1371 429 1506 466 habent.
1518 432 1598 467 Una
1612 433 1655 467 est
1665 434 1753 468 enirn

356 480 391 514 in
408 481 512 514 mixto
526 476 659 514 essentia
673 507 684 521 ,
705 491 805 514 unum
820 476 882 512 effe
898 478 1075 527 physicum.
1102 476 1274 513 Elementa
1283 476 1364 513 vero
1373 481 1480 514 mixto
1498 478 1604 517 insunt
1616 484 1750 526 virtute,

356 530 434 575 quia
449 540 563 564 eorum
575 527 751 577 qualitates
771 538 928 573 manent,
947 529 1026 565 licet
1036 527 1225 564 infractae&
1237 526 1368 572 retusae3
1389 540 1459 565 turn
1471 532 1766 580 potentia,.quod.

357 578 499 614 mixtum
515 580 550 613 in
571 590 611 612 ea
629 576 747 612 resolvi
772 574 881 626 poffit.
1670 606 1671 609 ,

413 628 498 662 Haec
522 626 624 676 paulo
637 624 771 662 uberius
795 623 869 663 sunt
890 625 912 662 ὲ.
934 625 1030 662 nobis
1048 625 1191 675 exposita
1210 655 1220 670 ,
1250 625 1343 675 quod
1369 627 1407 660 iis
1435 624 1523 662 bene
1552 627 1726 664 intellectis
1740 658 1751 673 ,

356 675 464 712 nullus
479 689 571 725 pene
585 675 623 712 sit
641 675 826 711 difficultati
846 676 935 711 locus
958 689 967 711 :
992 688 1028 712 ut
1048 689 1090 711 ex
1111 675 1273 711 solutione
1293 674 1520 724 objectionum
1543 678 1771 714 manifestum2

353 724 427 763 fiet.
449 727 513 761 Sed
526 728 611 774 prius
631 728 737 774 'operae
750 728 894 773 pretium
913 724 1014 760 fuerit
1026 724 1197 774 'explicare
1218 738 1286 774 qua
1303 727 1469 770 ratione„
1485 736 1542 761 aut
1559 725 1680 775 quibus
1702 729 1769 764 itt--

357 775 543 813 strumentis
569 777 691 812 mixtio
713 773 911 824 perficiatur.
933 776 984 810 Sit
1000 776 1099 824 igitur

886 872 1037 909 Secunda
1055 874 1229 921 Conclusio.

348 1000 351 1003 .
389 971 578 1021 Qalitates
589 973 704 1020 primae
711 972 853 1008 multum
868 973 1043 1008 conferunt
1055 973 1095 1007 ad
1110 974 1305 1009 mixtionem
1318 1002 1327 1017 ‚
1353 973 1406 1008 sed
1428 986 1495 1010 non
1508 973 1593 1010 solaez
1610 975 1700 1010 Nam
1714 985 1767 1009 er

355 1033 487 1056 textura
505 1027 538 1058 &
553 1020 654 1071 figura
669 1025 835 1072 partium,
859 1028 894 1060 δε
911 1022 980 1058 aliis
1005 1022 1201 1058 mechanicis
1215 1022 1448 1059 affectionibus
1465 1035 1583 1073 magna
1599 1035 1640 1058 ex
1662 1034 1764 1072 parte>

356 1071 525 1119 pendent„

391 1122 474 1154 Haec
486 1119 644 1155 conclusio
655 1133 728 1156 cum
741 1123 855 1170 magni
871 1120 907 1156 sit
925 1123 1086 1156 momenti
1099 1148 1109 1164 ,
1121 1120 1221 1169 paulo
1234 1120 1421 1170 diligentius
1430 1120 1475 1155 est
1489 1119 1690 1168 explicanda.
1703 1121 1756 1156 Ac

352 1171 496 1211 primum
506 1168 662 1218 jamillud
673 1170 1016 1214 ostendimusvcalorffi
1035 1169 1251 1213 humiditate,
1271 1175 1304 1207 &
1325 1169 1467 1205 siccitate
1484 1169 1653 1205 miscibilia
1671 1169 1756 1205 alte-

351 1220 435 1260 rari,
454 1218 579 1266 frangi,
595 1224 629 1254 &
640 1219 681 1252 ad
694 1230 819 1254 certum
830 1231 1131 1268 temperamentum
1144 1221 1259 1266 cuique
1269 1221 1373 1254 mixto
1381 1221 1548 1267 proprium
1558 1224 1593 1255 δέ
1607 1217 1756 1254 essentia-

354 1266 384 1301 le
402 1267 514 1314 redigi.
535 1270 614 1303 Non
629 1268 718 1313 quod
734 1270 816 1316 ignis
831 1280 887 1302 aut
899 1281 988 1316 aquae
1002 1267 1166 1317 particulae
1180 1267 1246 1301 suas
1258 1267 1430 1314 qualitates
1446 1270 1478 1301 in
1491 1270 1597 1312 mixto
1614 1279 1753 1303 exuant:

354 1315 408 1350 sed
419 1318 495 1363 quia
509 1318 552 1350 ita
568 1315 637 1351 sunt
647 1318 855 1352 comminutae
866 1322 900 1354 δε
912 1317 1057 1364 dispersae
1069 1346 1079 1360 ,
1091 1329 1126 1352 ut
1135 1319 1203 1351 vim
1226 1316 1442 1352 calefaciendi
1457 1329 1543 1364 pene
1561 1316 1684 1352 nullam
1696 1317 1755 1352 ha-

355 1363 455 1399 beant
467 1382 476 1409 3
489 1377 589 1412 atque
600 1376 634 1399 ut
653 1364 839 1401 scholastico
852 1379 944 1402 more
957 1366 1090 1415 loquar,
1109 1378 1216 1416 partes
1227 1369 1308 1415 ignis
1326 1364 1365 1401 sic
1375 1364 1530 1415 diffipatae
1539 1366 1611 1403 sunt
1629 1366 1765 1402 forma-⁷

353 1413 429 1449 liter
450 1414 561 1449 calidae
579 1444 587 1457 ‚
607 1427 674 1449 non
690 1413 854 1450 effective.
1162 1424 1166 1429 ·

400 1467 481 1512 Qo
495 1464 630 1511 quidem
650 1464 752 1498 modo
766 1477 880 1500 omnes
894 1467 1187 1513 Peripateticorum
1200 1463 1373 1502 sententias
1397 1464 1560 1502 conciliari
1582 1463 1671 1513 posse
1687 1469 1757 1514 jam

353 1513 535 1548 identidem
550 1515 724 1549 innuimus.
738 1513 911 1549 Miscibilia
925 1517 1046 1564 quippe
1060 1514 1124 1549 alia
1134 1514 1176 1549 ab
1186 1514 1258 1550 aliis
1269 1517 1491 1559 retunduntur,
1500 1524 1535 1548 ut
1545 1525 1639 1561 putat
1648 1516 1754 1550 AVer.

353 1565 436 1596 ro'e'S.
460 1565 579 1610 Neque
600 1565 690 1597 enim
703 1565 785 1611 ignis
795 1565 960 1612 disjunc’tae
972 1567 1074 1599 atomi
1086 1593 1096 1607 ,
1111 1576 1201 1598 terrae
1211 1570 1244 1600 &
1256 1578 1345 1613 aquae
1357 1564 1549 1614 corpusculis
1559 1562 1688 1598 obrutae
1696 1563 1756 1597 ad-

352 1623 458 1647 urunt.
471 1615 599 1661 Integra
610 1623 721 1646 tamen
739 1611 808 1647 sunt
825 1612 995 1647 miscibilia
1007 1641 1018 1656 ,
1038 1624 1074 1648 ut
1086 1614 1269 1648 Avicennas
1287 1615 1467 1649 existimat:
1484 1625 1560 1648 cum
1573 1614 1676 1661 prima
1685 1611 1754 1647 ele-

353 1672 466 1695 menta
487 1663 540 1695 vix
559 1663 720 1709 corrumpi
734 1691 744 1705 ,
770 1667 803 1698 δε
821 1665 966 1705 generari
985 1661 1117 1710 possint.
1149 1666 1194 1699 Ex
1210 1665 1249 1696 iis
1261 1668 1363 1698 etiam
1381 1675 1451 1707 ,ut
1465 1663 1597 1698 videtur
1615 1661 1773 1697 Alberto*

352 1712 480 1758 Magno
493 1739 501 1752 ‚
528 1722 616 1745 nova
636 1710 743 1744 forma
762 1709 816 1745 seu
831 1710 1023 1758 compositio
1035 1712 1162 1758 exurgit
1174 1739 1184 1753 ‚
1209 1724 1309 1757 quam
1328 1718 1477 1749 cettaess&
1498 1711 1654 1759 specificae
1667 1713 1752 1745 vires

352 1759 593 1806 consequuntur
613 1774 621 1800 ;
647 1769 708 1792 nec
722 1763 791 1805 jam
808 1759 972 1793 elementa
987 1761 1133 1806 proprias
1154 1764 1188 1795 &
1202 1761 1394 1807 congenitas
1416 1762 1560 1796 actiones
1576 1771 1753 1803 exercent,

353 1805 404 1840 sed
418 1810 516 1842 totius
530 1805 699 1854 compositi
715 1809 835 1842 actioni
847 1810 1015 1856 praecipuae
1038 1806 1181 1843 serviunt
1205 1822 1212 1843 :
1241 1810 1325 1843 adeo
1344 1820 1380 1844 ut
1396 1822 1464 1845 non
1482 1819 1550 1845 tam
1569 1808 1752 1853 elementa,

352 1855 452 1903 quam
463 1868 577 1891 eorum
591 1859 728 1891 virtutes
744 1886 753 1899 ,
776 1869 889 1904 eaeque
906 1868 1093 1905 temperatae
1111 1856 1216 1892 adeffe
1233 1858 1416 1894 videantur.

394 1907 468 1940 Pars
482 1904 562 1940 vero
578 1905 679 1940 altera
689 1905 900 1941 conclusionis
916 1906 1012 1942 facile
1029 1907 1219 1950 ostenditur,
1238 1918 1276 1941 ex
1288 1907 1483 1942 mechanicis
1499 1908 1652 1942 nimirum
1667 1905 1751 1942 affe-

353 1954 516 1990 &ionibus
529 1957 721 1990 mixtionem
740 1968 857 2005 magna
875 1967 916 1990 ex
937 1968 1030 2005 parte
1047 1956 1198 2004 pendere.
1220 1958 1311 1993 Nam
1324 1957 1411 1992 idem
1433 1958 1571 1991 mixtum
1591 1959 1626 1991 in
1644 1968 1751 2004 partes

352 2004 420 2039 suas
432 2003 616 2039 dissolutum
632 2034 641 2048 ‚
654 2005 815 2039 interdum
833 2006 955 2041 restitui
966 2006 1070 2054 potest
1086 2022 1095 2048 3
1109 2018 1231 2055 magno
1249 2006 1381 2054 quidem
1401 2006 1522 2041 indicio
1533 2004 1703 2040 miscibilia
1716 2008 1752 2042 in

352 2055 461 2089 mixtis
475 2053 535 2090 esse
548 2057 685 2101 integra.
697 2057 798 2090 Nitro
809 2053 878 2091 fixo
890 2084 899 2098 ,
922 2055 1010 2103 quod
1028 2053 1148 2090 scilicet
1161 2054 1358 2091 carbonibus
1376 2057 1505 2102 injectis
1523 2057 1555 2090 in
1574 2054 1751 2100 crucibulo,
1767 2087 1770 2093 ,

351 2117 383 2138 v.
395 2116 438 2137 un
456 2107 571 2143 creufet
585 2134 594 2148 ,
618 2103 849 2151 conflagravit,
869 2104 1015 2153 spirirum
1029 2106 1105 2140 nitri
1124 2105 1312 2141 distillatum
1336 2105 1493 2154 paulatim
1518 2103 1650 2139 affunde
1665 2133 1673 2146 ,
1691 2105 1752 2139 sta-

352 2155 412 2187 tim
427 2152 483 2188 fiet
497 2152 646 2188 ebullitio
661 2154 811 2201 quaedam
826 2166 914 2190 :tum
926 2161 966 2189 ex'
977 2153 1140 2201 utriusque
1150 2157 1224 2190 nitri
1239 2161 1273 2192 &
1283 2154 1360 2199 fixi,
1377 2161 1409 2192 δε
1424 2153 1566 2190 volatilis
1587 2153 1750 2188 consortio

351 2215 476 2236 novum
489 2205 610 2238 nitrum
620 2232 629 2245 ,
643 2215 697 2238 aut
710 2203 851 2251 salpetrae
864 2215 1012 2252 exurget.
1026 2206 1153 2252 Magno
1163 2207 1276 2251 utique
1286 2215 1480 2254 argumento
1493 2202 1645 2244 formam,
1656 2214 1750 2237 corn-

351 2250 556 2298 positionem,
569 2259 602 2290 &
616 2252 790 2300 qualitates
802 2255 878 2288 nitri
891 2266 933 2288 cx
950 2265 1039 2287 certa
1051 2256 1189 2301 partium
1210 2253 1312 2303 figura
1332 2259 1364 2289 8:
1379 2263 1538 2287 contextu
1560 2263 1748 2299 emergere,

352 2311 411 2333 nec
422 2303 530 2335 omnia
542 2301 661 2345 calori,
675 2314 731 2336 aut
748 2302 860 2351 frigori
872 2299 932 2336 esse
949 2301 1132 2339 tribuenda.
1162 2305 1252 2339 Nam
1265 2315 1306 2339 ex
1323 2302 1432 2350 spiritu
1442 2302 1520 2335 nitri
1537 2299 1662 2343 calido,
1693 2311 1750 2348 pe-

352 2359 511 2392 netrante‚
523 2352 616 2385 acido
627 2381 635 2394 ‚
646 2364 720 2386 cum
732 2351 793 2386 sale
809 2352 943 2387 lixiviali
957 2353 1275 2400 conjuntsto,itidem
1286 2351 1401 2393 calido,
1417 2355 1450 2387 &
1463 2351 1547 2391 acri,
1565 2351 1684 2384 nitrum
1699 2348 1749 2393 fit,

350 2397 441 2441 quod
460 2401 558 2444 magis
568 2401 749 2449 refrigerat,
761 2401 860 2450 quam
873 2400 1194 2450 calefacit‚quodque
1206 2412 1341 2438 omnem
1353 2402 1421 2437 vim
1430 2397 1748 2444 cortofivan1,&foe-

350 2454 456 2480 torem
483 2451 582 2483 exuit.
