1878 2724
552 146 718 183 PARS
753 144 1032 183 SECUNDA.
1424 162 1439 184 2

82 200 172 235 Nam
189 196 270 234 illud
285 198 424 231 omnino
441 194 529 244 supra
557 195 659 231 fidem
678 194 722 229 est
733 194 974 230 exhalationem
999 192 1202 243 sulphuream
1216 226 1225 240 ,
1240 202 1274 234 δε
1290 161 1476 232 bitumine&

82 246 148 283 sam
159 249 192 283 in
199 257 273 281 aere
289 243 454 281 accensam
466 245 550 279 adeo
562 242 707 293 religiose
717 245 815 292 primi
849 243 982 280 mobilis
1001 255 1128 280 motum
1141 244 1250 293 sequi;
1277 245 1399 293 ubique
1411 257 1475 280 ter-

83 308 188 331 rarum
197 294 314 330 eodem
326 295 360 329 in
372 294 446 329 loco
456 305 628 342 apparere:
641 293 725 327 adeo
740 304 776 327 ut
791 292 914 328 nullam
927 293 996 328 fere
1006 293 1200 343 parallaxim
1213 324 1222 339 ,
1252 294 1304 329 seu
1327 294 1474 343 aspestfis

82 342 301 379 diversitatem
312 342 434 378 subeat.
446 343 608 393 vais
620 343 708 377 enim
718 340 793 376 luna
803 352 854 376 tot
866 341 1013 377 millibus
1024 342 1211 379 milliarium
1221 343 1240 380 ὲ
1253 342 1349 380 nobis
1362 343 1474 388 distet,

82 392 202 433 eodem
219 404 330 428 tamen
343 404 491 439 tempore
512 394 529 428 ὲ
546 389 674 428 diversis
688 401 780 425 terrae
793 389 958 439 partibuS,
971 391 1262 441 Constantinopoli
1277 422 1287 437 ,
1319 406 1351 430 v.
1372 405 1421 442 gt.
1437 398 1473 430 &

82 440 203 478 Parifiis
221 441 276 477 sub
290 439 403 477 iisdem
414 440 511 476 stellis
521 454 588 476 non
596 438 788 488 conspicitur
801 452 927 488 3neque
942 441 1061 476 eodem
1071 443 1109 476 in
1127 441 1202 476 loco
1213 444 1355 477 cernitur
1371 471 1381 486 ,
1399 454 1436 477 ac
1451 442 1473 477 fi

83 503 124 527 ex
134 502 224 525 tertae
237 501 350 526 centro
368 491 532 525 videretur
545 503 554 525 ε
567 501 638 538 quae
649 488 784 536 quidem
801 487 965 524 diversitas
984 491 1001 526 ὲ
1015 488 1154 526 sensibili
1163 490 1287 526 telluris
1301 491 1388 526 mole
1401 502 1475 526 orta

85 539 254 588 parallaxis
269 540 430 581 vocitatur
451 555 461 581 ·,
479 538 520 573 de
533 550 599 585 qua
613 537 700 573 forte
716 536 862 574 inferius.
886 537 951 573 Sed
973 551 1088 574 omnes
1110 552 1246 575 cometae
1261 542 1318 588 qui
1342 551 1474 576 centum

83 587 204 623 abhinc
213 591 304 624 annis
319 586 374 624 visi
387 587 458 623 sunt
470 615 480 630 ,
502 598 602 634 atque
618 586 660 621 ab
673 586 871 622 Astronomis
884 586 1082 636 peritiffimis
1100 588 1264 625 observati
1277 618 1288 633 ‚
1309 588 1406 637 longe
1417 592 1473 624 mi-

84 634 605 684 noremrquhmlunaspatallaxim
615 634 769 671 habuere.
785 637 872 684 Ergo
884 635 1010 672 necesse
1027 637 1074 671 est
1089 649 1146 672 eos
1161 637 1235 673 luna
1251 637 1356 673 multo
1377 636 1474 673 subli-

84 680 203 722 miores
212 683 319 720 fuiffe.¹
328 685 413 719 Cum
422 686 508 720 enim
521 682 672 720 sensibilis
685 695 774 719 tetrae
786 684 891 720 moles
907 684 997 721 illam
1015 686 1058 721 de
1079 698 1145 734 qua
1157 685 1338 735 loquimur,
1359 686 1476 723 efficiat

84 733 229 783 aspectus
244 732 481 778 diversitatem,
503 745 569 780 quo
581 732 711 782 longius
722 732 849 769 anobis
858 734 974 770 astrum
991 734 1106 779 distat,
1121 735 1185 771 hoc
1201 738 1309 772 minor
1329 736 1412 772 illius
1424 739 1473 772 est

83 782 252 832 parallaxis
266 811 277 826 ,
291 781 345 818 seu
356 784 462 819 minor
480 783 528 818 est
543 782 725 818 differentia
743 786 826 818 inter
845 795 958 819 verum
974 788 1040 832 ejus
1053 783 1180 828 locum,
1200 798 1300 833 quem
1322 797 1362 821 ex
1382 797 1474 822 terrae

85 844 201 867 centro
213 832 399 869 videremus
411 861 421 876 ,
441 838 476 870 &
493 843 706 881 apparentem
723 844 824 880 quem
850 844 891 868 ex
910 832 1031 868 telluris
1062 833 1230 882 superficie
1248 833 1472 883 conspicimus

86 881 190 928 Qod
201 883 236 917 in
246 880 348 930 figura
357 882 517 917 delineata
529 880 643 916 clarius
661 880 803 919 fututum
817 881 871 921 est.
894 883 943 919 Sit
959 884 1047 921 enim
1071 882 1191 934 globus
1207 895 1297 920 terrae
1317 887 1346 920 A
1357 883 1475 929 ,locus

84 929 274 979 spestatoris
284 933 296 965 1
307 960 318 975 ‚
335 930 408 966 luna
420 932 457 974 B,
467 932 522 978 qui
534 932 569 965 in
583 943 655 966 cen-

82 990 138 1015 tro
155 981 183 1016 A
196 979 343 1015 existeret
353 1008 365 1024 ,
381 979 492 1015 lunam
502 978 558 1015 sub
567 980 656 1015 stella

84 1031 119 1065 D
131 1056 143 1072 ,
161 1040 315 1077 tanquam
325 1031 360 1064 in
380 1041 460 1064 vero
478 1027 565 1064 illius
580 1028 656 1065 loco

85 1089 248 1121 cerneret3
259 1077 370 1113 oculus
383 1077 508 1114 veroin
522 1080 535 1112 1
547 1076 656 1113 lunam

86 1125 142 1160 sub
155 1124 549 1174 stellaF‚&depteffiotem
557 1138 658 1174 quam

86 1186 200 1210 revera
216 1173 282 1218 fit„
310 1177 462 1212 intuetur.
489 1177 585 1211 Arcus
599 1176 659 1210 ita-

88 1235 155 1271 que
165 1224 230 1260 DF,
241 1251 251 1267 ‚
262 1234 263 1237 ’
274 1223 330 1258 seu
345 1223 530 1259 differentia
540 1225 659 1267 veri,&

49 1315 55 1318 .
85 1275 270 1320 apparentis
281 1271 347 1307 loci
362 1272 534 1320 parallaxis
549 1274 658 1308 nomi-

87 1332 196 1356 natur.
211 1322 320 1369 Atque
338 1320 406 1356 haec
417 1319 459 1357 ei>
474 1324 581 1357 minor
592 1322 635 1356 est
647 1349 658 1366 ,

88 1367 158 1416 quo
168 1370 284 1404 astrum
294 1369 471 1407 sublimius:
481 1382 552 1406 tum
567 1373 658 1407 eni-m

90 1429 183 1452 tertre
197 1418 299 1453 moles
309 1420 416 1454 minus
431 1420 476 1453 est
492 1418 658 1462 sensibilis,

88 1478 127 1501 ac
143 1468 303 1502 minorem
325 1466 474 1515 aspectus
492 1466 660 1504 diversita-

89 1523 160 1550 tem
175 1517 310 1552 inducit.
334 1518 387 1551 Sic
397 1515 468 1553 solis
487 1528 536 1552 ex.
559 1529 610 1566 gt.
626 1519 660 1552 in

89 1564 122 1599 C
135 1563 230 1611 pofiti
246 1563 412 1612 parallaxis
426 1565 471 1600 est
478 1577 567 1600 arcus
577 1569 609 1602 D
622 1568 660 1609 E,

91 1611 198 1647 multo
211 1615 319 1648 minor
330 1625 406 1648 arcu
421 1617 451 1648 D
463 1616 493 1650 F.
503 1615 591 1649 Cum
603 1615 663 1663 igi-

91 1672 144 1695 tur
162 1672 364 1697 cometarum
385 1665 532 1697 omnium
560 1665 618 1711 qui
640 1662 661 1698 ἐι

90 1720 221 1745 centum
263 1715 297 1748 ὁ(
318 1710 454 1759 amplius
492 1714 582 1746 annis
607 1711 661 1746 visi

91 1757 180 1803 sunt,
202 1758 290 1794 nulla
303 1759 399 1794 fuerit
416 1759 565 1795 sensibilis
579 1760 764 1808 parallaxis,
782 1760 890 1810 palam
915 1760 960 1796 est
978 1771 1033 1794 eos
1054 1762 1194 1794 maxima
1211 1756 1323 1794 saltem
1337 1767 1478 1806 exparte

88 1808 159 1842 non
175 1806 365 1844 luna'solfim
380 1837 389 1850 ,
400 1807 451 1843 sed
463 1814 495 1846 δε
508 1808 594 1846 forte
609 1808 675 1845 sole
688 1809 757 1859 ipso
769 1810 901 1847 altiores
919 1806 958 1843 e'x
966 1806 1073 1844 titiffe.

123 1857 275 1904 Confirm.
291 1859 379 1892 Cum
393 1870 529 1894 cometae
539 1860 787 1907 caputundique
803 1887 813 1903 ,
830 1863 865 1896 δε
884 1857 1046 1894 eodemin
1062 1857 1135 1892 loco
1153 1852 1244 1892 fimul
1267 1856 1310 1890 ab
1323 1855 1476 1892 omnibu:

84 1906 242 1941 ‘videatur
252 1908 409 1948 somnino
425 1905 547 1942 necesse
557 1908 601 1942 est
611 1908 647 1944 id
660 1907 763 1957 globo
782 1907 904 1943 telluris
920 1909 1028 1953 majus
1051 1906 1196 1942 existere.
1233 1905 1365 1951 Qanta
1382 1907 1476 1953 igitur

92 1953 203 1988 futura
219 1955 360 1990 estillius
374 1956 495 1998 cauda,
526 1968 597 2003 quae
613 1970 764 2005 magnam
788 1955 867 1992 coeli
894 1965 1021 2004 partem
1043 1955 1211 1990 interdum
1228 1966 1369 2003 occupat,
1398 1953 1478 1988 Illud

94 2002 197 2036 etiarn
208 2004 295 2047 quod
305 2006 426 2038 Seneca
439 2003 554 2053 objicit
569 2033 578 2047 ‚
600 2008 732 2041 minime
747 2004 1025 2042 contemnendum
1042 2004 1190 2048 videtur,
1211 2015 1411 2051 quaecunque
1423 2014 1477 2037 aer

93 2061 201 2094 creat,
219 2049 331 2085 brevia
344 2051 429 2086 sunt:
449 2053 617 2088 nascuntur
630 2057 762 2090 enimin
777 2067 812 2090 re
827 2054 957 2101 fugaci,
978 2065 1016 2087 ac
1028 2052 1177 2088 mutabili
1192 2067 1200 2089 :
1213 2052 1266 2087 sed
1276 2063 1411 2087 cometae
1422 2050 1477 2086 vel

94 2098 176 2133 senis
187 2117 205 2142 ,>
218 2099 519 2146 inquitsmenfibus
539 2114 671 2138 manent
684 2119 692 2140 ι
704 2103 774 2139 fieri
788 2106 887 2151 igitur
897 2115 962 2138 non
975 2103 1079 2150 potest
1098 2113 1134 2137 ut
1152 2113 1256 2138 certus
1275 2107 1309 2140 &
1330 2100 1476 2136 constane

95 2149 225 2198 :ignngin
238 2159 374 2195 corpore
385 2159 468 2192 vago
478 2149 584 2184 sedeat
597 2180 606 2194 ‚
629 2157 662 2187 &
674 2155 719 2187 ita
733 2151 1085 2200 pertinaciter³haereat.

95 2244 117 2280 s
132 2196 239 2280 Mlulta
247 2196 353 2233 afferri
370 2195 493 2245 possunt
501 2199 543 2232 de
555 2202 649 2235 novis
659 2201 753 2236 stellis
763 2231 773 2246 ‚
788 2213 843 2237 aut
855 2200 896 2235 de
907 2211 1055 2236 veterum
1068 2202 1277 2237 extinffione·
1290 2197 1353 2234 Sed
1373 2197 1413 2232 de
1428 2195 1476 2231 his

111 2258 154 2281 uo
183 2259 254 2284 oco.

283 2295 594 2340 Dilnunturobjeela
605 2324 612 2336 ,
627 2295 673 2332 ὅ·
691 2298 1012 2345 quae‘damfilvunrur
1033 2296 1247 2342 difficultates.

96 2392 208 2443 ‘ieOpp-
225 2407 247 2431 1.
260 2395 406 2432 adversus
421 2407 460 2432 ea
469 2408 541 2444 que
551 2396 689 2431 diximus
699 2394 740 2431 de
750 2396 881 2432 maculis
898 2394 1054 2431 solaribus
1063 2421 1075 2439 ,
1093 2392 1176 2430 visus
1196 2391 1298 2436 forte,
1318 2403 1374 2427 aut
1387 2370 1476 2429 ·te3e-·
