1878 2724
511 135 657 175 PARS
693 136 970 179 SECUNDA.
1395 148 1433 183 28

84 189 210 230 *roveri
221 199 273 229 rut
280 188 283 191 ’
291 188 408 240 globus
417 183 515 237 l'on'ge
527 188 654 224 facilius
663 192 696 225 in
713 190 860 226 tabulato
871 201 1055 226 marmoreo
1064 189 1205 226 volvitur
1213 219 1223 235 ‚
1241 203 1339 241 quam
1349 193 1381 228 in
1393 159 1459 228 ter?-

82 254 117 276 ra
129 241 238 277 limosa
253 246 286 278 &
301 239 443 275 humida.
468 240 576 285 Atque
586 238 660 273 hinc
671 239 904 275 refractionum
918 240 1005 288 leges
1013 240 1095 274 adeo
1104 242 1260 277 concinne
1279 243 1361 277 eruit
1375 243 1458 277 Car-

83 288 187 333 tefius,
198 302 232 324 ut
246 287 326 324 nihil
338 290 371 323 in
390 286 452 321 hoc
461 299 580 336 genere
592 289 766 322 accuratius
782 291 866 337 exigi
877 288 993 337 possit.>

117 339 241 373 Contra
259 340 319 374 Vir
329 349 400 372 cum
415 338 561 378 viveret,
570 335 716 385 singulari
726 338 870 372 do&rina
885 344 918 375 ὅ(
940 337 1067 372 summo
1077 339 1209 386 ingenio
1220 341 1268 374 D.
1277 341 1403 376 Fermat
1415 354 1455 377 ex

79 385 227 436 oppofito
241 387 399 435 principio
410 384 534 419 easdem
543 384 630 433 leges
640 385 869 421 refractionum
888 398 946 434 per
959 385 1111 435 analyfrm
1128 387 1370 425 demonstravit.
1396 393 1458 426 At-

64 448 140 484 -que
152 436 184 470 id
198 436 299 484 ipsum
313 432 492 483 synthetice
503 437 753 482 &geometrice
768 436 990 470 inAcademia
1006 447 1114 484 paucis
1138 435 1258 471 abhinc
1272 440 1362 473 annis
1376 451 1456 475 con-

77 485 156 520 fecit
170 488 212 521 D.
222 487 353 519 Romer.
369 483 433 517 Sed
451 495 524 517 cum
541 483 584 516 ab
600 482 663 517 hoc
684 495 801 530 genere
813 484 1126 519 demonstrationum
1148 483 1376 522 abstmendum
1394 501 1454 523 no..

61 531 128 568 *bis
141 531 347 575 arbitremur,
362 543 423 566 una
441 536 473 568 &
492 529 546 566 nifi
559 543 612 565 me
624 543 717 566 mens
733 531 837 576 fallit,
859 532 1124 568 demonstrationi
1141 535 1290 580 proxima
1308 538 1453 581 ratione,

76 593 179 629 eaque
189 595 226 617 ex
248 581 445 618 Mechanicis
457 577 816 629 principiisdesumpta,
831 592 931 628 quam
953 584 995 618 D.
1014 583 1140 617 Romen:
1159 582 1285 628 attulit,
1307 589 1454 621 contenti

75 632 205 667 erimus.

110 681 223 728 Longe
237 678 369 726 quidem
381 678 444 713 alia
459 678 501 712 est
512 679 598 713 ratio*
607 676 758 722 mobilis,
773 678 860 726 quod
880 677 953 714 loco
967 678 1150 715 transsatum
1172 684 1453 731 aeremprimuim

73 738 140 762 tum
153 738 449 775 aquampene-rrat3
470 726 533 761 alia
545 726 676 761 mobilis
692 728 781 774 quod
792 730 870 762 citra
885 727 931 762 sui
946 728 1188 764 transsationem
1199 730 1453 779 corpusculorum

70 779 256 825 congeriem
272 775 421 824 impellit.
442 774 569 811 Globus
585 777 607 811 ὲ.
620 775 764 823 sclopeto
781 775 823 810 ab
847 788 921 811 aere
938 779 970 812 in
995 789 1110 825 aquam
1128 777 1264 827 oblique
1281 780 1452 825 immiss'us,

69 836 176 872 partes
187 837 274 872 aquae
283 823 322 859 fic
333 836 521 860 commovet
531 853 541 867 ‚
550 835 587 859 ut
603 836 655 858 eas
667 823 746 859 loco
754 826 869 859 cedere
879 827 1073 874 compellat:
1091 827 1166 862 hinc
1182 840 1332 878 magnam
1346 829 1452 866 offen-

69 874 118 909 dit
132 872 334 909 refistentiam
349 902 359 917 ,
372 878 406 910 δε
415 872 499 920 quafi
514 872 747 908 sursumversus
760 886 850 921 aquae
862 873 1062 922 superficiem
1073 876 1250 923 repellitur.
1270 880 1331 912 Sed
1344 878 1451 915 lumen

69 933 108 956 ex
128 921 198 971 ipfis
209 921 345 958 Cartefii
358 923 525 970 principiis
538 923 665 957 nonita
679 921 752 958 loco
768 933 930 960 movetur.
956 925 1079 959 Premit
1092 926 1249 961 duntaxat
1263 939 1354 974 aquae
1378 940 1450 962 cor-

58 970 193 1019 rpuscula
204 984 299 1015 3-non-
324 973 438 1006 artium
449 970 612 1006 cumulum
621 973 750 1020 proprie
762 983 912 1020 penetrat
921 1001 931 1015 ,
943 984 1049 1021 neque
1060 985 1111 1008 eas
1124 973 1199 1008 loco
1213 975 1327 1022 pellit:
1343 977 1449 1025 impe-

67 1030 135 1055 turn
148 1033 280 1056 omnem
308 1033 384 1055 uum
400 1022 435 1055 in
444 1019 641 1069 superficiem
659 1023 689 1056 D
702 1020 732 1055 C
741 1020 765 1056 E
777 1048 787 1064 ‚
801 1022 923 1063 exerit3
941 1018 1019 1055 vide
1027 1023 1297 1074 siqverioremfig.⁴
1312 1038 1450 1072 cumque

66 1080 159 1116 aquae
171 1097 181 1112 ,
197 1080 252 1104 aut
271 1071 348 1104 vitri
366 1067 545 1116 superficies
556 1069 676 1104 exaliis
696 1069 909 1117 complanatis
937 1073 1107 1117 compacta
1121 1072 1211 1106 reete
1231 1075 1449 1121 concipiatur,

65 1128 120 1151 eas·
136 1118 452 1153 duntaxatconcutit.
473 1120 519 1153 Ac
532 1116 677 1152 sucmffio
695 1117 749 1151 illa
764 1130 829 1152 non
846 1117 953 1152 versus
974 1117 1172 1166 superficiem
1187 1146 1197 1161 ,
1227 1119 1281 1154 sed
1300 1122 1460 1158 deorsum

64 1164 166 1200 versus
190 1165 488 1214 perpendicularem
508 1167 569 1201 RF
583 1165 727 1214 dirigitur
738 1195 748 1208 ,
761 1167 808 1199 uti
831 1165 896 1200 alio
917 1166 990 1201 loco
1003 1166 1176 1215 inPhysica
1191 1169 1360 1216 generali,
1373 1183 1447 1207 cum

63 1214 105 1248 de
123 1213 298 1250 reflexione
314 1226 486 1263 corporum
505 1213 679 1263 agebamus
692 1243 703 1257 ‚
719 1214 780 1249 fuit
793 1214 1008 1262 explicatums

97 1261 375 1316 Qmobremex
394 1262 647 1298 diffimilitudiue
663 1262 913 1306 refrafflmmm,
928 1275 1000 1310 quae
1015 1265 1048 1298 in
1065 1262 1158 1298 mdijs'
1173 1264 1300 1301 luminis
1311 1294 1321 1309 ,
1333 1268 1447 1316 &glo-

63 1309 141 1348 bis&
154 1311 295 1361 [clopeto
310 1309 427 1346 emiffis
446 1311 674 1355 observantur,
685 1324 751 1347 non
763 1310 832 1345 satis
850 1323 927 1359 apte
939 1311 1072 1360 collegit
1090 1312 1248 1349 Cartefius
1265 1310 1372 1351 lumen
1387 1330 1444 1365 per

61 1371 198 1407 aquam,
214 1372 276 1395 aut·
287 1360 543 1396 vitrumefaeilius
556 1363 681 1394 moveri
691 1372 788 1407 quam
808 1372 864 1406 per
884 1372 1011 1396 aerem:
1026 1364 1146 1396 cumin
1161 1362 1264 1410 globo
1279 1364 1390 1400 emiffo
1410 1365 1445 1401 fit

62 1421 139 1444 vera
154 1412 296 1457 corporis
318 1408 479 1443 transsatio
491 1438 500 1453 ,
518 1412 550 1444 in
568 1409 697 1443 luminis
715 1411 949 1456 propagatione
967 1422 1033 1444 non
1049 1409 1136 1444 aliud
1155 1422 1193 1445 ex
1216 1411 1360 1447 Cartefio
1378 1414 1445 1462 ipso

62 1457 243 1507 intelligere
260 1455 434 1492 debeamus
447 1469 562 1506 praeter
577 1456 747 1505 impulsum
762 1457 937 1504 quemdam
950 1469 1029 1501 ,aut
1044 1460 1184 1507 partium
1206 1458 1455 1507 succuffionem,

62 1511 97 1544 &
118 1506 208 1554 quasi
230 1505 399 1542 tremulam
416 1509 616 1542 motionem·
696 1552 699 1553 ⁷
842 1550 844 1552 Ι

109 1559 222 1602 Qum
247 1568 326 1590 vero
343 1555 453 1590 attulit
473 1555 616 1603 regulam
635 1554 884 1592 refraetionibus
903 1555 1072 1590 metiendis
1090 1556 1261 1603 idoneam,
1277 1569 1314 1593 ea·
1332 1561 1440 1607 potius

59 1607 289 1652 experimentis
301 1632 310 1646 ,
321 1617 420 1651 quam
430 1606 605 1639 ratiociniis
618 1604 765 1639 debetur.
782 1604 905 1639 Verum
920 1615 990 1650 quae
1009 1602 1044 1637 fit
1059 1616 1096 1638 ea
1110 1606 1219 1652 regula
1229 1634 1238 1648 ‚
1257 1619 1329 1653 qua:
1345 1620 1437 1642 men-

58 1652 125 1686 sura
140 1653 368 1687 refraeticmum
381 1680 390 1695 ‚
406 1653 491 1687 infra
502 1653 724 1701 explicandum
738 1654 799 1686 erit
809 1681 816 1694 ,
832 1665 904 1687 cum
918 1654 957 1686 de
969 1651 1050 1686 tubo
1062 1654 1175 1699 optico
1188 1666 1335 1702 agemus:
1355 1665 1455 1690 nune*

58 1713 128 1748 quae
147 1700 183 1736 fit
209 1700 412 1735 refraetionis
429 1700 518 1736 causa
533 1713 588 1745 ,ut
612 1699 736 1748 Phyfici
753 1703 888 1749 potius,
913 1712 1011 1748 quam
1038 1712 1073 1735 ut
1102 1702 1291 1739 Geometra²
1307 1704 1438 1752 indage-

57 1762 138 1786 mus.

79 1799 195 1846 Iraque
204 1796 265 1834 alia
278 1799 351 1834 huic
360 1798 489 1834 effeetui
502 1798 591 1833 causa
607 1798 649 1832 ab
668 1810 705 1832 ea
717 1809 813 1846 quam
830 1793 990 1833 Cartessus
1001 1797 1096 1833 affert
1105 1827 1113 1841 ‚
1123 1799 1295 1845 quaerenda
1306 1800 1351 1834 est
1365 1814 1372 1835 ε
1385 1800 1439 1835 vel

42 1849 142 1895 >quod
154 1847 206 1882 lux
219 1854 252 1885 &
265 1859 335 1882 aere
351 1849 387 1882 in
400 1860 529 1894 aquam,
542 1850 723 1881 autssvitrum
739 1846 897 1897 progressa
912 1846 969 1882 fiat
984 1849 1181 1882 contractior
1190 1860 1287 1893 quam
1301 1851 1332 1882 in
1347 1862 1435 1892 aere,

55 1907 94 1929 ac
109 1898 245 1942 proinde
254 1896 387 1931 colle&
398 1898 504 1930 minus
514 1895 650 1943 spatium
667 1908 805 1944 occupet
820 1897 891 1940 3vel
913 1897 1018 1944 potius
1033 1896 1119 1941 quod
1131 1896 1235 1930 radius
1248 1896 1374 1931 luminis
1387 1911 1436 1935 ex.

55 1947 141 1990 gtsB
154 1946 183 1978 C
195 1957 231 1978 ex
243 1957 314 1979 raro
327 1956 460 1992 corpore
470 1946 502 1977 in
513 1943 634 1978 denfius
645 1945 790 1980 incidens
803 1974 811 1988 ‚
826 1956 882 1979 aut
899 1945 1035 1979 omnino
1044 1942 1160 1978 resiliat
1171 1973 1180 1988 ,
1197 1943 1254 1978 ubi
1273 1947 1304 1980 in
1318 1948 1437 1982 aretio-

55 1992 95 2024 ris
118 1992 246 2039 alicujus
267 2005 390 2026 meatus
411 1992 510 2026 latera
533 1993 703 2040 impingit3
719 2005 773 2027 aut
801 1993 931 2028 ulterius
958 1991 1130 2040 progreffus
1145 2023 1153 2035 ,
1170 1992 1272 2027 versus
1292 2006 1364 2029 eum
1383 1995 1432 2030 lo-

54 2051 131 2074 cum
147 2052 186 2073 ex
205 2052 272 2086 quo
290 2040 462 2087 profluxit,
488 2052 606 2088 nempe
627 2044 658 2075 in
673 2042 703 2076 C
716 2045 728 2075 1
740 2040 922 2077 inflectatur
935 2042 1043 2076 sidem
1053 2044 1140 2076 enim
1158 2042 1272 2076 lumini
1297 2044 1436 2087 accidit,

54 2089 150 2134 quod'
166 2088 238 2135 p1lae
257 2088 439 2122 molliorem
460 2087 665 2123 substantiam
685 2090 797 2124 ferreis
820 2090 968 2125 cancellis
982 2092 1198 2138 interruptam
1213 2089 1348 2137 oblique
1361 2104 1435 2139 per.

53 2139 187 2171 meanti.
204 2139 291 2172 Nam
304 2137 486 2171 cancellorfi
497 2136 621 2170 occursu
631 2138 684 2172 vel
698 2141 831 2174 omnino
842 2138 1007 2181 refilit,vel
1017 2138 1037 2172 si
1047 2150 1334 2187 penetret,motum
1345 2139 1435 2176 suum

54 2185 190 2220 infleelit
203 2214 213 2227 ,
230 2191 261 2221 &
276 2184 379 2219 versus
391 2184 686 2231 perpendicularem
704 2187 900 2231 infringitur.
920 2189 940 2221 (
952 2190 1104 2234 oncipere
1124 2190 1210 2222 enim
1221 2187 1297 2221 licet
1311 2190 1432 2223 vitrum

52 2245 92 2268 ex
104 2236 277 2269 innumeris
290 2233 406 2267 tubulis
419 2234 557 2266 constare
572 2246 579 2267 :
599 2231 655 2266 ubi
673 2233 776 2269 tubuli
793 2238 837 2270 ita
849 2235 960 2271 resecti
972 2235 1040 2269 sunt
1049 2264 1058 2279 ‚
1070 2247 1105 2270 ut
1114 2248 1222 2269 eorum
1232 2234 1353 2268 crificia
1371 2234 1432 2270 fint

53 2282 254 2328 aequabiliter
264 2281 408 2328 disposita
421 2310 429 2323 ‚
443 2284 518 2315 utin
532 2283 616 2315 virro
631 2281 730 2325 terso,
747 2295 799 2317 aut
810 2296 893 2330 aqua
910 2286 1027 2318 accidit
1037 2312 1047 2326 ,
1061 2294 1127 2316 tum
1140 2283 1218 2315 radii
1231 2281 1366 2329 oblique
1384 2285 1430 2319 in.

50 2332 265 2366 cidentesuon
276 2333 361 2364 resta
375 2330 544 2372 incedunt,
564 2329 612 2363 sed
625 2330 728 2366 versus
744 2332 1039 2379 perpendicularem
1060 2329 1274 2365 inflectuntur.
1289 2334 1338 2365 Ita
1359 2331 1429 2367 fere

53 2382 208 2415 acerrimo
227 2383 272 2413 vir
287 2382 419 2426 ingenio
438 2383 481 2416 D.
500 2380 542 2414 de
564 2379 598 2413 la
612 2380 703 2414 Hire
722 2380 762 2415 de
781 2380 982 2417 refrenationis
999 2377 1088 2415 causa
1105 2390 1207 2427 nuper
1224 2381 1257 2414 in
1274 2379 1434 2416 familiari

196 2428 283 2462 Tem.
312 2430 361 2463 ll.
1188 2429 1253 2464 Oo
