<?xml version="1.0" encoding="UTF-8"?>
<!DOCTYPE html PUBLIC "-//W3C//DTD XHTML 1.0 Transitional//EN"
    "http://www.w3.org/TR/xhtml1/DTD/xhtml1-transitional.dtd">
<html xmlns="http://www.w3.org/1999/xhtml" xml:lang="en" lang="en">
 <head>
  <title>
</title>
<meta http-equiv="Content-Type" content="text/html;charset=utf-8" />
  <meta name='ocr-system' content='tesseract 3.04.00' />
  <meta name='ocr-capabilities' content='ocr_page ocr_carea ocr_par ocr_line ocrx_word'/>
</head>
<body>
  <div class='ocr_page' id='page_1' title='image "./philosophiavetus02duhauoft_0462.png"; bbox 0 0 1878 2724; ppageno 0'>
   <div class='ocr_carea' id='block_1_1' title="bbox 404 150 1809 1622">
    <p class='ocr_par' dir='ltr' id='par_1_1' title="bbox 404 150 1799 446">
     <span class='ocr_line' id='line_1_1' title="bbox 405 150 1479 204; baseline -0.003 -13"><span class='ocrx_word' id='word_1_1' title='bbox 405 156 476 204; x_wconf 77' lang='lat'>448</span> <span class='ocrx_word' id='word_1_2' title='bbox 708 152 977 191; x_wconf 83' lang='lat' dir='ltr'>PHYSICAE</span> <span class='ocrx_word' id='word_1_3' title='bbox 1010 150 1151 188; x_wconf 75' lang='lat' dir='ltr'>PARS</span> <span class='ocrx_word' id='word_1_4' title='bbox 1186 151 1479 190; x_wconf 78' lang='lat' dir='ltr'>SECUNDA.</span> 
     </span>
     <span class='ocr_line' id='line_1_2' title="bbox 405 199 1794 255; baseline -0.003 -13"><span class='ocrx_word' id='word_1_5' title='bbox 405 205 509 243; x_wconf 69' lang='lat' dir='ltr'>&amp;ibus</span> <span class='ocrx_word' id='word_1_6' title='bbox 529 205 724 255; x_wconf 84' lang='lat' dir='ltr'>percoletur.</span> <span class='ocrx_word' id='word_1_7' title='bbox 746 205 860 237; x_wconf 86' lang='lat' dir='ltr'>Forma</span> <span class='ocrx_word' id='word_1_8' title='bbox 874 201 1043 236; x_wconf 78' lang='lat' dir='ltr'>rotundior</span> <span class='ocrx_word' id='word_1_9' title='bbox 1054 199 1178 237; x_wconf 88' lang='lat' dir='ltr'>succum</span> <span class='ocrx_word' id='word_1_10' title='bbox 1189 200 1389 249; x_wconf 69' lang='lat' dir='ltr'>aequabiliter</span> <span class='ocrx_word' id='word_1_11' title='bbox 1407 201 1531 246; x_wconf 85' lang='lat' dir='ltr'>fusum,</span> <span class='ocrx_word' id='word_1_12' title='bbox 1544 204 1579 239; x_wconf 85' lang='lat'>&amp;</span> <span class='ocrx_word' id='word_1_13' title='bbox 1598 200 1715 238; x_wconf 62' lang='lat' dir='ltr'>melius</span> <span class='ocrx_word' id='word_1_14' title='bbox 1734 210 1794 240; x_wconf 57' lang='lat' dir='ltr'>eis</span> 
     </span>
     <span class='ocr_line' id='line_1_3' title="bbox 406 249 1793 299; baseline 0 -10"><span class='ocrx_word' id='word_1_15' title='bbox 406 257 535 291; x_wconf 59' lang='lat' dir='ltr'>fodrum</span> <span class='ocrx_word' id='word_1_16' title='bbox 548 252 655 289; x_wconf 89' lang='lat' dir='ltr'>efficit.</span> <span class='ocrx_word' id='word_1_17' title='bbox 669 254 757 289; x_wconf 85' lang='lat' dir='ltr'>Hinc</span> <span class='ocrx_word' id='word_1_18' title='bbox 770 263 840 286; x_wconf 88' lang='lat' dir='ltr'>uvae</span> <span class='ocrx_word' id='word_1_19' title='bbox 851 250 920 286; x_wconf 88' lang='lat' dir='ltr'>sunt</span> <span class='ocrx_word' id='word_1_20' title='bbox 929 261 964 285; x_wconf 88' lang='lat' dir='ltr'>ut</span> <span class='ocrx_word' id='word_1_21' title='bbox 975 249 1151 298; x_wconf 80' lang='lat' dir='ltr'>plurimum</span> <span class='ocrx_word' id='word_1_22' title='bbox 1166 252 1322 299; x_wconf 82' lang='lat' dir='ltr'>gratiores</span> <span class='ocrx_word' id='word_1_23' title='bbox 1333 279 1342 292; x_wconf 83' lang='lat'><em>‚</em></span> <span class='ocrx_word' id='word_1_24' title='bbox 1361 263 1429 298; x_wconf 89' lang='lat' dir='ltr'>quo</span> <span class='ocrx_word' id='word_1_25' title='bbox 1448 250 1659 288; x_wconf 85' lang='lat' dir='ltr'>rotundiores.</span> <span class='ocrx_word' id='word_1_26' title='bbox 1678 253 1743 287; x_wconf 73' lang='lat' dir='ltr'>Sed</span> <span class='ocrx_word' id='word_1_27' title='bbox 1755 259 1793 290; x_wconf 77' lang='lat' dir='ltr'>ut</span> 
     </span>
     <span class='ocr_line' id='line_1_4' title="bbox 406 298 1792 345; baseline -0.001 -6"><span class='ocrx_word' id='word_1_28' title='bbox 406 302 562 340; x_wconf 62' lang='lat' dir='ltr'>fructibus</span> <span class='ocrx_word' id='word_1_29' title='bbox 577 299 724 345; x_wconf 79' lang='lat' dir='ltr'>folia,fic</span> <span class='ocrx_word' id='word_1_30' title='bbox 733 299 848 336; x_wconf 82' lang='lat' dir='ltr'>semini</span> <span class='ocrx_word' id='word_1_31' title='bbox 861 299 982 335; x_wconf 62' lang='lat' dir='ltr'>fruetus</span> <span class='ocrx_word' id='word_1_32' title='bbox 998 298 1141 334; x_wconf 87' lang='lat' dir='ltr'>serviunt</span> <span class='ocrx_word' id='word_1_33' title='bbox 1153 327 1162 342; x_wconf 92' lang='lat'>‚</span> <span class='ocrx_word' id='word_1_34' title='bbox 1183 305 1215 336; x_wconf 80' lang='grc' dir='ltr'>δι</span> <span class='ocrx_word' id='word_1_35' title='bbox 1231 299 1313 335; x_wconf 89' lang='lat' dir='ltr'>illius</span> <span class='ocrx_word' id='word_1_36' title='bbox 1334 298 1492 335; x_wconf 78' lang='lat' dir='ltr'>securitati</span> <span class='ocrx_word' id='word_1_37' title='bbox 1505 311 1630 336; x_wconf 83' lang='lat' dir='ltr'>cavent.</span> <span class='ocrx_word' id='word_1_38' title='bbox 1649 304 1686 336; x_wconf 74' lang='lat' dir='ltr'>In‘</span> <span class='ocrx_word' id='word_1_39' title='bbox 1707 314 1792 338; x_wconf 80' lang='lat' dir='ltr'>non-</span> 
     </span>
     <span class='ocr_line' id='line_1_5' title="bbox 404 346 1799 399; baseline 0.001 -13"><span class='ocrx_word' id='word_1_40' title='bbox 404 351 516 394; x_wconf 85' lang='lat' dir='ltr'>nullis,</span> <span class='ocrx_word' id='word_1_41' title='bbox 534 362 570 385; x_wconf 91' lang='lat' dir='ltr'>ut</span> <span class='ocrx_word' id='word_1_42' title='bbox 587 352 620 385; x_wconf 88' lang='lat' dir='ltr'>in</span> <span class='ocrx_word' id='word_1_43' title='bbox 638 363 658 399; x_wconf 89' lang='lat' dir='ltr'>p</span> <span class='ocrx_word' id='word_1_44' title='bbox 683 352 725 384; x_wconf 82' lang='lat' dir='ltr'>ris</span> <span class='ocrx_word' id='word_1_45' title='bbox 747 348 950 384; x_wconf 80' lang='lat' dir='ltr'>involucrum</span> <span class='ocrx_word' id='word_1_46' title='bbox 971 349 1014 383; x_wconf 88' lang='lat' dir='ltr'>est</span> <span class='ocrx_word' id='word_1_47' title='bbox 1027 346 1207 398; x_wconf 84' lang='lat' dir='ltr'>petrosum,</span> <span class='ocrx_word' id='word_1_48' title='bbox 1221 353 1255 387; x_wconf 72' lang='grc' dir='ltr'>ὃ(</span> <span class='ocrx_word' id='word_1_49' title='bbox 1270 347 1372 384; x_wconf 74' lang='lat' dir='ltr'>multo</span> <span class='ocrx_word' id='word_1_50' title='bbox 1387 351 1528 385; x_wconf 76' lang='lat' dir='ltr'>maxime</span> <span class='ocrx_word' id='word_1_51' title='bbox 1541 351 1576 386; x_wconf 85' lang='lat' dir='ltr'>in</span> <span class='ocrx_word' id='word_1_52' title='bbox 1594 351 1702 399; x_wconf 82' lang='lat' dir='ltr'>prunis</span> <span class='ocrx_word' id='word_1_53' title='bbox 1717 350 1799 387; x_wconf 69' lang='lat' dir='ltr'>testii-</span> 
     </span>
     <span class='ocr_line' id='line_1_6' title="bbox 406 364 1464 446; baseline -0.002 -11"><span class='ocrx_word' id='word_1_54' title='bbox 406 400 446 435; x_wconf 88' lang='lat' dir='ltr'>ad</span> <span class='ocrx_word' id='word_1_55' title='bbox 460 400 587 435; x_wconf 83' lang='lat' dir='ltr'>seminis</span> <span class='ocrx_word' id='word_1_56' title='bbox 611 364 790 434; x_wconf 48' lang='lat' dir='ltr'>culiodiam</span> <span class='ocrx_word' id='word_1_57' title='bbox 805 397 930 446; x_wconf 88' lang='lat' dir='ltr'>provisa</span> <span class='ocrx_word' id='word_1_58' title='bbox 950 398 968 433; x_wconf 70' lang='lat' dir='ltr'>:i</span> <span class='ocrx_word' id='word_1_59' title='bbox 988 401 1098 432; x_wconf 80' lang='lat' dir='ltr'>natura</span> <span class='ocrx_word' id='word_1_60' title='bbox 1114 396 1185 434; x_wconf 87' lang='lat' dir='ltr'>fuit.</span> <span class='ocrx_word' id='word_1_61' title='bbox 1462 434 1464 437; x_wconf 74' lang='grc'><strong>,</strong></span> 
     </span>
    </p>

    <p class='ocr_par' dir='ltr' id='par_1_2' title="bbox 406 439 1809 889">
     <span class='ocr_line' id='line_1_7' title="bbox 448 439 1799 497; baseline 0 -13"><span class='ocrx_word' id='word_1_62' title='bbox 448 451 591 484; x_wconf 77' lang='lat' dir='ltr'>Granum</span> <span class='ocrx_word' id='word_1_63' title='bbox 603 448 743 496; x_wconf 87' lang='lat' dir='ltr'>denique</span> <span class='ocrx_word' id='word_1_64' title='bbox 760 459 816 483; x_wconf 87' lang='lat' dir='ltr'>aut</span> <span class='ocrx_word' id='word_1_65' title='bbox 826 447 935 482; x_wconf 81' lang='lat' dir='ltr'>semen</span> <span class='ocrx_word' id='word_1_66' title='bbox 952 457 1092 494; x_wconf 82' lang='lat' dir='ltr'>quatuor</span> <span class='ocrx_word' id='word_1_67' title='bbox 1104 446 1282 482; x_wconf 84' lang='lat' dir='ltr'>involucris</span> <span class='ocrx_word' id='word_1_68' title='bbox 1306 449 1430 496; x_wconf 82' lang='lat' dir='ltr'>tegitur.</span> <span class='ocrx_word' id='word_1_69' title='bbox 1453 448 1597 482; x_wconf 84' lang='lat' dir='ltr'>Primum</span> <span class='ocrx_word' id='word_1_70' title='bbox 1609 447 1672 483; x_wconf 83' lang='lat' dir='ltr'>diei</span> <span class='ocrx_word' id='word_1_71' title='bbox 1691 439 1799 497; x_wconf 66' lang='lat' dir='ltr'>potest</span> 
     </span>
     <span class='ocr_line' id='line_1_8' title="bbox 406 494 1794 546; baseline 0 -14"><span class='ocrx_word' id='word_1_72' title='bbox 406 497 530 546; x_wconf 76' lang='lat' dir='ltr'>capsula</span> <span class='ocrx_word' id='word_1_73' title='bbox 541 526 550 541; x_wconf 86' lang='lat'>,</span> <span class='ocrx_word' id='word_1_74' title='bbox 560 496 736 545; x_wconf 86' lang='lat' dir='ltr'>cujusmodi</span> <span class='ocrx_word' id='word_1_75' title='bbox 750 499 783 532; x_wconf 82' lang='lat' dir='ltr'>in</span> <span class='ocrx_word' id='word_1_76' title='bbox 792 497 908 531; x_wconf 84' lang='lat' dir='ltr'>medio</span> <span class='ocrx_word' id='word_1_77' title='bbox 915 497 1006 544; x_wconf 81' lang='lat' dir='ltr'>pomi</span> <span class='ocrx_word' id='word_1_78' title='bbox 1023 497 1175 532; x_wconf 85' lang='lat' dir='ltr'>cernitur.</span> <span class='ocrx_word' id='word_1_79' title='bbox 1188 497 1225 531; x_wconf 76' lang='lat' dir='ltr'>In</span> <span class='ocrx_word' id='word_1_80' title='bbox 1234 495 1393 545; x_wconf 82' lang='lat' dir='ltr'>plerisque</span> <span class='ocrx_word' id='word_1_81' title='bbox 1405 496 1451 530; x_wconf 90' lang='lat' dir='ltr'>est</span> <span class='ocrx_word' id='word_1_82' title='bbox 1464 494 1572 543; x_wconf 85' lang='lat' dir='ltr'>filiqua</span> <span class='ocrx_word' id='word_1_83' title='bbox 1582 524 1593 539; x_wconf 87' lang='lat'>‚</span> <span class='ocrx_word' id='word_1_84' title='bbox 1602 507 1637 531; x_wconf 87' lang='lat' dir='ltr'>ut</span> <span class='ocrx_word' id='word_1_85' title='bbox 1652 499 1683 531; x_wconf 86' lang='lat' dir='ltr'>in</span> <span class='ocrx_word' id='word_1_86' title='bbox 1696 496 1794 541; x_wconf 69' lang='lat' dir='ltr'>fabis}</span> 
     </span>
     <span class='ocr_line' id='line_1_9' title="bbox 406 544 1803 598; baseline 0.001 -18"><span class='ocrx_word' id='word_1_87' title='bbox 406 558 506 595; x_wconf 82' lang='lat' dir='ltr'>atque</span> <span class='ocrx_word' id='word_1_88' title='bbox 522 558 563 581; x_wconf 84' lang='lat' dir='ltr'>ex</span> <span class='ocrx_word' id='word_1_89' title='bbox 579 558 617 580; x_wconf 76' lang='lat' dir='ltr'>ea</span> <span class='ocrx_word' id='word_1_90' title='bbox 628 547 700 581; x_wconf 83' lang='lat' dir='ltr'>duae</span> <span class='ocrx_word' id='word_1_91' title='bbox 717 545 844 582; x_wconf 84' lang='lat' dir='ltr'>seminis</span> <span class='ocrx_word' id='word_1_92' title='bbox 858 544 1012 598; x_wconf 80' lang='lat' dir='ltr'>pelliculae</span> <span class='ocrx_word' id='word_1_93' title='bbox 1030 547 1175 579; x_wconf 86' lang='lat' dir='ltr'>oriuntur</span> <span class='ocrx_word' id='word_1_94' title='bbox 1190 563 1200 588; x_wconf 90' lang='lat'>·‚</span> <span class='ocrx_word' id='word_1_95' title='bbox 1218 547 1356 580; x_wconf 85' lang='lat' dir='ltr'>exterior</span> <span class='ocrx_word' id='word_1_96' title='bbox 1368 574 1378 589; x_wconf 90' lang='lat'>,</span> <span class='ocrx_word' id='word_1_97' title='bbox 1398 550 1432 582; x_wconf 66' lang='grc' dir='ltr'>δε</span> <span class='ocrx_word' id='word_1_98' title='bbox 1446 553 1530 594; x_wconf 85' lang='lat' dir='ltr'>pene</span> <span class='ocrx_word' id='word_1_99' title='bbox 1554 545 1775 594; x_wconf 73' lang='lat' dir='ltr'>cartilaginosa</span> <span class='ocrx_word' id='word_1_100' title='bbox 1783 563 1803 590; x_wconf 27' lang='lat'>3!</span> 
     </span>
     <span class='ocr_line' id='line_1_10' title="bbox 407 593 1795 644; baseline -0.003 -14"><span class='ocrx_word' id='word_1_101' title='bbox 407 593 477 644; x_wconf 78' lang='lat' dir='ltr'>quae</span> <span class='ocrx_word' id='word_1_102' title='bbox 492 597 524 631; x_wconf 89' lang='lat' dir='ltr'>in</span> <span class='ocrx_word' id='word_1_103' title='bbox 541 597 636 630; x_wconf 79' lang='lat' dir='ltr'>variis</span> <span class='ocrx_word' id='word_1_104' title='bbox 648 594 823 631; x_wconf 71' lang='lat' dir='ltr'>seminibus</span> <span class='ocrx_word' id='word_1_105' title='bbox 839 595 963 632; x_wconf 81' lang='lat' dir='ltr'>variam</span> <span class='ocrx_word' id='word_1_106' title='bbox 980 595 1074 630; x_wconf 68' lang='lat' dir='ltr'>nacta</span> <span class='ocrx_word' id='word_1_107' title='bbox 1091 593 1135 628; x_wconf 79' lang='lat' dir='ltr'>est</span> <span class='ocrx_word' id='word_1_108' title='bbox 1154 593 1422 643; x_wconf 77' lang='lat' dir='ltr'>figuram‚eaque</span> <span class='ocrx_word' id='word_1_109' title='bbox 1435 596 1653 642; x_wconf 74' lang='lat' dir='ltr'>vegetationis</span> <span class='ocrx_word' id='word_1_110' title='bbox 1666 607 1795 644; x_wconf 84' lang='lat' dir='ltr'>tempo-</span> 
     </span>
     <span class='ocr_line' id='line_1_11' title="bbox 408 641 1801 694; baseline 0.001 -16"><span class='ocrx_word' id='word_1_111' title='bbox 408 654 441 678; x_wconf 86' lang='lat' dir='ltr'>re</span> <span class='ocrx_word' id='word_1_112' title='bbox 454 657 588 694; x_wconf 79' lang='lat' dir='ltr'>granum</span> <span class='ocrx_word' id='word_1_113' title='bbox 610 656 716 680; x_wconf 83' lang='lat' dir='ltr'>tuetur</span> <span class='ocrx_word' id='word_1_114' title='bbox 742 642 784 679; x_wconf 91' lang='lat' dir='ltr'>ab</span> <span class='ocrx_word' id='word_1_115' title='bbox 802 645 884 680; x_wconf 81' lang='lat' dir='ltr'>aeris</span> <span class='ocrx_word' id='word_1_116' title='bbox 911 645 1030 693; x_wconf 74' lang='lat' dir='ltr'>injuriis</span> <span class='ocrx_word' id='word_1_117' title='bbox 1046 672 1056 686; x_wconf 95' lang='lat'>,</span> <span class='ocrx_word' id='word_1_118' title='bbox 1071 647 1105 679; x_wconf 62' lang='grc' dir='ltr'>δέ</span> <span class='ocrx_word' id='word_1_119' title='bbox 1125 642 1373 679; x_wconf 79' lang='lat' dir='ltr'>fermentationi</span> <span class='ocrx_word' id='word_1_120' title='bbox 1388 641 1443 692; x_wconf 64' lang='lat' dir='ltr'>ipsi</span> <span class='ocrx_word' id='word_1_121' title='bbox 1460 642 1652 680; x_wconf 85' lang='lat' dir='ltr'>famulatur:</span> <span class='ocrx_word' id='word_1_122' title='bbox 1672 642 1801 692; x_wconf 59' lang='lat' dir='ltr'>sempe?</span> 
     </span>
     <span class='ocr_line' id='line_1_12' title="bbox 407 691 1801 743; baseline 0.001 -16"><span class='ocrx_word' id='word_1_123' title='bbox 407 693 514 741; x_wconf 76' lang='lat' dir='ltr'>aliqua</span> <span class='ocrx_word' id='word_1_124' title='bbox 529 692 572 728; x_wconf 86' lang='lat' dir='ltr'>sui</span> <span class='ocrx_word' id='word_1_125' title='bbox 589 705 681 743; x_wconf 87' lang='lat' dir='ltr'>parte</span> <span class='ocrx_word' id='word_1_126' title='bbox 698 693 899 743; x_wconf 77' lang='lat' dir='ltr'>perfomrur‚</span> <span class='ocrx_word' id='word_1_127' title='bbox 916 693 971 728; x_wconf 82' lang='lat' dir='ltr'>vel</span> <span class='ocrx_word' id='word_1_128' title='bbox 984 694 1015 726; x_wconf 85' lang='lat' dir='ltr'>in</span> <span class='ocrx_word' id='word_1_129' title='bbox 1037 691 1210 739; x_wconf 86' lang='lat' dir='ltr'>pedunculi</span> <span class='ocrx_word' id='word_1_130' title='bbox 1227 692 1384 741; x_wconf 78' lang='lat' dir='ltr'>vestigio,</span> <span class='ocrx_word' id='word_1_131' title='bbox 1405 691 1458 727; x_wconf 91' lang='lat' dir='ltr'>vel</span> <span class='ocrx_word' id='word_1_132' title='bbox 1470 694 1502 727; x_wconf 90' lang='lat' dir='ltr'>in</span> <span class='ocrx_word' id='word_1_133' title='bbox 1521 691 1589 739; x_wconf 79' lang='lat' dir='ltr'>ipso</span> <span class='ocrx_word' id='word_1_134' title='bbox 1602 695 1692 742; x_wconf 85' lang='lat' dir='ltr'>apice</span> <span class='ocrx_word' id='word_1_135' title='bbox 1704 721 1714 736; x_wconf 89' lang='lat'><strong>,</strong></span> <span class='ocrx_word' id='word_1_136' title='bbox 1729 693 1801 740; x_wconf 25' lang='lat' dir='ltr'>qua*</span> 
     </span>
     <span class='ocr_line' id='line_1_13' title="bbox 407 739 1809 791; baseline -0.001 -13"><span class='ocrx_word' id='word_1_137' title='bbox 407 741 497 778; x_wconf 80' lang='lat' dir='ltr'>fibrae</span> <span class='ocrx_word' id='word_1_138' title='bbox 506 743 684 778; x_wconf 85' lang='lat' dir='ltr'>nutriendo</span> <span class='ocrx_word' id='word_1_139' title='bbox 705 743 818 778; x_wconf 82' lang='lat' dir='ltr'>semini</span> <span class='ocrx_word' id='word_1_140' title='bbox 843 743 966 776; x_wconf 84' lang='lat' dir='ltr'>idoneae</span> <span class='ocrx_word' id='word_1_141' title='bbox 987 739 1134 777; x_wconf 88' lang='lat' dir='ltr'>subeunt.</span> <span class='ocrx_word' id='word_1_142' title='bbox 1161 743 1198 776; x_wconf 84' lang='lat' dir='ltr'>In</span> <span class='ocrx_word' id='word_1_143' title='bbox 1211 741 1320 777; x_wconf 79' lang='lat' dir='ltr'>multis</span> <span class='ocrx_word' id='word_1_144' title='bbox 1343 740 1484 775; x_wconf 88' lang='lat' dir='ltr'>radicula</span> <span class='ocrx_word' id='word_1_145' title='bbox 1504 739 1559 775; x_wconf 87' lang='lat' dir='ltr'>sub</span> <span class='ocrx_word' id='word_1_146' title='bbox 1580 744 1809 791; x_wconf 68' lang='lat' dir='ltr'>vegetationis·</span> 
     </span>
     <span class='ocr_line' id='line_1_14' title="bbox 407 789 1808 843; baseline 0 -17"><span class='ocrx_word' id='word_1_147' title='bbox 407 792 576 826; x_wconf 81' lang='lat' dir='ltr'>exordium</span> <span class='ocrx_word' id='word_1_148' title='bbox 591 804 648 840; x_wconf 89' lang='lat' dir='ltr'>per</span> <span class='ocrx_word' id='word_1_149' title='bbox 658 791 859 840; x_wconf 84' lang='lat' dir='ltr'>illudpatens</span> <span class='ocrx_word' id='word_1_150' title='bbox 878 790 1031 826; x_wconf 85' lang='lat' dir='ltr'>foramen</span> <span class='ocrx_word' id='word_1_151' title='bbox 1050 792 1211 838; x_wconf 85' lang='lat' dir='ltr'>erumpit,</span> <span class='ocrx_word' id='word_1_152' title='bbox 1233 790 1321 839; x_wconf 87' lang='lat' dir='ltr'>quod</span> <span class='ocrx_word' id='word_1_153' title='bbox 1332 802 1369 825; x_wconf 85' lang='lat' dir='ltr'>ea</span> <span class='ocrx_word' id='word_1_154' title='bbox 1385 789 1551 843; x_wconf 62' lang='lat' dir='ltr'>duriorem</span> <span class='ocrx_word' id='word_1_155' title='bbox 1569 790 1808 839; x_wconf 60' lang='lat' dir='ltr'>membranama</span> 
     </span>
     <span class='ocr_line' id='line_1_15' title="bbox 408 839 804 889; baseline -0.008 -13"><span class='ocrx_word' id='word_1_156' title='bbox 408 854 473 876; x_wconf 88' lang='lat' dir='ltr'>non</span> <span class='ocrx_word' id='word_1_157' title='bbox 493 839 586 889; x_wconf 79' lang='lat' dir='ltr'>poffit</span> <span class='ocrx_word' id='word_1_158' title='bbox 603 841 804 889; x_wconf 84' lang='lat' dir='ltr'>pertundere.</span> 
     </span>
    </p>

    <p class='ocr_par' dir='ltr' id='par_1_3' title="bbox 405 887 1807 1622">
     <span class='ocr_line' id='line_1_16' title="bbox 443 887 1797 937; baseline -0.001 -14"><span class='ocrx_word' id='word_1_159' title='bbox 443 892 530 924; x_wconf 87' lang='lat' dir='ltr'>Huic</span> <span class='ocrx_word' id='word_1_160' title='bbox 542 892 695 924; x_wconf 87' lang='lat' dir='ltr'>exteriori</span> <span class='ocrx_word' id='word_1_161' title='bbox 713 888 911 924; x_wconf 83' lang='lat' dir='ltr'>membranae</span> <span class='ocrx_word' id='word_1_162' title='bbox 928 888 991 923; x_wconf 84' lang='lat' dir='ltr'>alia</span> <span class='ocrx_word' id='word_1_163' title='bbox 1003 891 1137 924; x_wconf 85' lang='lat' dir='ltr'>interior</span> <span class='ocrx_word' id='word_1_164' title='bbox 1154 887 1332 936; x_wconf 86' lang='lat' dir='ltr'>subjicitur,</span> <span class='ocrx_word' id='word_1_165' title='bbox 1346 898 1414 934; x_wconf 86' lang='lat' dir='ltr'>quae</span> <span class='ocrx_word' id='word_1_166' title='bbox 1434 889 1468 923; x_wconf 90' lang='lat' dir='ltr'>in</span> <span class='ocrx_word' id='word_1_167' title='bbox 1479 887 1594 931; x_wconf 86' lang='lat' dir='ltr'>viridi,</span> <span class='ocrx_word' id='word_1_168' title='bbox 1615 899 1672 924; x_wconf 86' lang='lat' dir='ltr'>aut</span> <span class='ocrx_word' id='word_1_169' title='bbox 1687 891 1797 937; x_wconf 66' lang='lat' dir='ltr'>Junioa</span> 
     </span>
     <span class='ocr_line' id='line_1_17' title="bbox 406 935 1793 987; baseline 0.001 -15"><span class='ocrx_word' id='word_1_170' title='bbox 406 950 441 973; x_wconf 90' lang='lat' dir='ltr'>re</span> <span class='ocrx_word' id='word_1_171' title='bbox 455 937 531 972; x_wconf 77' lang='lat' dir='ltr'>faba</span> <span class='ocrx_word' id='word_1_172' title='bbox 546 939 722 974; x_wconf 81' lang='lat' dir='ltr'>admodum</span> <span class='ocrx_word' id='word_1_173' title='bbox 735 936 831 972; x_wconf 87' lang='lat' dir='ltr'>crassa</span> <span class='ocrx_word' id='word_1_174' title='bbox 841 938 887 972; x_wconf 89' lang='lat' dir='ltr'>est</span> <span class='ocrx_word' id='word_1_175' title='bbox 898 966 907 981; x_wconf 92' lang='lat'><em>‚</em></span> <span class='ocrx_word' id='word_1_176' title='bbox 927 943 961 974; x_wconf 88' lang='lat'>&amp;</span> <span class='ocrx_word' id='word_1_177' title='bbox 975 935 1139 987; x_wconf 83' lang='lat' dir='ltr'>spongiosa</span> <span class='ocrx_word' id='word_1_178' title='bbox 1150 952 1158 973; x_wconf 90' lang='lat'><strong>:</strong></span> <span class='ocrx_word' id='word_1_179' title='bbox 1170 936 1223 972; x_wconf 89' lang='lat' dir='ltr'>sed</span> <span class='ocrx_word' id='word_1_180' title='bbox 1233 935 1290 972; x_wconf 87' lang='lat' dir='ltr'>ubi</span> <span class='ocrx_word' id='word_1_181' title='bbox 1303 935 1489 979; x_wconf 60' lang='lat' dir='ltr'>exsiccatur»,</span> <span class='ocrx_word' id='word_1_182' title='bbox 1511 941 1565 971; x_wconf 80' lang='lat' dir='ltr'>vix</span> <span class='ocrx_word' id='word_1_183' title='bbox 1577 935 1619 970; x_wconf 87' lang='lat' dir='ltr'>ab</span> <span class='ocrx_word' id='word_1_184' title='bbox 1631 940 1793 982; x_wconf 72' lang='lat' dir='ltr'>exteriore</span> 
     </span>
     <span class='ocr_line' id='line_1_18' title="bbox 407 985 1802 1034; baseline -0.002 -12"><span class='ocrx_word' id='word_1_185' title='bbox 407 986 600 1022; x_wconf 79' lang='lat' dir='ltr'>membrana</span> <span class='ocrx_word' id='word_1_186' title='bbox 610 987 786 1023; x_wconf 82' lang='lat' dir='ltr'>divellitur.</span> <span class='ocrx_word' id='word_1_187' title='bbox 796 990 831 1021; x_wconf 88' lang='lat' dir='ltr'>In</span> <span class='ocrx_word' id='word_1_188' title='bbox 845 988 954 1034; x_wconf 85' lang='lat' dir='ltr'>prunis</span> <span class='ocrx_word' id='word_1_189' title='bbox 967 999 1144 1034; x_wconf 77' lang='lat' dir='ltr'>antequam</span> <span class='ocrx_word' id='word_1_190' title='bbox 1155 987 1366 1021; x_wconf 80' lang='lat' dir='ltr'>maturuerint</span> <span class='ocrx_word' id='word_1_191' title='bbox 1378 1014 1388 1029; x_wconf 94' lang='lat'>,</span> <span class='ocrx_word' id='word_1_192' title='bbox 1407 997 1445 1019; x_wconf 90' lang='lat' dir='ltr'>ea</span> <span class='ocrx_word' id='word_1_193' title='bbox 1464 985 1508 1020; x_wconf 84' lang='lat' dir='ltr'>est</span> <span class='ocrx_word' id='word_1_194' title='bbox 1529 985 1673 1033; x_wconf 84' lang='lat' dir='ltr'>impense</span> <span class='ocrx_word' id='word_1_195' title='bbox 1688 986 1802 1022; x_wconf 43' lang='lat' dir='ltr'>aalma</span> 
     </span>
     <span class='ocr_line' id='line_1_19' title="bbox 409 1033 1807 1084; baseline 0.001 -14"><span class='ocrx_word' id='word_1_196' title='bbox 409 1039 448 1073; x_wconf 83' lang='lat' dir='ltr'>In</span> <span class='ocrx_word' id='word_1_197' title='bbox 471 1049 542 1071; x_wconf 87' lang='lat' dir='ltr'>eam</span> <span class='ocrx_word' id='word_1_198' title='bbox 558 1035 640 1071; x_wconf 82' lang='lat' dir='ltr'>fibra</span> <span class='ocrx_word' id='word_1_199' title='bbox 655 1049 727 1084; x_wconf 83' lang='lat' dir='ltr'>quae</span> <span class='ocrx_word' id='word_1_200' title='bbox 746 1036 856 1071; x_wconf 87' lang='lat' dir='ltr'>semini</span> <span class='ocrx_word' id='word_1_201' title='bbox 883 1036 1054 1071; x_wconf 88' lang='lat' dir='ltr'>nutriendo</span> <span class='ocrx_word' id='word_1_202' title='bbox 1074 1035 1264 1082; x_wconf 71' lang='lat' dir='ltr'>destinatur,</span> <span class='ocrx_word' id='word_1_203' title='bbox 1282 1034 1350 1069; x_wconf 86' lang='lat' dir='ltr'>fere</span> <span class='ocrx_word' id='word_1_204' title='bbox 1372 1045 1408 1068; x_wconf 90' lang='lat' dir='ltr'>ut</span> <span class='ocrx_word' id='word_1_205' title='bbox 1419 1035 1458 1068; x_wconf 92' lang='lat' dir='ltr'>de</span> <span class='ocrx_word' id='word_1_206' title='bbox 1475 1033 1562 1069; x_wconf 88' lang='lat' dir='ltr'>foliis</span> <span class='ocrx_word' id='word_1_207' title='bbox 1582 1035 1703 1070; x_wconf 71' lang='lat' dir='ltr'>dietum</span> <span class='ocrx_word' id='word_1_208' title='bbox 1723 1035 1807 1080; x_wconf 51' lang='lat' dir='ltr'>fuir,-</span> 
     </span>
     <span class='ocr_line' id='line_1_20' title="bbox 408 1082 1795 1134; baseline 0.001 -14"><span class='ocrx_word' id='word_1_209' title='bbox 408 1084 572 1134; x_wconf 69' lang='lat' dir='ltr'>spargitun</span> <span class='ocrx_word' id='word_1_210' title='bbox 597 1087 715 1120; x_wconf 78' lang='lat' dir='ltr'>intima</span> <span class='ocrx_word' id='word_1_211' title='bbox 732 1084 857 1119; x_wconf 88' lang='lat' dir='ltr'>seminis</span> <span class='ocrx_word' id='word_1_212' title='bbox 876 1086 982 1120; x_wconf 78' lang='lat' dir='ltr'>tunica</span> <span class='ocrx_word' id='word_1_213' title='bbox 1002 1084 1178 1119; x_wconf 79' lang='lat' dir='ltr'>admodum</span> <span class='ocrx_word' id='word_1_214' title='bbox 1203 1086 1308 1118; x_wconf 84' lang='lat' dir='ltr'>tenuis</span> <span class='ocrx_word' id='word_1_215' title='bbox 1332 1088 1366 1119; x_wconf 88' lang='lat'>&amp;</span> <span class='ocrx_word' id='word_1_216' title='bbox 1389 1082 1566 1130; x_wconf 85' lang='lat' dir='ltr'>pellucida‚</span> <span class='ocrx_word' id='word_1_217' title='bbox 1588 1085 1621 1119; x_wconf 83' lang='lat' dir='ltr'>in</span> <span class='ocrx_word' id='word_1_218' title='bbox 1642 1084 1795 1121; x_wconf 81' lang='lat' dir='ltr'>omnibus</span> 
     </span>
     <span class='ocr_line' id='line_1_21' title="bbox 405 1131 1804 1183; baseline 0.001 -15"><span class='ocrx_word' id='word_1_219' title='bbox 405 1146 491 1183; x_wconf 88' lang='lat' dir='ltr'>pene</span> <span class='ocrx_word' id='word_1_220' title='bbox 509 1135 615 1182; x_wconf 83' lang='lat' dir='ltr'>granis</span> <span class='ocrx_word' id='word_1_221' title='bbox 636 1134 680 1169; x_wconf 90' lang='lat' dir='ltr'>est</span> <span class='ocrx_word' id='word_1_222' title='bbox 697 1145 832 1169; x_wconf 81' lang='lat' dir='ltr'>texturae</span> <span class='ocrx_word' id='word_1_223' title='bbox 846 1132 1179 1177; x_wconf 56' lang='lat' dir='ltr'>confimilispmnium</span> <span class='ocrx_word' id='word_1_224' title='bbox 1193 1131 1345 1167; x_wconf 87' lang='lat' dir='ltr'>fibrarum</span> <span class='ocrx_word' id='word_1_225' title='bbox 1361 1143 1486 1179; x_wconf 81' lang='lat' dir='ltr'>expers,</span> <span class='ocrx_word' id='word_1_226' title='bbox 1513 1133 1590 1166; x_wconf 77' lang='lat' dir='ltr'>Haec</span> <span class='ocrx_word' id='word_1_227' title='bbox 1601 1132 1804 1180; x_wconf 75' lang='lat' dir='ltr'>pellucidum-</span> 
     </span>
     <span class='ocr_line' id='line_1_22' title="bbox 407 1180 1798 1232; baseline -0.001 -14"><span class='ocrx_word' id='word_1_228' title='bbox 407 1183 569 1231; x_wconf 80' lang='lat' dir='ltr'>liquorem</span> <span class='ocrx_word' id='word_1_229' title='bbox 589 1182 815 1232; x_wconf 63' lang='lat' dir='ltr'>complectitur</span> <span class='ocrx_word' id='word_1_230' title='bbox 827 1212 837 1226; x_wconf 89' lang='lat'>,</span> <span class='ocrx_word' id='word_1_231' title='bbox 849 1195 887 1217; x_wconf 85' lang='lat' dir='ltr'>ex</span> <span class='ocrx_word' id='word_1_232' title='bbox 899 1195 965 1230; x_wconf 92' lang='lat' dir='ltr'>quo</span> <span class='ocrx_word' id='word_1_233' title='bbox 975 1181 1082 1217; x_wconf 86' lang='lat' dir='ltr'>semen</span> <span class='ocrx_word' id='word_1_234' title='bbox 1102 1180 1205 1230; x_wconf 60' lang='lat' dir='ltr'>ipsuin</span> <span class='ocrx_word' id='word_1_235' title='bbox 1224 1180 1410 1217; x_wconf 79' lang='lat' dir='ltr'>concrescit.</span> <span class='ocrx_word' id='word_1_236' title='bbox 1429 1184 1473 1217; x_wconf 84' lang='lat' dir='ltr'>Ex</span> <span class='ocrx_word' id='word_1_237' title='bbox 1491 1180 1626 1215; x_wconf 82' lang='lat' dir='ltr'>secunda</span> <span class='ocrx_word' id='word_1_238' title='bbox 1639 1182 1798 1217; x_wconf 45' lang='lat' dir='ltr'>membra*-</span> 
     </span>
     <span class='ocr_line' id='line_1_23' title="bbox 408 1229 1797 1280; baseline -0.002 -14"><span class='ocrx_word' id='word_1_239' title='bbox 408 1233 449 1267; x_wconf 74' lang='lat' dir='ltr'>&#39;n‘a</span> <span class='ocrx_word' id='word_1_240' title='bbox 459 1232 526 1266; x_wconf 83' lang='lat' dir='ltr'>duae</span> <span class='ocrx_word' id='word_1_241' title='bbox 543 1231 631 1266; x_wconf 83' lang='lat' dir='ltr'>fibrae</span> <span class='ocrx_word' id='word_1_242' title='bbox 643 1230 727 1280; x_wconf 73' lang='lat' dir='ltr'>qua‘fi</span> <span class='ocrx_word' id='word_1_243' title='bbox 737 1230 808 1266; x_wconf 80' lang='lat' dir='ltr'>vasa</span> <span class='ocrx_word' id='word_1_244' title='bbox 835 1230 1029 1266; x_wconf 81' lang='lat' dir='ltr'>umbilicalia</span> <span class='ocrx_word' id='word_1_245' title='bbox 1047 1243 1103 1278; x_wconf 90' lang='lat' dir='ltr'>per</span> <span class='ocrx_word' id='word_1_246' title='bbox 1116 1230 1208 1265; x_wconf 87' lang='lat' dir='ltr'>illam</span> <span class='ocrx_word' id='word_1_247' title='bbox 1221 1229 1444 1266; x_wconf 78' lang='lat' dir='ltr'>membranam</span> <span class='ocrx_word' id='word_1_248' title='bbox 1455 1231 1604 1265; x_wconf 80' lang='lat' dir='ltr'>intimam</span> <span class='ocrx_word' id='word_1_249' title='bbox 1620 1243 1724 1280; x_wconf 79' lang='lat' dir='ltr'>prope</span> <span class='ocrx_word' id='word_1_250' title='bbox 1737 1229 1797 1267; x_wconf 60' lang='lat' dir='ltr'>baa</span> 
     </span>
     <span class='ocr_line' id='line_1_24' title="bbox 408 1278 1220 1328; baseline -0.001 -13"><span class='ocrx_word' id='word_1_251' title='bbox 408 1280 463 1315; x_wconf 80' lang='lat' dir='ltr'>fim</span> <span class='ocrx_word' id='word_1_252' title='bbox 475 1282 510 1314; x_wconf 86' lang='lat' dir='ltr'>in</span> <span class='ocrx_word' id='word_1_253' title='bbox 524 1291 696 1328; x_wconf 87' lang='lat' dir='ltr'>utrumque</span> <span class='ocrx_word' id='word_1_254' title='bbox 711 1279 824 1316; x_wconf 88' lang='lat' dir='ltr'>lobum</span> <span class='ocrx_word' id='word_1_255' title='bbox 840 1280 967 1315; x_wconf 85' lang='lat' dir='ltr'>seminis</span> <span class='ocrx_word' id='word_1_256' title='bbox 970 1278 1220 1325; x_wconf 40' lang='lat' dir='ltr'>‘daeiffiiudunturr</span> 
     </span>
     <span class='ocr_line' id='line_1_25' title="bbox 409 1327 1796 1379; baseline 0.001 -16"><span class='ocrx_word' id='word_1_257' title='bbox 409 1340 413 1343; x_wconf 88' lang='lat'>·</span> <span class='ocrx_word' id='word_1_258' title='bbox 451 1332 564 1376; x_wconf 75' lang='lat' dir='ltr'>ltaque</span> <span class='ocrx_word' id='word_1_259' title='bbox 582 1328 687 1365; x_wconf 85' lang='lat' dir='ltr'>succus</span> <span class='ocrx_word' id='word_1_260' title='bbox 709 1342 775 1365; x_wconf 79' lang='lat' dir='ltr'>tam</span> <span class='ocrx_word' id='word_1_261' title='bbox 793 1329 964 1379; x_wconf 87' lang='lat' dir='ltr'>multiplici</span> <span class='ocrx_word' id='word_1_262' title='bbox 978 1331 1130 1364; x_wconf 65' lang='lat' dir='ltr'>coctione</span> <span class='ocrx_word' id='word_1_263' title='bbox 1143 1333 1177 1365; x_wconf 75' lang='grc' dir='ltr'>δε</span> <span class='ocrx_word' id='word_1_264' title='bbox 1196 1327 1447 1363; x_wconf 81' lang='lat' dir='ltr'>fermentatione</span> <span class='ocrx_word' id='word_1_265' title='bbox 1461 1338 1654 1377; x_wconf 57' lang='lat' dir='ltr'>expurgatu}</span> <span class='ocrx_word' id='word_1_266' title='bbox 1667 1330 1700 1364; x_wconf 88' lang='lat' dir='ltr'>in</span> <span class='ocrx_word' id='word_1_267' title='bbox 1710 1329 1796 1364; x_wconf 63' lang='lat' dir='ltr'>radi*-</span> 
     </span>
     <span class='ocr_line' id='line_1_26' title="bbox 410 1375 1796 1427; baseline -0.003 -13"><span class='ocrx_word' id='word_1_268' title='bbox 410 1389 449 1414; x_wconf 86' lang='lat' dir='ltr'>ce</span> <span class='ocrx_word' id='word_1_269' title='bbox 460 1407 469 1421; x_wconf 89' lang='lat'>‚</span> <span class='ocrx_word' id='word_1_270' title='bbox 481 1389 596 1414; x_wconf 84' lang='lat' dir='ltr'>trunco</span> <span class='ocrx_word' id='word_1_271' title='bbox 605 1407 614 1418; x_wconf 90' lang='lat'><em>‚</em></span> <span class='ocrx_word' id='word_1_272' title='bbox 636 1384 671 1415; x_wconf 85' lang='lat'>&amp;</span> <span class='ocrx_word' id='word_1_273' title='bbox 685 1378 770 1413; x_wconf 82' lang='lat' dir='ltr'>foliis</span> <span class='ocrx_word' id='word_1_274' title='bbox 784 1408 793 1422; x_wconf 88' lang='lat'>,</span> <span class='ocrx_word' id='word_1_275' title='bbox 802 1380 890 1427; x_wconf 90' lang='lat' dir='ltr'>quod</span> <span class='ocrx_word' id='word_1_276' title='bbox 901 1379 1003 1414; x_wconf 81' lang='lat' dir='ltr'>adhuc</span> <span class='ocrx_word' id='word_1_277' title='bbox 1016 1376 1245 1413; x_wconf 81' lang='lat' dir='ltr'>crasliusculurn</span> <span class='ocrx_word' id='word_1_278' title='bbox 1257 1377 1394 1412; x_wconf 85' lang='lat' dir='ltr'>restatin</span> <span class='ocrx_word' id='word_1_279' title='bbox 1408 1376 1516 1412; x_wconf 60' lang='lat' dir='ltr'>fruita</span> <span class='ocrx_word' id='word_1_280' title='bbox 1526 1405 1536 1420; x_wconf 89' lang='lat'>‚</span> <span class='ocrx_word' id='word_1_281' title='bbox 1547 1388 1603 1412; x_wconf 86' lang='lat' dir='ltr'>aut</span> <span class='ocrx_word' id='word_1_282' title='bbox 1614 1375 1729 1424; x_wconf 66' lang='lat' dir='ltr'>siliquis</span> <span class='ocrx_word' id='word_1_283' title='bbox 1738 1378 1796 1413; x_wconf 86' lang='lat' dir='ltr'>de.</span> 
     </span>
     <span class='ocr_line' id='line_1_27' title="bbox 410 1424 1796 1477; baseline -0.003 -14"><span class='ocrx_word' id='word_1_284' title='bbox 410 1429 502 1476; x_wconf 88' lang='lat' dir='ltr'>ponit</span> <span class='ocrx_word' id='word_1_285' title='bbox 517 1457 525 1470; x_wconf 92' lang='lat'>‚</span> <span class='ocrx_word' id='word_1_286' title='bbox 537 1427 612 1462; x_wconf 87' lang='lat' dir='ltr'>dum</span> <span class='ocrx_word' id='word_1_287' title='bbox 627 1440 699 1476; x_wconf 81' lang='lat' dir='ltr'>pars</span> <span class='ocrx_word' id='word_1_288' title='bbox 713 1427 892 1463; x_wconf 85' lang='lat' dir='ltr'>defecatior</span> <span class='ocrx_word' id='word_1_289' title='bbox 905 1439 961 1477; x_wconf 84' lang='lat' dir='ltr'>per</span> <span class='ocrx_word' id='word_1_290' title='bbox 977 1439 1075 1462; x_wconf 80' lang='lat' dir='ltr'>caecos</span> <span class='ocrx_word' id='word_1_291' title='bbox 1090 1437 1212 1461; x_wconf 87' lang='lat' dir='ltr'>meatus</span> <span class='ocrx_word' id='word_1_292' title='bbox 1224 1455 1232 1469; x_wconf 89' lang='lat'>‚</span> <span class='ocrx_word' id='word_1_293' title='bbox 1243 1431 1275 1462; x_wconf 76' lang='grc' dir='ltr'>δι</span> <span class='ocrx_word' id='word_1_294' title='bbox 1291 1425 1406 1461; x_wconf 85' lang='lat' dir='ltr'>fibram</span> <span class='ocrx_word' id='word_1_295' title='bbox 1424 1424 1571 1461; x_wconf 83' lang='lat' dir='ltr'>altricem</span> <span class='ocrx_word' id='word_1_296' title='bbox 1589 1425 1715 1462; x_wconf 76' lang='lat' dir='ltr'>seminis</span> <span class='ocrx_word' id='word_1_297' title='bbox 1735 1427 1796 1462; x_wconf 46' lang='lat' dir='ltr'>de*</span> 
     </span>
     <span class='ocr_line' id='line_1_28' title="bbox 411 1474 1796 1523; baseline -0.001 -11"><span class='ocrx_word' id='word_1_298' title='bbox 411 1477 548 1512; x_wconf 87' lang='lat' dir='ltr'>ducitur.</span> <span class='ocrx_word' id='word_1_299' title='bbox 573 1478 663 1511; x_wconf 90' lang='lat' dir='ltr'>Hinc</span> <span class='ocrx_word' id='word_1_300' title='bbox 687 1478 720 1512; x_wconf 87' lang='lat' dir='ltr'>in</span> <span class='ocrx_word' id='word_1_301' title='bbox 735 1477 961 1520; x_wconf 80' lang='lat' dir='ltr'>membranas,</span> <span class='ocrx_word' id='word_1_302' title='bbox 986 1476 1077 1511; x_wconf 88' lang='lat' dir='ltr'>velut</span> <span class='ocrx_word' id='word_1_303' title='bbox 1097 1477 1130 1510; x_wconf 88' lang='lat' dir='ltr'>in</span> <span class='ocrx_word' id='word_1_304' title='bbox 1147 1487 1275 1510; x_wconf 87' lang='lat' dir='ltr'>uterum</span> <span class='ocrx_word' id='word_1_305' title='bbox 1291 1474 1476 1523; x_wconf 81' lang='lat' dir='ltr'>perfertur3</span> <span class='ocrx_word' id='word_1_306' title='bbox 1500 1476 1533 1509; x_wconf 87' lang='lat' dir='ltr'>in</span> <span class='ocrx_word' id='word_1_307' title='bbox 1555 1476 1670 1510; x_wconf 88' lang='lat' dir='ltr'>intima</span> <span class='ocrx_word' id='word_1_308' title='bbox 1688 1477 1796 1512; x_wconf 79' lang='lat' dir='ltr'>tunica</span> 
     </span>
     <span class='ocr_line' id='line_1_29' title="bbox 409 1523 1794 1574; baseline 0.001 -15"><span class='ocrx_word' id='word_1_309' title='bbox 409 1524 604 1574; x_wconf 60' lang='lat' dir='ltr'>percolatur,</span> <span class='ocrx_word' id='word_1_310' title='bbox 618 1524 721 1573; x_wconf 87' lang='lat' dir='ltr'>fitque</span> <span class='ocrx_word' id='word_1_311' title='bbox 742 1524 828 1573; x_wconf 79' lang='lat' dir='ltr'>quali</span> <span class='ocrx_word' id='word_1_312' title='bbox 853 1528 910 1561; x_wconf 88' lang='lat' dir='ltr'>ovi</span> <span class='ocrx_word' id='word_1_313' title='bbox 932 1525 1243 1572; x_wconf 80' lang='lat' dir='ltr'>colliquamenrum:</span> <span class='ocrx_word' id='word_1_314' title='bbox 1260 1526 1390 1560; x_wconf 86' lang='lat' dir='ltr'>interim</span> <span class='ocrx_word' id='word_1_315' title='bbox 1416 1523 1525 1570; x_wconf 90' lang='lat' dir='ltr'>liquor</span> <span class='ocrx_word' id='word_1_316' title='bbox 1547 1523 1602 1558; x_wconf 87' lang='lat' dir='ltr'>ille</span> <span class='ocrx_word' id='word_1_317' title='bbox 1615 1523 1794 1571; x_wconf 81' lang='lat' dir='ltr'>puriffimus</span> 
     </span>
     <span class='ocr_line' id='line_1_30' title="bbox 409 1571 1712 1622; baseline 0.002 -14"><span class='ocrx_word' id='word_1_318' title='bbox 409 1575 476 1610; x_wconf 72' lang='lat' dir='ltr'>leni</span> <span class='ocrx_word' id='word_1_319' title='bbox 491 1574 745 1611; x_wconf 77' lang='lat' dir='ltr'>fermentatione</span> <span class='ocrx_word' id='word_1_320' title='bbox 757 1577 792 1612; x_wconf 87' lang='lat' dir='ltr'>in</span> <span class='ocrx_word' id='word_1_321' title='bbox 810 1573 946 1612; x_wconf 80' lang='lat' dir='ltr'>bullulas</span> <span class='ocrx_word' id='word_1_322' title='bbox 962 1604 972 1619; x_wconf 95' lang='lat'>‚</span> <span class='ocrx_word' id='word_1_323' title='bbox 994 1575 1064 1610; x_wconf 84' lang='lat' dir='ltr'>fere</span> <span class='ocrx_word' id='word_1_324' title='bbox 1082 1585 1117 1608; x_wconf 90' lang='lat' dir='ltr'>ur</span> <span class='ocrx_word' id='word_1_325' title='bbox 1127 1576 1218 1622; x_wconf 83' lang='lat' dir='ltr'>panis</span> <span class='ocrx_word' id='word_1_326' title='bbox 1246 1574 1323 1609; x_wconf 80' lang='lat' dir='ltr'>dum</span> <span class='ocrx_word' id='word_1_327' title='bbox 1337 1574 1504 1621; x_wconf 87' lang='lat' dir='ltr'>coquitur,</span> <span class='ocrx_word' id='word_1_328' title='bbox 1518 1571 1712 1610; x_wconf 84' lang='lat' dir='ltr'>intumescit.</span> 
     </span>
    </p>
   </div>
   <div class='ocr_carea' id='block_1_2' title="bbox 693 1673 1502 1822">
    <p class='ocr_par' dir='ltr' id='par_1_4' title="bbox 693 1673 1502 1822">
     <span class='ocr_line' id='line_1_31' title="bbox 939 1673 1284 1710; baseline 0.003 -2"><span class='ocrx_word' id='word_1_329' title='bbox 939 1673 969 1708; x_wconf 91' lang='lat' dir='ltr'>C</span> <span class='ocrx_word' id='word_1_330' title='bbox 991 1674 1020 1709; x_wconf 86' lang='lat' dir='ltr'>A</span> <span class='ocrx_word' id='word_1_331' title='bbox 1047 1675 1071 1709; x_wconf 90' lang='lat' dir='ltr'>P</span> <span class='ocrx_word' id='word_1_332' title='bbox 1094 1674 1129 1710; x_wconf 93' lang='lat' dir='ltr'>U</span> <span class='ocrx_word' id='word_1_333' title='bbox 1150 1673 1182 1708; x_wconf 86' lang='lat' dir='ltr'><strong>T</strong></span> <span class='ocrx_word' id='word_1_334' title='bbox 1225 1674 1284 1709; x_wconf 80' lang='lat'>111.</span> 
     </span>
     <span class='ocr_line' id='line_1_32' title="bbox 693 1767 1502 1822; baseline -0.005 -17"><span class='ocrx_word' id='word_1_335' title='bbox 693 1772 747 1806; x_wconf 88' lang='lat' dir='ltr'>De</span> <span class='ocrx_word' id='word_1_336' title='bbox 762 1773 954 1822; x_wconf 77' lang='lat' dir='ltr'>plantarum</span> <span class='ocrx_word' id='word_1_337' title='bbox 978 1772 1142 1805; x_wconf 71' lang='lat' dir='ltr'>anamm&#39;a</span> <span class='ocrx_word' id='word_1_338' title='bbox 1168 1783 1210 1805; x_wconf 80' lang='lat' dir='ltr'>ex</span> <span class='ocrx_word' id='word_1_339' title='bbox 1226 1771 1283 1806; x_wconf 90' lang='lat' dir='ltr'>M.</span> <span class='ocrx_word' id='word_1_340' title='bbox 1303 1767 1502 1819; x_wconf 55' lang='lat' dir='ltr'>Malpigbio.</span> 
     </span>
    </p>
   </div>
   <div class='ocr_carea' id='block_1_3' title="bbox 408 1865 1801 2104">
    <p class='ocr_par' dir='ltr' id='par_1_5' title="bbox 408 1865 1801 2104">
     <span class='ocr_line' id='line_1_33' title="bbox 412 1865 1796 1957; baseline 0 -53"><span class='ocrx_word' id='word_1_341' title='bbox 412 1869 570 1957; x_wconf 80' lang='lat' dir='ltr'>HAEc</span> <span class='ocrx_word' id='word_1_342' title='bbox 591 1871 705 1917; x_wconf 83' lang='lat' dir='ltr'>utique</span> <span class='ocrx_word' id='word_1_343' title='bbox 727 1868 767 1903; x_wconf 80' lang='lat' dir='ltr'>de</span> <span class='ocrx_word' id='word_1_344' title='bbox 779 1870 928 1918; x_wconf 78' lang='lat' dir='ltr'>partium</span> <span class='ocrx_word' id='word_1_345' title='bbox 951 1867 1099 1904; x_wconf 66' lang='lat' dir='ltr'>stru&amp;ura</span> <span class='ocrx_word' id='word_1_346' title='bbox 1120 1871 1152 1903; x_wconf 87' lang='lat' dir='ltr'>in</span> <span class='ocrx_word' id='word_1_347' title='bbox 1181 1867 1300 1916; x_wconf 82' lang='lat' dir='ltr'>plantis</span> <span class='ocrx_word' id='word_1_348' title='bbox 1327 1880 1366 1902; x_wconf 84' lang='lat' dir='ltr'>ex</span> <span class='ocrx_word' id='word_1_349' title='bbox 1397 1865 1519 1902; x_wconf 68' lang='lat' dir='ltr'>doctiff.</span> <span class='ocrx_word' id='word_1_350' title='bbox 1538 1869 1608 1902; x_wconf 87' lang='lat' dir='ltr'>viro</span> <span class='ocrx_word' id='word_1_351' title='bbox 1630 1866 1796 1906; x_wconf 73' lang='lat' dir='ltr'>Nefi&#39;errn‘a</span> 
     </span>
     <span class='ocr_line' id='line_1_34' title="bbox 517 1915 1797 1964; baseline 0.002 -14"><span class='ocrx_word' id='word_1_352' title='bbox 517 1920 635 1951; x_wconf 60' lang='lat' dir='ltr'>Grevzv.</span> <span class='ocrx_word' id='word_1_353' title='bbox 665 1918 739 1953; x_wconf 88' lang='lat' dir='ltr'>Nec</span> <span class='ocrx_word' id='word_1_354' title='bbox 747 1917 884 1952; x_wconf 88' lang='lat' dir='ltr'>multum</span> <span class='ocrx_word' id='word_1_355' title='bbox 898 1915 1081 1952; x_wconf 85' lang='lat' dir='ltr'>dissentiunt</span> <span class='ocrx_word' id='word_1_356' title='bbox 1095 1916 1135 1951; x_wconf 83' lang='lat' dir='ltr'>ab</span> <span class='ocrx_word' id='word_1_357' title='bbox 1153 1919 1191 1951; x_wconf 87' lang='lat' dir='ltr'>iis</span> <span class='ocrx_word' id='word_1_358' title='bbox 1212 1927 1284 1964; x_wconf 80' lang='lat' dir='ltr'>quae</span> <span class='ocrx_word' id='word_1_359' title='bbox 1303 1921 1406 1964; x_wconf 77' lang='lat' dir='ltr'>nuper</span> <span class='ocrx_word' id='word_1_360' title='bbox 1428 1916 1565 1951; x_wconf 84' lang='lat' dir='ltr'>eximius</span> <span class='ocrx_word' id='word_1_361' title='bbox 1577 1917 1724 1952; x_wconf 83' lang='lat' dir='ltr'>Medicus</span> <span class='ocrx_word' id='word_1_362' title='bbox 1736 1948 1747 1963; x_wconf 88' lang='lat'>‚</span> <span class='ocrx_word' id='word_1_363' title='bbox 1759 1923 1797 1957; x_wconf 72' lang='grc' dir='ltr'>δε</span> 
     </span>
     <span class='ocr_line' id='line_1_35' title="bbox 416 1962 1801 2015; baseline 0.001 -13"><span class='ocrx_word' id='word_1_364' title='bbox 416 1965 585 2002; x_wconf 72' lang='lat' dir='ltr'>indefessus</span> <span class='ocrx_word' id='word_1_365' title='bbox 596 1976 720 2001; x_wconf 81' lang='lat' dir='ltr'>naturae</span> <span class='ocrx_word' id='word_1_366' title='bbox 734 1966 901 2015; x_wconf 80' lang='lat' dir='ltr'>indagator</span> <span class='ocrx_word' id='word_1_367' title='bbox 913 1968 947 2001; x_wconf 86' lang='lat' dir='ltr'>in</span> <span class='ocrx_word' id='word_1_368' title='bbox 960 1966 1010 2001; x_wconf 87' lang='lat' dir='ltr'>sua</span> <span class='ocrx_word' id='word_1_369' title='bbox 1034 1966 1216 2014; x_wconf 85' lang='lat' dir='ltr'>plantarum</span> <span class='ocrx_word' id='word_1_370' title='bbox 1240 1976 1392 2002; x_wconf 86' lang='lat' dir='ltr'>anatome</span> <span class='ocrx_word' id='word_1_371' title='bbox 1410 1962 1575 2012; x_wconf 82' lang='lat' dir='ltr'>exposuit,</span> <span class='ocrx_word' id='word_1_372' title='bbox 1590 1970 1624 2002; x_wconf 89' lang='lat'>&amp;</span> <span class='ocrx_word' id='word_1_373' title='bbox 1647 1966 1801 2003; x_wconf 72' lang='lat' dir='ltr'>iconibus-</span> 
     </span>
     <span class='ocr_line' id='line_1_36' title="bbox 416 2012 1796 2065; baseline 0.001 -15"><span class='ocrx_word' id='word_1_374' title='bbox 416 2014 572 2065; x_wconf 78' lang='lat' dir='ltr'>expreslit.</span> <span class='ocrx_word' id='word_1_375' title='bbox 594 2017 636 2050; x_wconf 78' lang='lat' dir='ltr'>Ex</span> <span class='ocrx_word' id='word_1_376' title='bbox 650 2013 759 2049; x_wconf 85' lang='lat' dir='ltr'>multis</span> <span class='ocrx_word' id='word_1_377' title='bbox 766 2027 930 2063; x_wconf 74' lang='lat' dir='ltr'>perpauca</span> <span class='ocrx_word' id='word_1_378' title='bbox 943 2013 1112 2065; x_wconf 80' lang='lat' dir='ltr'>seligemus</span> <span class='ocrx_word' id='word_1_379' title='bbox 1126 2044 1136 2059; x_wconf 89' lang='lat'>‚</span> <span class='ocrx_word' id='word_1_380' title='bbox 1148 2026 1218 2064; x_wconf 78' lang='lat' dir='ltr'>quae</span> <span class='ocrx_word' id='word_1_381' title='bbox 1228 2016 1312 2052; x_wconf 82' lang='lat' dir='ltr'>hanc</span> <span class='ocrx_word' id='word_1_382' title='bbox 1329 2012 1542 2062; x_wconf 70' lang='lat' dir='ltr'>Philosophiae</span> <span class='ocrx_word' id='word_1_383' title='bbox 1560 2014 1709 2052; x_wconf 81' lang='lat' dir='ltr'>naturalis</span> <span class='ocrx_word' id='word_1_384' title='bbox 1721 2028 1796 2064; x_wconf 53' lang='grc' dir='ltr'>ρει-ς</span> 
     </span>
     <span class='ocr_line' id='line_1_37' title="bbox 408 2063 1030 2104; baseline 0.002 -4"><span class='ocrx_word' id='word_1_385' title='bbox 408 2076 483 2101; x_wconf 55' lang='lat' dir='ltr'>&#39;tem</span> <span class='ocrx_word' id='word_1_386' title='bbox 501 2077 568 2102; x_wconf 86' lang='lat' dir='ltr'>non</span> <span class='ocrx_word' id='word_1_387' title='bbox 588 2064 794 2100; x_wconf 85' lang='lat' dir='ltr'>mediocriter</span> <span class='ocrx_word' id='word_1_388' title='bbox 816 2063 1030 2104; x_wconf 80' lang='lat' dir='ltr'>illustrabunt.</span> 
     </span>
    </p>
   </div>
   <div class='ocr_carea' id='block_1_4' title="bbox 993 2163 1196 2201">
    <p class='ocr_par' dir='ltr' id='par_1_6' title="bbox 993 2163 1196 2201">
     <span class='ocr_line' id='line_1_38' title="bbox 993 2163 1196 2201; baseline 0.015 -4"><span class='ocrx_word' id='word_1_389' title='bbox 993 2163 1046 2199; x_wconf 86' lang='lat' dir='ltr'>De</span> <span class='ocrx_word' id='word_1_390' title='bbox 1066 2168 1196 2201; x_wconf 77' lang='lat' dir='ltr'>corticer</span> 
     </span>
    </p>
   </div>
   <div class='ocr_carea' id='block_1_5' title="bbox 416 2260 1800 2491">
    <p class='ocr_par' dir='ltr' id='par_1_7' title="bbox 416 2260 1800 2459">
     <span class='ocr_line' id='line_1_39' title="bbox 468 2260 1800 2311; baseline 0.002 -14"><span class='ocrx_word' id='word_1_391' title='bbox 468 2264 576 2310; x_wconf 81' lang='lat' dir='ltr'>Atque</span> <span class='ocrx_word' id='word_1_392' title='bbox 591 2272 627 2297; x_wconf 86' lang='lat' dir='ltr'>ut</span> <span class='ocrx_word' id='word_1_393' title='bbox 639 2261 681 2296; x_wconf 90' lang='lat' dir='ltr'>ab</span> <span class='ocrx_word' id='word_1_394' title='bbox 699 2263 735 2296; x_wconf 90' lang='lat' dir='ltr'>iis</span> <span class='ocrx_word' id='word_1_395' title='bbox 747 2273 818 2309; x_wconf 85' lang='lat' dir='ltr'>quae</span> <span class='ocrx_word' id='word_1_396' title='bbox 831 2262 931 2310; x_wconf 79' lang='lat' dir='ltr'>magis</span> <span class='ocrx_word' id='word_1_397' title='bbox 949 2260 1020 2297; x_wconf 86' lang='lat' dir='ltr'>sunt</span> <span class='ocrx_word' id='word_1_398' title='bbox 1036 2264 1069 2297; x_wconf 89' lang='lat' dir='ltr'>in</span> <span class='ocrx_word' id='word_1_399' title='bbox 1081 2262 1254 2310; x_wconf 61' lang='lat' dir='ltr'>conspectu</span> <span class='ocrx_word' id='word_1_400' title='bbox 1265 2289 1279 2305; x_wconf 45' lang='lat'>‚&gt;</span> <span class='ocrx_word' id='word_1_401' title='bbox 1287 2262 1469 2296; x_wconf 85' lang='lat' dir='ltr'>ordiamur:</span> <span class='ocrx_word' id='word_1_402' title='bbox 1484 2261 1624 2308; x_wconf 71' lang='lat' dir='ltr'>primrim</span> <span class='ocrx_word' id='word_1_403' title='bbox 1640 2262 1674 2298; x_wconf 89' lang='lat' dir='ltr'>in</span> <span class='ocrx_word' id='word_1_404' title='bbox 1687 2262 1800 2311; x_wconf 51' lang='lat' dir='ltr'>planca*</span> 
     </span>
     <span class='ocr_line' id='line_1_40' title="bbox 418 2310 1800 2360; baseline 0 -14"><span class='ocrx_word' id='word_1_405' title='bbox 418 2316 559 2347; x_wconf 83' lang='lat' dir='ltr'>occurrit</span> <span class='ocrx_word' id='word_1_406' title='bbox 575 2313 772 2358; x_wconf 78' lang='lat' dir='ltr'>cortex,qui</span> <span class='ocrx_word' id='word_1_407' title='bbox 787 2323 825 2345; x_wconf 85' lang='lat' dir='ltr'>ex</span> <span class='ocrx_word' id='word_1_408' title='bbox 844 2310 965 2358; x_wconf 83' lang='lat' dir='ltr'>duplici</span> <span class='ocrx_word' id='word_1_409' title='bbox 990 2314 1128 2358; x_wconf 79' lang='lat' dir='ltr'>partium</span> <span class='ocrx_word' id='word_1_410' title='bbox 1146 2322 1263 2360; x_wconf 73' lang='lat' dir='ltr'>genere</span> <span class='ocrx_word' id='word_1_411' title='bbox 1284 2311 1422 2351; x_wconf 80' lang='lat' dir='ltr'>constat,</span> <span class='ocrx_word' id='word_1_412' title='bbox 1440 2322 1482 2344; x_wconf 84' lang='lat' dir='ltr'>ex</span> <span class='ocrx_word' id='word_1_413' title='bbox 1513 2310 1617 2345; x_wconf 83' lang='lat' dir='ltr'>fistulis</span> <span class='ocrx_word' id='word_1_414' title='bbox 1647 2313 1800 2346; x_wconf 82' lang='lat' dir='ltr'>nimirum</span> 
     </span>
     <span class='ocr_line' id='line_1_41' title="bbox 416 2359 1797 2409; baseline 0.001 -16"><span class='ocrx_word' id='word_1_415' title='bbox 416 2360 544 2406; x_wconf 76' lang='lat' dir='ltr'>lignosis</span> <span class='ocrx_word' id='word_1_416' title='bbox 559 2391 568 2403; x_wconf 89' lang='lat'>‚</span> <span class='ocrx_word' id='word_1_417' title='bbox 585 2360 634 2395; x_wconf 87' lang='lat' dir='ltr'>seu</span> <span class='ocrx_word' id='word_1_418' title='bbox 654 2360 742 2395; x_wconf 84' lang='lat' dir='ltr'>fibris</span> <span class='ocrx_word' id='word_1_419' title='bbox 758 2372 826 2406; x_wconf 87' lang='lat' dir='ltr'>quae</span> <span class='ocrx_word' id='word_1_420' title='bbox 838 2362 872 2394; x_wconf 89' lang='lat' dir='ltr'>in</span> <span class='ocrx_word' id='word_1_421' title='bbox 883 2359 1047 2395; x_wconf 82' lang='lat' dir='ltr'>fasciculos</span> <span class='ocrx_word' id='word_1_422' title='bbox 1059 2372 1276 2409; x_wconf 83' lang='lat' dir='ltr'>congeruntur</span> <span class='ocrx_word' id='word_1_423' title='bbox 1289 2365 1321 2395; x_wconf 88' lang='lat'>&amp;</span> <span class='ocrx_word' id='word_1_424' title='bbox 1332 2361 1424 2394; x_wconf 70' lang='lat' dir='ltr'>vario</span> <span class='ocrx_word' id='word_1_425' title='bbox 1445 2359 1538 2406; x_wconf 83' lang='lat' dir='ltr'>plexu</span> <span class='ocrx_word' id='word_1_426' title='bbox 1549 2361 1699 2407; x_wconf 87' lang='lat' dir='ltr'>quiddam</span> <span class='ocrx_word' id='word_1_427' title='bbox 1718 2360 1797 2395; x_wconf 82' lang='lat' dir='ltr'>reti-</span> 
     </span>
     <span class='ocr_line' id='line_1_42' title="bbox 421 2407 1800 2459; baseline 0.001 -17"><span class='ocrx_word' id='word_1_428' title='bbox 421 2407 528 2444; x_wconf 79' lang='lat' dir='ltr'>forme</span> <span class='ocrx_word' id='word_1_429' title='bbox 540 2409 731 2459; x_wconf 84' lang='lat' dir='ltr'>plerumque</span> <span class='ocrx_word' id='word_1_430' title='bbox 747 2407 909 2448; x_wconf 82' lang='lat' dir='ltr'>efficiunt:</span> <span class='ocrx_word' id='word_1_431' title='bbox 924 2409 1009 2448; x_wconf 86' lang='lat' dir='ltr'>unde</span> <span class='ocrx_word' id='word_1_432' title='bbox 1026 2415 1060 2448; x_wconf 88' lang='lat'>&amp;</span> <span class='ocrx_word' id='word_1_433' title='bbox 1076 2410 1176 2459; x_wconf 85' lang='lat' dir='ltr'>spatia</span> <span class='ocrx_word' id='word_1_434' title='bbox 1193 2410 1381 2457; x_wconf 85' lang='lat' dir='ltr'>relinquunt</span> <span class='ocrx_word' id='word_1_435' title='bbox 1399 2420 1496 2445; x_wconf 75' lang='lat' dir='ltr'>vacua</span> <span class='ocrx_word' id='word_1_436' title='bbox 1505 2438 1516 2457; x_wconf 86' lang='lat'><em>,</em></span> <span class='ocrx_word' id='word_1_437' title='bbox 1532 2422 1575 2459; x_wconf 87' lang='lat' dir='ltr'>qu</span> <span class='ocrx_word' id='word_1_438' title='bbox 1588 2423 1612 2447; x_wconf 80' lang='lat' dir='ltr'>ae</span> <span class='ocrx_word' id='word_1_439' title='bbox 1624 2408 1800 2447; x_wconf 76' lang='lat' dir='ltr'>infinitaese·</span> 
     </span>
    </p>

    <p class='ocr_par' dir='ltr' id='par_1_8' title="bbox 1753 2467 1798 2491">
     <span class='ocr_line' id='line_1_43' title="bbox 1753 2467 1798 2491; baseline 0.044 -2"><span class='ocrx_word' id='word_1_440' title='bbox 1753 2467 1798 2491; x_wconf 83' lang='lat' dir='ltr'>tre</span> 
     </span>
    </p>
   </div>
   <div class='ocr_carea' id='block_1_6' title="bbox 1842 348 1878 2444">
    <p class='ocr_par' dir='ltr' id='par_1_9' title="bbox 1842 348 1878 2444">
     <span class='ocr_line' id='line_1_44' title="bbox 1842 348 1878 2444; baseline 0 0"><span class='ocrx_word' id='word_1_441' title='bbox 1842 348 1878 2444; x_wconf 95' lang='lat' dir='ltr'> </span> 
     </span>
    </p>
   </div>
  </div>
 </body>
</html>
