1878 2724
354 153 410 203 578
856 151 883 191 p
1031 189 1284 240 3.Microscopia
1301 202 1341 226 ex
1358 190 1476 240 tripiici
1490 190 1576 228 vitro
1602 199 1741 244 compo?-

1004 242 1060 279 sita
1082 241 1207 289 objeffl
1229 241 1370 289 speciem
1382 239 1573 289 ampliorem
1588 255 1655 279 non
1670 243 1737 280 effi-

1005 293 1094 327 ciunt
1105 320 1114 336 ,
1129 289 1182 326 sed
1194 295 1351 338 majorem
1361 289 1447 324 illius
1464 300 1589 338 partem
1603 320 1614 334 ,
1637 304 1737 341 atque

1005 352 1040 376 ut
1051 342 1155 384 aiunt,
1173 344 1330 388 majorem
1347 351 1498 387 campum
1514 341 1681 387 aperiunt,
1700 353 1739 378 ut

1007 388 1181 437 telescopia
1206 403 1231 435 4
1251 390 1343 425 vitris
1370 388 1526 423 instrueka.
1556 390 1738 435 Qomodo

1005 449 1116 474 autem
1128 439 1159 472 id
1169 436 1243 481 fiat,
1261 436 1430 472 intelleestu
1444 435 1539 471 facile
1554 438 1606 473 est.
1627 441 1676 474 Sit
1688 440 1709 474 d
1719 451 1738 474 e

1007 487 1192 536 ehje-stum,
1209 487 1298 530 CL,
1319 486 1385 521 lens
1407 515 1417 530 ‚
1436 484 1490 520 seu
1505 486 1626 521 vitrum
1646 486 1742 535 obje-

1008 536 1132 572 &ivum
1148 565 1158 580 ‚
1179 550 1198 571 a
1210 535 1232 572 b
1245 565 1256 579 ‚
1283 548 1384 571 unum
1406 546 1446 570 ex
1461 533 1641 570 ocularibus
1653 564 1663 580 ,
1688 537 1741 571 id-

1009 598 1075 633 que
1090 585 1162 620 fatis
1172 584 1280 619 debile
1297 613 1307 628 ,
1331 590 1366 622 &
1391 596 1545 632 magnum
1561 597 1569 619 :
1588 584 1637 633 gf
1657 585 1741 621 alte-

1011 645 1116 671 terum
1141 633 1270 669 oculare
1292 639 1327 670 ὅ(
1355 636 1461 674 minus
1479 637 1515 669 &
1534 636 1725 672 convexum

1043 687 1158 731 Itaque
1173 684 1256 717 radii
1272 683 1304 718 C
1315 697 1335 717 o
1347 711 1357 726 ‚
1381 688 1414 719 δε
1425 682 1507 730 Cp,
1529 694 1601 728 quae
1625 684 1659 718 in
1679 685 1744 732 pri-

1008 746 1098 770 mum
1115 731 1244 767 oculare
1263 745 1282 766 a
1294 731 1315 769 b
1336 731 1481 766 incidunt
1492 758 1502 773 ,
1519 732 1553 765 in
1570 730 1743 768 secundum

1007 795 1030 831 g
1042 782 1058 817 f
1064 795 1131 817 non
1143 783 1342 816 incurrerent
1358 778 1483 814 sublato
1500 778 1620 814 oculari
1632 793 1650 814 a
1659 779 1694 824 b;
1708 786 1743 818 &

1011 843 1117 866 totum
1137 829 1304 878 objedhim
1318 829 1337 863 d
1351 841 1369 863 e
1383 857 1393 873 ,
1407 842 1474 864 non
1491 828 1652 864 videretur
1663 859 1673 873 ,
1689 829 1743 865 sed

1010 892 1081 928 pars
1112 890 1238 914 tanturn
1263 878 1345 913 illius
1383 890 1441 925 pet
1473 875 1574 912 solum
1617 877 1747 913 oculare

1011 941 1033 976 g
1050 927 1067 963 f
1085 939 1286 962 cerneretur:
1301 926 1354 960 sed
1365 929 1485 961 vitrum
1501 939 1519 959 a
1532 925 1554 959 b
1567 938 1622 973 per
1641 927 1746 976 dupli-

1013 988 1086 1012 cem
1096 976 1323 1011 refraffionem
1338 973 1376 1009 sic
1393 973 1534 1009 infleffit
1544 975 1649 1010 radios
1663 978 1689 1011 L
1702 990 1723 1011 o
1733 1004 1746 1020 ,

1009 1025 1089 1061 &C
1099 1037 1118 1072 p
1130 1052 1138 1066 ‚
1152 1036 1187 1059 ut
1199 1027 1231 1060 in
1241 1039 1293 1068 m,
1307 1030 1340 1061 δε
1352 1037 1373 1059 ιι
1387 1023 1522 1059 ocularis
1535 1022 1581 1071 gf
1592 1025 1747 1061 incidant.

1015 1073 1096 1118 Qo
1106 1074 1238 1120 quidem
1250 1073 1349 1107 modo
1363 1084 1506 1106 extrema
1523 1072 1647 1119 obieffi
1669 1074 1690 1108 d
1701 1087 1720 1109 e
1734 1103 1747 1119 ,

1016 1123 1165 1157 videntur
1175 1123 1209 1156 in
1224 1132 1236 1156 t
1251 1151 1262 1165 ,
1280 1127 1314 1159 &
1331 1134 1368 1165 u,
1386 1120 1443 1155 ficu
1463 1121 1595 1168 quidem
1621 1122 1745 1161 everso.

1015 1171 1107 1206 Nam
1120 1171 1277 1219 punctum
1287 1183 1304 1204 e
1317 1199 1327 1214 ,
1337 1170 1463 1205 videtur
1473 1172 1506 1205 in
1519 1181 1550 1214 t3
1564 1174 1598 1206 δε
1608 1170 1628 1204 d
1640 1200 1650 1215 ,
1660 1174 1692 1207 in
1706 1185 1725 1207 u
1738 1189 1749 1216 ;

1016 1220 1095 1255 radii
1106 1219 1124 1255 ia
1143 1221 1264 1267 Ριιηᾶο
1275 1232 1292 1254 e
1306 1217 1406 1254 emiffi
1422 1230 1580 1266 coguntur
1595 1221 1629 1255 in
1639 1233 1656 1255 x
1668 1250 1677 1265 ,
1692 1223 1748 1269 qui

1016 1267 1058 1303 ab
1075 1268 1176 1303 altero
1193 1280 1340 1303 extremo
1351 1268 1370 1302 d
1384 1295 1394 1310 ,
1422 1267 1608 1311 dimanant,
1633 1273 1750 1305 co'c'unt

1013 1319 1050 1351 vin
1068 1330 1090 1365 γ
1100 1345 1109 1360 ,
1128 1321 1161 1354 &
1178 1331 1197 1352 z
1209 1346 1218 1360 ,
1229 1317 1276 1351 est
1284 1315 1368 1364 quafi
1381 1327 1528 1351 centrum
1539 1318 1629 1352 visfis
1639 1347 1649 1362 ,
1661 1331 1679 1353 x
1694 1332 1713 1354 z
1726 1331 1751 1363 r,

1012 1371 1051 1404 v&
1064 1380 1084 1414 y
1095 1380 1113 1401 z
1124 1378 1144 1401 u
1157 1394 1167 1409 ‚
1180 1365 1249 1401 sunt
1257 1367 1336 1400 radii
1349 1363 1490 1400 visuales.
1513 1367 1620 1413 Atque
1636 1380 1674 1401 ex
1691 1367 1751 1402 hac

1017 1414 1218 1463 microscopii
1239 1415 1390 1450 strudmra
1413 1414 1510 1450 facil&
1534 1414 1696 1464 colligitur
1716 1418 1751 1452 in

1017 1461 1193 1512 telescopio
1218 1462 1344 1498 duobus
1365 1474 1419 1497 aur
1437 1462 1538 1498 tribus
1566 1466 1656 1498 vitris
1672 1477 1752 1502 con-

1020 1515 1112 1549 vexis
1132 1512 1282 1548 instrusto
1304 1511 1434 1559 objecta
1457 1512 1568 1547 everso
1587 1511 1643 1548 fitu
1656 1526 1753 1562 appa-

1020 1573 1090 1596 rere
1104 1575 1112 1597 :
1127 1574 1200 1596 cum
1215 1573 1363 1609 quartum
1378 1562 1497 1596 vitrum
1511 1562 1637 1596 additur
1651 1590 1661 1606 ,
1684 1575 1752 1598 tum

1023 1609 1104 1646 fiunt
1139 1609 1312 1658 telescopia
1340 1639 1350 1653 ‚
1386 1615 1420 1647 &
1450 1610 1605 1658 posterius
1635 1613 1752 1660 erigit,

1022 1660 1110 1707 quod
1134 1661 1272 1708 primum
1287 1663 1406 1695 evertit
1418 1688 1427 1704 ‚
1450 1671 1484 1694 ut
1502 1659 1682 1698 identidem
1702 1660 1752 1695 di-

1021 1721 1137 1745 ximus.

383 1807 459 1851 '4.O
466 1807 604 1854 primum
619 1807 680 1840 erit
690 1805 936 1856 microscopium
949 1807 970 1843 fi
985 1808 1052 1843 lens
1068 1806 1130 1854 ipsa
1138 1806 1173 1842 C
1186 1806 1261 1850 L,fit
1276 1822 1291 1855 5
1311 1807 1465 1842 linearum
1475 1819 1549 1842 cum
1557 1804 1753 1849 semiffe‚hoc

367 1857 414 1891 est
430 1884 439 1898 ,
450 1856 516 1890 fere
528 1853 702 1903 semidigiti
713 1883 723 1898 ,
735 1856 864 1891 oculare
874 1858 1018 1893 medium
1033 1855 1171 1892 &latius
1183 1869 1200 1890 a
1211 1856 1232 1890 b
1250 1885 1259 1898 ,
1279 1858 1388 1891 focum
1399 1855 1517 1890 habear
1530 1871 1554 1898 4
1565 1857 1752 1904 digitorum,

367 1916 404 1938 ut
417 1904 506 1938 focus
523 1904 654 1937 minoris
667 1903 801 1938 ocularis
817 1904 853 1939 fit
867 1907 1002 1941 duorum
1018 1906 1201 1952 digitorum.
1222 1907 1274 1938 Sic
1291 1901 1373 1937 vero
1387 1914 1477 1937 erunt
1495 1904 1700 1947 collocanda,
1718 1915 1753 1937 ut

369 1955 473 1987 minus
492 1950 784 1995 oculneimmjore
795 1953 917 2000 distet5
935 1954 1041 2000 digitis
1060 1963 1221 1998 ·,cumque
1236 1951 1401 1999 obje&uiii
1418 1951 1436 1984 d
1453 1964 1470 1984 e
1484 1980 1493 1994 ,
1512 1953 1602 1987 distet
1620 1953 1689 1987 fere
1703 1951 1755 1986 sex

369 1999 460 2035 lincis
471 1999 510 2033 nb
521 1999 584 2047 ipsa
596 1999 681 2035 lente
693 1999 722 2034 C
733 2003 771 2042 L,
789 2000 877 2049 hujus
890 2002 1167 2048 focusreciprocus
1180 2014 1200 2034 o
1215 2014 1233 2049 p
1245 2029 1255 2044 ,
1272 2001 1342 2036 satis
1357 2002 1415 2034 crit
1436 2001 1556 2037 vicinus
1574 2003 1687 2048 majori
1704 2002 1756 2036 vi-

372 2061 420 2083 tro
435 2063 453 2083 a
463 2048 503 2084 b:
518 2061 652 2096 cumque
665 2049 745 2083 radii
758 2053 896 2085 extremi
911 2064 927 2085 c
939 2065 959 2086 o
972 2080 982 2095 ,
995 2063 1041 2097 cp
1051 2078 1061 2092 ,
1072 2051 1097 2083 L
1112 2063 1151 2093 o,
1165 2052 1218 2097 Lp
1232 2078 1243 2093 ,
1265 2050 1390 2085 oculare
1406 2053 1502 2097 maJus
1515 2050 1734 2098 pertranseunt
1745 2056 1759 2092 ,⁸

371 2099 410 2132 ad
435 2111 526 2132 axem
556 2100 711 2133 vitrorum
729 2112 936 2136 communem
959 2099 1095 2135 multum
1110 2110 1330 2148 convergent:
1350 2098 1434 2134 unde
1451 2100 1485 2133 in
1509 2111 1665 2134 extremas
1685 2110 1758 2147 par-

373 2159 419 2181 tes
449 2149 580 2182 minoris
607 2147 740 2182 ocularis
771 2162 794 2197 g
825 2148 843 2184 f
865 2148 905 2184 sic
928 2152 1090 2185 incurrent
1109 2177 1120 2192 ,
1157 2160 1192 2182 ut
1225 2148 1362 2184 multum
1403 2146 1506 2183 versus
1541 2160 1636 2184 axem
1667 2146 1757 2182 infle-

372 2199 514 2238 ctuntur,
528 2201 770 2245 &convergunt
786 2226 795 2239 ‚
819 2197 951 2244 atque&⁴
973 2198 1002 2233 se
1025 2210 1134 2233 mutuo
1153 2209 1323 2246 perparum
1345 2196 1518 2233 discedant,
1555 2198 1656 2244 Qod
1684 2197 1758 2243 qui-

374 2247 448 2280 dem
478 2244 575 2280 efficit
590 2274 600 2289 ,
625 2257 661 2281 ut
691 2246 844 2294 pupillam
874 2246 979 2282 subire
1003 2245 1120 2293 poffint
1137 2276 1147 2290 ‚
1170 2252 1204 2284 &
1232 2246 1388 2283 visionem
1412 2245 1590 2283 distinetam
1609 2243 1754 2281 efficere:

374 2297 474 2329 minus
490 2294 644 2344 oculareg
655 2295 672 2330 f
684 2294 721 2330 fic
734 2296 911 2332 collocatur
923 2325 933 2340 ‚
950 2308 985 2331 ut
1002 2296 1086 2330 iliius
1103 2296 1194 2331 focus
1215 2295 1314 2332 tribus
1331 2295 1440 2343 digitis
1458 2295 1479 2330 it
1497 2307 1614 2344 magno
1640 2292 1757 2328 oculari

374 2345 473 2380 distet·
501 2345 620 2385 Nwsi
635 2345 876 2395 majusoculare
902 2345 953 2382 ab
967 2374 978 2391 ,
1001 2343 1076 2383 esset
1105 2347 1138 2382 in
1162 2345 1239 2381 foco
1267 2346 1420 2388 minoris,
1439 2356 1494 2380 aut
1511 2347 1542 2380 ei
1561 2344 1756 2392 proximum,
