1878 2724
336 120 400 165 '6276
878 109 903 148 P
926 109 961 147 H
985 108 1016 148 Ῠ
1038 108 1059 147 S
1077 110 1099 160 ⁴1
1122 108 1153 147 C
1178 108 1217 146 «Ε

340 170 444 204 acrior
466 165 590 215 sanguis
611 161 733 198 alendis
749 159 895 209 partibus
910 163 1016 197 minus
1036 160 1074 196 fit
1103 161 1254 197 idoneus.

373 221 417 254 Ex
428 219 465 252 iis
481 218 590 261 utique
609 210 709 246 multa
728 222 800 257 quae
819 211 860 244 ad
875 210 1036 245 theoriam
1045 215 1136 259 juxta
1148 215 1182 247 &
1193 211 1317 258 praxim
1328 210 1515 259 pertinent,
1536 208 1647 261 colligi
1665 210 1740 260 pos.

342 268 412 302 liint
425 295 435 310 ,
455 275 526 312 quae
549 259 676 309 copiose
689 263 731 296 D.
743 260 780 292 V
775 261 862 294 ‘villis
871 262 904 295 in
917 260 1180 308 pharmaceutice
1193 260 1347 295 rationali
1367 258 1588 308 prosequitur,
1602 272 1740 308 quaeque

341 315 523 352 summatim
537 311 690 347 duntaxat
701 338 710 353 ‚
720 314 756 346 ὃ(
771 321 806 344 ut
821 308 946 357 Phyfici
964 312 1158 359 attingemus
1183 317 1213 343 1⁰
1223 311 1338 345 Serum
1351 322 1420 345 non
1435 306 1655 357 percolatione
1668 322 1740 344 rno-

342 363 395 407 do,
408 374 444 397 ut
453 362 591 397 diximus
602 390 612 404 ‚
625 358 675 394 sed
686 361 784 394 etiam
794 360 938 406 quodam
952 358 1117 394 fermento
1128 357 1264 393 lixiviali
1275 358 1436 394 imbutum
1448 360 1481 393 in
1492 356 1622 392 renibus
1637 357 1658 393 ὲ
1671 358 1741 394 san-

340 410 436 462 guiue
447 410 595 460 separari.
606 411 694 446 Nam
707 408 824 443 lou'um
838 405 988 443 salsedine
1000 407 1050 445 sua
1066 419 1157 444 renes
1169 406 1321 451 inficit‚&
1333 407 1446 443 salinas
1455 406 1626 456 particulas
1640 410 1677 442 iis
1687 407 1743 443 af..

344 461 412 510 figit
423 491 432 504 ,
444 474 514 508 quse
531 459 673 508 sanguini
693 456 748 506 ipsi
758 455 895 493 fluorem
909 457 1084 493 conciliant
1097 486 1108 501 ,
1123 456 1297 504 eumque&
1315 456 1541 506 coagulatione
1557 457 1741 495 vindicant:

341 523 375 546 ut
385 510 460 545 sales
476 509 529 544 fixi
540 509 614 544 laeti
631 512 696 556 jam
706 506 747 541 ad
757 505 1021 554 coagulationem
1034 507 1180 550 tendenti
1189 505 1327 542 fluorem
1339 507 1495 542 tribuunt.
1505 507 1603 541 Hunc
1613 505 1741 544 lixivia-

342 561 407 597 lem
418 559 514 594 salem
525 567 638 594 renum
652 563 762 591 carnes
777 553 921 604 sapiunt:
940 555 1030 603 isque
1041 556 1124 590 adeo
1137 554 1241 591 serum
1255 568 1320 592 non
1335 557 1511 605 praecipitat
1524 584 1535 598 ,
1554 566 1611 590 aut
1622 555 1743 607 sangui-

343 622 419 645 nem
432 607 582 657 coagulat
595 634 605 650 ,
616 617 653 641 ut
662 617 737 642 eum
747 607 852 652 potius
862 603 883 640 ἒι
893 607 1102 640 concretione
1113 615 1236 640 tueatur
1251 634 1261 649 ‚
1277 604 1342 653 quo
1359 608 1386 641 is
1403 618 1461 654 per
1471 616 1568 640 venas
1589 604 1652 640 una
1669 617 1741 642 ,cum

342 658 437 693 succo
449 659 584 693 nutritio
597 656 636 690 ad
648 666 704 689 cor
713 653 840 690 refluat.
850 652 994 690 Tametsi
1013 666 1083 702 pars
1098 654 1206 702 aliqua
1220 654 1302 690 succi
1319 657 1444 690 nutritii
1462 665 1518 702 per
1539 651 1668 689 tubulos
1690 665 1743 688 te.

343 721 422 743 num
439 705 550 742 effluat
564 716 653 753 ‚quae
666 702 751 738 forte
765 705 863 738 urinae
874 703 953 738 sanae
965 703 1011 739 est
1022 702 1207 752 hypostasis.
1228 706 1295 739 Vix
1313 715 1423 739 tamen
1438 703 1631 738 crediderim
1650 705 1683 738 in
1703 714 1742 738 ea

343 757 401 793 seri
419 756 597 792 secretione
610 752 709 788 ullam
721 751 781 788 else
794 752 1103 797 fermentationem,
1126 765 1199 801 quae
1211 755 1245 789 in
1262 752 1340 789 locis
1353 765 1419 789 tam
1429 751 1569 801 angustis
1593 751 1663 788 fieri
1683 764 1743 788 ne-

343 809 426 855 quit.
441 807 530 842 Nam
546 803 757 839 fermentatio
775 804 874 851 exigit
887 803 1028 850 partium
1039 801 1289 838 rarefaetionem
1300 808 1333 840 &
1343 801 1642 851 perturbationem:
1655 813 1743 836 utra-

344 868 410 903 que
419 854 557 902 amplius
571 852 707 901 spatium
717 851 864 900 postulat.
877 853 986 886 Partes
1000 850 1092 888 fluidi
1107 848 1181 887 cum
1196 850 1255 887 sint
1273 852 1383 888 divisae
1401 856 1436 888 &
1452 853 1581 886 minutae
1603 863 1672 886 non
1692 861 1743 885 te..

346 906 420 940 naci
433 901 585 944 nexu,sed
601 900 668 936 solo
681 901 832 934 contactu
847 898 902 933 fibi
913 910 1029 933 mutuo
1039 899 1314 936 cohaetent.Unde
1326 901 1424 936 fluida
1437 900 1629 948 plerumque
1640 900 1744 934 secer-

346 964 466 988 nuntur
478 951 522 986 ob
532 948 628 985 cribri
637 949 787 983 structura
797 950 874 982 citra
887 946 1191 983 fermentationem.
1207 951 1259 984 Sic
1270 960 1354 997 aqua
1364 959 1420 983 aut
1434 946 1542 983 oleum
1557 947 1638 996 ligni
1652 960 1744 983 mea..

347 1013 397 1037 tus
432 1000 669 1041 ervadunt‚non
680 996 961 1044 aer3hydrargyrus
971 1008 1082 1030 aurum
1092 1007 1319 1044 penetrat‚non
1330 995 1516 1044 aqua.Cum
1530 995 1622 1031 firma
1633 997 1676 1031 est
1686 1009 1746 1032 co-

346 1015 527 1092 lireiibssum
546 1058 582 1082 ut
591 1046 766 1094 plurimum
776 1045 1031 1079 fermentatione
1046 1057 1126 1093 opus
1137 1044 1190 1080 est:
1202 1045 1253 1080 sed
1265 1058 1330 1080 non
1340 1057 1412 1079 rato
1426 1050 1637 1088 meatuum,&
1654 1045 1746 1081 velut

349 1099 537 1135 tubulorum
545 1092 708 1144 dispositio
719 1093 801 1129 illius
819 1092 944 1142 supplet
961 1095 1096 1137 vices‚ut
1108 1094 1148 1128 de
1164 1093 1347 1141 plantatum
1360 1093 1520 1128 radicibus
1534 1094 1599 1129 alio
1609 1093 1683 1129 loco
1692 1094 1746 1128 di-

347 1151 437 1185 &nm
447 1148 500 1183 est.
514 1148 603 1183 Nam
620 1156 656 1179 ut
666 1142 740 1178 scite
750 1144 890 1178 advertit
901 1141 1131 1187 Borellus‚cum
1142 1141 1276 1178 fluidum
1287 1142 1466 1195 impellitur
1480 1145 1563 1178 intra
1581 1141 1747 1192 capillaria.

347 1195 565 1239 infundibula,
576 1206 646 1242 quae
656 1205 722 1228 non
739 1191 810 1228 sunt
828 1190 1022 1236 dilatabilia,
1042 1204 1114 1227 tum
1127 1204 1237 1228 eorum
1254 1191 1417 1241 particulae
1435 1190 1456 1227 a
1478 1191 1662 1227 seinvicem
1683 1191 1746 1228 dis.

347 1252 521 1298 junguntur
530 1274 539 1288 ,
551 1243 640 1292 quod
650 1240 738 1276 fimul
749 1241 866 1290 jundixe
877 1240 1004 1276 transtre-
1022 1254 1087 1276 non
1099 1239 1215 1290 poffint
1226 1253 1283 1289 per
1299 1239 1508 1277 strietiffimos
1526 1239 1674 1278 tubulos.
1684 1243 1746 1277 Ac-

351 1299 399 1332 tio
410 1294 488 1330 veri,
499 1306 563 1342 qua
571 1293 672 1328 serum
685 1293 718 1326 in
727 1289 854 1326 renibus
865 1289 1027 1339 separatur
1039 1320 1049 1334 ,
1062 1304 1131 1326 non
1147 1290 1193 1325 est
1207 1290 1434 1326 fermentatio:
1450 1302 1518 1326 non
1538 1292 1625 1326 enim
1639 1302 1746 1326 mora-

352 1358 401 1381 tur
413 1348 445 1379 in
456 1347 494 1378 iis
502 1341 659 1392 glandulis
669 1368 679 1384 ,
694 1352 754 1375 nec
763 1352 852 1388 aquae
867 1339 1030 1388 particulae
1038 1341 1125 1375 arete
1137 1339 1302 1376 cohaerent
1311 1353 1385 1375 curn
1399 1339 1555 1388 sanguinis
1564 1338 1745 1384 albumine,

351 1395 403 1430 sed
413 1393 480 1429 solo
491 1392 653 1428 contastu.
670 1389 770 1428 Unde
795 1389 867 1441 post
892 1389 1014 1439 largam
1031 1390 1238 1440 potationem
1258 1391 1349 1425 urina
1367 1387 1498 1439 copiosa
1517 1387 1622 1424 subito
1639 1401 1746 1425 excer-

352 1455 447 1482 nitur.

387 1495 468 1529 Sunt
482 1503 592 1528 autem
612 1494 645 1528 in
656 1490 787 1527 renibus
799 1489 865 1525 duo
880 1489 1076 1524 foraminum
1089 1489 1216 1525 ordines
1230 1518 1239 1532 ‚
1260 1488 1379 1525 venosa
1391 1501 1461 1537 quae
1471 1490 1634 1536 excipiunt
1644 1487 1748 1534 parti-

352 1543 437 1580 culas
450 1542 608 1590 sanguinis
623 1570 632 1585 ,
645 1555 713 1577 non
727 1539 860 1588 aquosas
874 1556 883 1583 ·‚
902 1544 936 1576 ὅς
950 1538 1021 1572 vasa
1033 1549 1145 1573 renum
1160 1541 1291 1587 propria
1301 1567 1311 1582 ,
1327 1551 1398 1587 quae
1415 1538 1530 1588 figuras
1545 1535 1670 1572 habent
1690 1547 1745 1569 ac-

351 1593 573 1628 commodatas
591 1589 694 1626 scrofis
707 1588 868 1639 particulis
888 1588 1084 1636 excipiendis
1101 1601 1108 1622 ε
1132 1590 1177 1622 uti
1195 1588 1333 1623 eandem
1349 1587 1561 1623 secretionem
1578 1587 1610 1620 in
1628 1583 1746 1633 plantis

352 1641 620 1691 perficidiximuS.
644 1638 747 1675 Causa
757 1636 835 1674 vero
851 1635 999 1672 effectrix
1018 1636 1111 1683 hujus
1133 1636 1320 1672 secretionis
1334 1637 1381 1672 est
1402 1635 1548 1685 impulsio
1565 1633 1747 1670 vehemens

352 1692 509 1740 sanguinis
523 1701 579 1738 per
588 1692 720 1724 arterias
735 1686 937 1735 emulgentes
952 1703 962 1731 3
979 1686 1129 1734 angustia:
1151 1688 1339 1722 arteriarum
1361 1686 1561 1735 capillariam
1573 1712 1583 1727 ,
1608 1688 1641 1719 &
1657 1694 1748 1717 mea-

352 1754 441 1778 tuum
451 1738 567 1787 quibus
578 1738 735 1788 glandulae
747 1738 817 1773 sunt
833 1735 1016 1784 perforat-⁶2.
1029 1737 1160 1783 Sanguis
1178 1737 1263 1770 enim
1280 1735 1325 1771 ob
1345 1748 1398 1771 eas
1417 1733 1574 1784 angustias
1594 1734 1626 1767 in
1640 1742 1747 1780 partes

353 1790 514 1826 scinditur,
543 1791 617 1824 Pars
639 1786 717 1824 vero
740 1788 868 1822 decima
888 1786 988 1820 totius
1011 1783 1168 1834 sanguinis
1193 1797 1393 1834 unoquoque
1419 1785 1551 1819 circuitu
1576 1793 1632 1830 per
1654 1791 1748 1815 renes

356 1838 478 1876 transit.

387 1896 421 1925 2⁰
434 1888 538 1924 Urina
550 1899 616 1921 non
629 1885 731 1920 solum
741 1885 869 1920 constat
883 1896 921 1918 ex
937 1883 1094 1931 sanguinis
1108 1883 1176 1917 sero
1204 1880 1379 1930 superfluO,
1400 1882 1488 1928 quod
1508 1884 1541 1915 in
1565 1876 1684 1914 tubulis
1702 1890 1751 1912 re-

353 1950 429 1973 num
447 1935 618 1970 secernitur
632 1950 643 1978 5
658 1933 709 1967 sed
721 1935 820 1966 etiam
834 1945 876 1968 ex
895 1943 984 1979 parte
1004 1930 1093 1967 chvli
1112 1931 1258 1965 crudiore
1272 1942 1342 1978 quae
1353 1930 1417 1965 unit
1432 1943 1505 1965 cum
1523 1928 1675 1977 sanguine
1691 1938 1749 1974 pet

356 1997 453 2022 venas
470 1993 636 2020 commeat
650 1999 659 2024 3
675 1984 743 2016 imo
757 1986 790 2017 &
805 1980 890 2016 forte
903 1992 941 2015 ex
955 1979 1089 2028 lympha
1103 1979 1165 2028 ipsa
1176 1978 1345 2022 fluidiooe,
1367 1991 1438 2026 quae
1458 1979 1479 2014 ἐι
1501 1980 1591 2014 venis
1605 1976 1753 2011 resorbe-

357 2048 418 2070 tur.
430 2037 540 2069 Serum
553 2031 686 2078 quidem
703 2042 777 2064 cum
788 2042 898 2064 recens
909 2029 957 2063 est
970 2057 979 2071 ‚
994 2042 1061 2064 non
1076 2041 1159 2077 aegre
1177 2028 1198 2064 ἐι
1217 2027 1368 2077 sanguine
1382 2028 1533 2071 discedit3
1546 2038 1579 2062 at
1598 2038 1751 2061 nonnun-

382 2096 458 2118 uam
471 2078 580 2129 saepius
601 2092 674 2115 cum
689 2090 800 2114 cruore
810 2078 997 2113 circulatum
1010 2089 1100 2121 ‚cum
1113 2091 1154 2113 eo
1163 2079 1208 2112 ita
1219 2079 1412 2124 incoquitur,
1421 2089 1455 2113 ut
1465 2079 1518 2111 vix
1531 2075 1667 2125 separari
1681 2073 1751 2122 pos·

356 2097 411 2178 sit,
428 2144 465 2167 ut
480 2134 514 2166 in
535 2128 744 2176 cacochymia
762 2133 796 2165 &
809 2126 1111 2175 leucophlegrnat'ia.
1136 2129 1385 2173 Nonnunquam
1400 2127 1420 2163 ὲ
1438 2125 1588 2174 sanguine
1604 2122 1671 2172 ipso
1683 2136 1751 2158 non

357 2186 394 2219 in
406 2179 535 2217 renibus
547 2176 618 2221 ‚sed
632 2177 702 2212 aliis
718 2177 841 2211 inlocis
854 2178 1035 2211 excernitur
1051 2204 1061 2218 ,
1077 2187 1112 2211 ut
1132 2178 1162 2211 in
1173 2175 1325 2211 catarrhis
1341 2179 1416 2212 &in
1430 2176 1600 2223 hydrope3
1624 2183 1680 2206 aut
1698 2173 1750 2207 ni-

358 2235 417 2267 niis
429 2234 496 2266 cito
508 2226 549 2262 ab
560 2224 627 2275 ipso
638 2225 788 2274 sanguine
802 2227 901 2260 etiam
913 2228 945 2259 in
957 2223 1087 2259 renibus
1104 2224 1277 2260 secernitur
1290 2253 1300 2268 ,
1319 2236 1355 2259 ut
1367 2226 1400 2260 in
1412 2224 1540 2259 diabete
1555 2251 1566 2265 ,
1578 2222 1629 2257 seu
1642 2224 1674 2257 in
1691 2222 1750 2254 uri-

359 2295 406 2318 nae
415 2277 586 2330 profluvio.
606 2277 758 2321 Tumque
771 2273 895 2323 sanguis
910 2274 973 2321 ipse
988 2276 1020 2308 in
1038 2275 1120 2310 vitio
1140 2274 1207 2317 est,
1234 2287 1303 2310 non
1321 2285 1413 2309 renes
1433 2289 1441 2311 :
1459 2285 1531 2308 cum
1548 2270 1666 2308 scilicet
1681 2273 1749 2316 eJ'us

360 2341 486 2367 textura
496 2337 551 2362 aut
563 2324 608 2359 est
622 2324 823 2372 compafhor
839 2353 848 2367 ,
867 2335 921 2358 aut
933 2323 1042 2360 laxior.

396 2386 427 2427 3⁰
437 2382 519 2428 ch
531 2374 621 2411 laetis
631 2372 766 2409 fluorem
778 2384 901 2411 tuentur
911 2401 923 2417 ‚
940 2377 973 2410 &
993 2372 1014 2408 a
1032 2373 1259 2423 coagulatione
1270 2371 1472 2415 defendunt,
1495 2382 1531 2406 ut
1547 2367 1623 2404 sales
1635 2362 1751 2403 omnes
