1878 2724
414 154 478 189 4²²
711 137 964 177 PHYSICAE
997 138 1144 176 PARS
1180 138 1485 176 SECUNDA.

411 199 525 239 guetes
538 190 566 224 A
579 191 603 223 Β
615 215 623 227 ,
645 192 679 225 &
693 189 722 223 G
736 189 761 222 E
776 201 784 224 ε
802 190 870 223 vim
892 190 980 224 enim
995 187 1239 236 quodammodo
1252 190 1370 235 patitur
1388 190 1566 234 intercepta
1578 188 1711 221 materia
1724 213 1732 225 ,
1758 191 1793 224 δε

413 239 445 273 in
455 236 507 272 suo
517 247 611 271 motu
619 237 768 273 arctatur.
790 236 909 272 Eadem
922 239 1091 281 ratio,cum
1102 235 1169 285 poli
1186 234 1335 285 ingressus
1346 235 1407 272 -sibi
1424 247 1540 274 mutuo
1552 235 1771 271 admoventur
1780 263 1793 280 ‚

412 296 448 322 ut
464 286 494 320 C
533 289 566 321 δι
580 286 621 321 D·

439 312 547 379 Atq'ue
557 332 608 367 hic
625 332 668 367 est
675 331 761 368 alter
770 334 959 382 magneticae
972 332 1028 369 sub
1034 333 1151 370 stantioe
1161 332 1294 369 »tistitus
1302 362 1312 377 ,
1326 332 1381 381 qui
1391 333 1480 366 unius
1493 333 1650 380 magnetis
1659 343 1732 366 cum
1746 330 1794 366 al-

412 393 482 417 tero
494 409 503 423 ‚
517 392 573 427 aut
583 380 751 416 cumfetro
761 380 973 430 sympathiam
987 411 996 426 ,
1014 394 1050 417 ut
1063 394 1181 418 vorant
1194 411 1203 426 ‚
1223 382 1274 417 vel
1284 381 1498 431 antipathiam
1526 379 1654 429 speetat.
1690 381 1724 414 Id
1742 391 1793 415 re.

413 429 473 464 stat
490 441 525 463 ut
537 428 577 463 de
586 431 781 465 atttafflone
797 430 937 465 dicamus
957 443 995 466 ex
1012 432 1129 466 eodem
1146 429 1266 466 doeciffi
1276 433 1373 476 vit03
1385 427 1437 465 sed
1445 426 1533 478 prius
1543 428 1686 477 quaedam
1698 427 1793 479 obje-

410 478 537 514 &iones
549 479 630 514 circa
646 479 863 514 direcnonem
872 481 1036 528 magnetis
1051 479 1119 515 lunt
1128 480 1297 516 diluendae.

906 576 1088 612 Solvuntur
1109 575 1305 622 objefflones.

459 674 725 711 Multaadversus
736 685 773 708 ea
792 686 862 721 quae
878 675 1014 709 diximus
1028 673 1157 716 ‚afferri
1166 672 1308 722 possunt,
1320 684 1377 707 aut
1387 673 1486 720 quaeri
1493 702 1503 716 ,
1512 685 1648 720 quorum
1660 671 1796 708 nonnul-

407 723 438 759 la
449 722 686 758 conclusionem
700 723 836 757 nostram
848 723 1002 757 illustrant
1013 725 1124 769 magis,
1136 723 1236 770 qnam
1248 722 1450 757 labefa&a-nt
1458 750 1468 765 ‚
1480 721 1542 756 alia
1552 721 1619 757 sunt
1632 720 1796 769 ejusmodi,

406 783 443 807 ut
457 784 513 808 vix
531 785 643 807 eorum
660 770 763 806 causas
782 772 934 821 indagare
945 770 1038 806 nobis
1058 771 1164 808 liceat.
1178 774 1301 818 itaque

440 822 523 869 Opp.
540 821 693 856 ‘Directio
709 822 868 868 magnetis
878 819 920 854 ab
935 818 1073 855 efflnviis
1088 831 1179 855 terrae
1192 818 1349 869 proficisci
1365 822 1481 867 nequit
1491 848 1500 862 ,
1514 818 1539 854 si
1566 829 1640 854 acus
1661 831 1796 868 magne-

409 869 524 904 tica-ad
535 870 646 904 mundi
659 869 803 904 cardines
817 882 883 903 non
895 869 1048 917 dirigatur
1058 898 1067 912 ‚
1079 869 1130 903 sed
1143 868 1185 902 ab
1197 871 1237 903 iis
1250 868 1423 916 plurimum
1436 868 1604 912 deflectat,
1617 869 1714 915 idque
1723 879 1795 908 non

409 931 477 954 uno
496 918 613 961 modo,
634 917 686 952 sed
697 918 785 951 varie
802 921 889 965 juxta
899 921 1004 952 varios
1016 917 1160 952 locorum
1173 916 1254 952 litus.
1273 918 1371 954 Unde
1385 915 1719 952 LutetiaePatisiotum
1738 918 1795 951 tri-

410 966 471 1001 bus
489 965 556 1000 fere
569 962 717 1014 gradibus
736 965 846 1000 versus
856 967 1077 1001 Occidentem
1090 965 1231 1001 declinat
1247 980 1256 1003 :
1279 964 1480 1015 impletisque
1495 965 1571 1000 locis
1581 965 1680 1014 'longe
1693 970 1796 1013 major

408 1015 456 1049 est
467 1014 652 1050 declinatio.
670 1016 728 1050 Vir
745 1014 941 1060 pereruditus
952 1018 993 1050 D.
1005 1014 1119 1048 kicher
1127 1016 1180 1061 qui
1191 1017 1296 1062 paucis
1315 1015 1434 1050 abhinc
1455 1016 1545 1049 annis
1564 1016 1597 1049 in
1614 1015 1795 1049 American]

407 1061 749 1111 juffuichristianiffimi
771 1064 872 1111 Regis
901 1062 1065 1110 profeEtus
1094 1062 1156 1097 fuit
1170 1091 1179 1106 ,
1206 1063 1457 1098 declinationem
1478 1065 1636 1111 magnetis
1657 1064 1692 1096 in
1713 1064 1796 1097 Aca-

412 1112 465 1146 dia
485 1115 573 1160 cujus
584 1112 721 1146 latitudo
733 1112 847 1146 eadem
858 1111 904 1145 est
917 1124 987 1158 quae
1003 1111 1150 1159 Rupellae
1166 1140 1175 1154 ,
1196 1113 1323 1147 invenit
1334 1119 1369 1148 16
1378 1111 1531 1160 graduum
1546 1140 1554 1154 ‚
1574 1123 1708 1158 eamque
1726 1122 1796 1145 ma.

409 1163 457 1209 gis
485 1162 652 1203 imminui,
671 1172 740 1208 quo
753 1156 886 1209 propius
905 1161 944 1195 ad
968 1159 1083 1195 Galliae
1112 1160 1220 1195 littora
1241 1162 1437 1202 accederem
1463 1171 1550 1195 tanta
1575 1171 1645 1194 erat
1661 1170 1736 1194 ante
1758 1172 1796 1202 50

410 1208 512 1243 annos
530 1208 664 1245 ‹Kebeci
684 1212 843 1257 magnetis
863 1208 1047 1245 declinatio.
1075 1211 1138 1244 Sed
1157 1210 1243 1243 idem
1268 1213 1377 1257 paucis
1401 1207 1520 1244 abhinc
1544 1211 1634 1243 annis
1650 1210 1682 1242 in
1697 1206 1797 1243 insula

411 1256 511 1305 vulgo
524 1259 563 1291 sla
580 1260 729 1306 Cayenne
750 1258 835 1292 dieta
860 1257 1114 1294 declinationem
1133 1257 1264 1293 versorii
1278 1260 1437 1307 competit
1465 1272 1501 1293 η
1511 1258 1666 1306 graduum
1682 1254 1793 1292 versus

413 1307 602 1342 Orientem.

425 1368 427 1371 ’
448 1348 535 1402 Resp.
545 1357 587 1390 Ex
599 1356 635 1388 iis
651 1361 684 1392 δε
698 1355 768 1389 aliis
785 1355 815 1389 id
831 1353 948 1391 confici
962 1384 971 1398 ‚
985 1354 1091 1404 primo
1103 1366 1289 1404 magnetem
1300 1367 1365 1390 non
1374 1356 1413 1390 ad
1423 1354 1510 1399 coeli,
1523 1353 1573 1389 sed
1585 1355 1624 1389 ad
1637 1366 1724 1390 terrae
1735 1367 1794 1403 po-

411 1402 461 1436 los
470 1403 574 1451 dirigi.
589 1418 614 1439 2.
633 1416 706 1438 eam
721 1406 786 1438 vim
797 1403 816 1439 it
831 1415 913 1438 terra
925 1404 988 1452 ipsa
998 1406 1144 1452 depromi
1160 1419 1167 1440 :
1181 1405 1263 1438 adeo
1284 1415 1319 1438 ut
1329 1403 1474 1452 subjedkae
1486 1415 1576 1439 terrae
1588 1432 1597 1446 ,
1615 1409 1649 1440 &
1661 1405 1794 1439 interio-

411 1453 452 1484 tis
469 1450 667 1498 potiffimtim
684 1480 694 1495 ,
716 1465 787 1499 quae
798 1453 840 1487 est
859 1452 947 1487 velut
962 1453 1043 1487 illins
1053 1452 1182 1488 nucleus
1195 1481 1205 1496 ,
1228 1464 1318 1487 venae
1329 1451 1352 1488 ὲ
1362 1454 1589 1500 Septentrione
1603 1454 1635 1488 in
1645 1452 1794 1488 Austrum

411 1498 452 1533 sic
463 1500 647 1549 dirigantur,
659 1514 692 1535 ut
708 1500 790 1549 saepe
804 1501 951 1536 nonnihil
961 1500 1004 1536 ab
1015 1514 1074 1536 axe
1089 1513 1176 1537 terrae
1190 1499 1380 1537 deflectant.
1397 1502 1510 1549 Qiare
1523 1499 1649 1535 effluvia
1659 1513 1795 1547 magne-

412 1550 497 1591 tica,
515 1551 690 1597 quze'poros
700 1551 734 1585 in
749 1561 902 1598 magnete
920 1549 1089 1598 parallelos
1104 1552 1291 1594 inveniunt,
1309 1555 1341 1586 δε
1354 1563 1410 1598 per
1429 1562 1483 1585 eos
1496 1561 1619 1585 meatus
1640 1547 1794 1586 inoffensa

412 1597 630 1643 pertranseunt
643 1628 654 1642 ,
671 1609 856 1646 magnetem
871 1627 880 1642 ‚
901 1598 1082 1633 autfertum
1094 1601 1126 1634 in
1139 1599 1263 1634 easdem
1277 1610 1584 1647 parteszconvertant
1596 1597 1720 1634 necesse
1735 1598 1791 1632 est.

412 1646 513 1680 Unde
528 1658 646 1694 magna
659 1647 706 1681 est
723 1647 800 1681 act'is
815 1649 947 1682 nauticae
963 1650 1045 1681 inter
1063 1648 1278 1696 navigandum
1296 1650 1453 1691 variatio,
1472 1660 1509 1682 ac
1523 1645 1644 1683 necesse
1661 1647 1706 1682 est
1723 1658 1795 1682 eam
1832 1664 1835 1667 ·

414 1694 522 1741 saepius
533 1697 674 1743 magneti
696 1696 872 1730 admovere
884 1724 893 1738 ‚
915 1701 948 1732 δι
959 1698 1026 1731 vim
1037 1696 1124 1731 illam
1138 1697 1338 1731 diteetricem
1351 1695 1483 1732 subinde
1495 1698 1645 1732 excitare.
1661 1694 1794 1731 Deinde

414 1743 546 1789 quidam
556 1743 648 1791 hujus
658 1746 703 1779 rei
715 1746 810 1791 periti
827 1745 1004 1779 admonent
1014 1757 1115 1780 crates
1127 1745 1258 1788 ferreas,
1269 1756 1322 1779 aut
1335 1744 1487 1792 subjetstas
1495 1774 1505 1790 ‚
1519 1756 1574 1779 aut
1588 1746 1708 1780 vicinas
1716 1742 1794 1778 act‘is

413 1791 662 1828 declinationem
676 1796 816 1836 variare,
837 1805 910 1827 cum
935 1792 978 1826 ab
998 1794 1100 1828 austro
1118 1796 1149 1828 in
1168 1792 1301 1827 boream
1314 1791 1521 1840 disponuntur
1547 1807 1555 1829 :
1580 1792 1665 1828 secus
1679 1791 1737 1827 ubi
1750 1790 1793 1826 ab

414 1852 486 1873 ortu
505 1843 537 1874 in
557 1841 702 1875 occasum
715 1845 822 1888 jacent
843 1853 850 1873 :
873 1853 946 1874 cum
960 1843 994 1876 in
1004 1853 1167 1888 aequatore
1180 1840 1269 1876 nulla
1278 1839 1313 1875 fit
1327 1843 1374 1875 vis
1388 1843 1568 1889 magnetica
1586 1855 1595 1877 :
1617 1841 1693 1876 hinc
1706 1841 1794 1888 opti-

414 1900 468 1922 me
479 1887 616 1922 facturos
629 1900 755 1929 nautas,
776 1888 796 1922 si
811 1889 985 1923 versorium
996 1918 1004 1930 ,
1024 1890 1140 1924 durnin
1154 1900 1450 1938 porruremanmr,
1473 1901 1559 1925 extra
1574 1888 1793 1938 aequilibtium

413 1934 536 1970 abortu
547 1938 579 1970 in
593 1936 737 1970 occasum
749 1935 932 1984 dispositum
953 1937 1161 1973 collocarent.

455 1985 538 2032 Opp.
559 1998 592 2019 2.
609 1987 639 2019 Si
657 1983 783 2019 effluvia
803 1987 1010 2033 magnetica&
1030 1997 1112 2020 terra
1125 1984 1189 2035 ipsa
1200 1985 1399 2034 >profluerent
1415 2015 1425 2029 ,
1443 1999 1512 2022 non
1533 1997 1711 2022 mutaretur
1722 1993 1793 2022 maa·

411 2034 517 2082 gnetis
530 2033 702 2068 declinatio
715 2036 811 2068 etiam
822 2036 852 2068 in
868 2035 984 2068 eodem
1001 2034 1281 2070 locotcontratium
1297 2047 1404 2070 tamen
1417 2037 1606 2083 experimur.
1618 2037 1706 2071 Nam
1716 2046 1792 2070 ante

413 2095 465 2126 40
478 2093 578 2116 annos
596 2085 751 2130 magnetis
764 2082 938 2116 declinatio
955 2095 1020 2118 erat
1040 2082 1157 2118 Parisiis
1186 2085 1299 2131 -Aquis
1318 2085 1436 2119 Sextiis
1451 2113 1461 2127 ,
1484 2090 1516 2121 ὃ(
1534 2085 1672 2120 Londini
1697 2096 1709 2128 5
1734 2094 1792 2123 aut

414 2138 432 2166 6
444 2131 599 2178 graduum
612 2129 719 2166 versus
740 2132 935 2166 Orientem:
954 2134 1033 2165 circa
1049 2145 1166 2167 annum
1191 2140 1260 2177 1667
1277 2131 1360 2166 nulla
1383 2145 1466 2181 pene
1487 2145 1555 2167 etat
1579 2135 1611 2167 in
1630 2134 1668 2166 iis
1685 2131 1788 2167 locis:

411 2191 495 2214 nunc
513 2178 654 2213 declinat
677 2178 788 2213 versus
805 2181 1024 2215 Occidentem
1044 2180 1168 2215 duobus
1182 2194 1235 2216 aut
1249 2180 1350 2215 tribus
1362 2180 1430 2216 fere
1444 2180 1600 2225 gradibus.

442 2228 531 2275 Refp.
547 2229 643 2262 Hunc
659 2228 810 2263 effectum
831 2241 868 2262 ex
880 2241 990 2263 eorum
1005 2242 1139 2263 numero
1153 2230 1211 2263 effe
1220 2242 1356 2277 qnorum
1376 2219 1463 2264 causti
1481 2230 1526 2263 est
1540 2228 1707 2273 occultior,
1715 2231 1790 2277 qui-

411 2287 473 2322 que
490 2288 590 2311 novas
608 2282 641 2313 &
653 2279 748 2312 variis
765 2279 795 2311 in
815 2276 892 2311 locis
911 2279 1069 2311 iterandas
1088 2278 1331 2314 observationes
1351 2280 1494 2326 exigunt.
1520 2279 1601 2312 Fieri
1620 2280 1662 2312 eti
1675 2293 1718 2313 um
1733 2291 1790 2326 po-

411 2324 467 2356 test
479 2335 513 2357 ut
525 2327 555 2358 in
570 2324 646 2359 locis
663 2325 875 2360 subterraneis
891 2329 984 2360 variae
997 2330 1187 2361 mutationes
1202 2326 1295 2361 nobis
1309 2328 1482 2368 inrorgnirae
1497 2327 1650 2363 accidant.
1661 2329 1734 2362 Fors
1745 2327 1789 2361 est

409 2381 443 2404 ut
452 2384 584 2420 propter
599 2376 719 2412 vicinas
737 2374 814 2410 ferri
827 2374 974 2421 fodinas,
997 2388 1067 2424 quae
1085 2378 1119 2411 in
1138 2388 1224 2411 tetrae
1244 2373 1411 2411 visceribus
1431 2376 1568 2411 multum
1587 2378 1700 2412 variati
1716 2372 1789 2424 pos-

1860 1009 1871 1065 ca..
1852 970 1869 980 ,Α
1852 893 1869 953 ⁴:⁴⁴.

1862 1385 1873 1410 *A
1868 1348 1872 1364 -
1852 1197 1872 1324 «⁴10L‘ssj.
1854 1099 1872 1179 *en-⁴
1854 1116 1855 1121 Α
1861 1080 1872 1095 ,-
