1878 2724
605 131 748 170 PARS
780 130 1027 171 TERTIA.
1441 135 1505 178 657·

91 181 222 216 >dentur
232 208 242 224 ,
255 191 320 216 non
331 188 429 216 venae.
464 180 511 217 Ex
521 193 587 229 quo
606 183 737 229 quidem
759 182 896 218 efficitur
912 182 1098 233 sanguinem
1107 194 1175 219 non
1185 185 1203 221 ὲ
1216 184 1306 220 venis
1317 186 1351 220 in
1365 187 1495 220 arterias

105 241 309 273 commeare,
326 229 377 264 sed
393 232 499 279 potius
510 243 550 265 ex
565 231 687 265 arteriis
701 233 734 266 in
752 243 850 265 venas
861 231 1033 280 profluere.

138 281 263 315 Verum
280 280 338 314 ista
357 278 437 316 fient
449 279 627 326 illustriora,
639 292 713 316 cum
725 279 765 315 de
776 283 964 318 arteriarum
977 282 1126 318 structura
1136 286 1170 320 &
1183 280 1270 333 pulsu
1284 282 1465 324 dixerimm.

610 377 854 417 CAPUT
918 383 993 420 lv.

463 477 518 510 De
538 476 733 512 arteriarum
749 476 908 524 struc‘lura
929 476 968 513 ὦ*
983 478 1090 528 ρκζίῐι.

201 576 260 612 Uo
274 574 430 624 sanguinis
445 584 553 608 motus
569 578 603 610 &
620 576 768 609 circuitus
779 573 894 609 melius
909 573 1124 623 intelligatur,
1136 585 1242 624 operae
1264 576 1404 624 pretium
1426 573 1496 608 fue-

109 577 244 674 Qrit
257 627 294 661 iis
306 636 378 671 quae
396 624 437 658 de
448 625 633 658 arteriarum
645 622 698 658 usu
714 628 747 660 &
758 622 880 658 fabrica
899 623 1032 658 striffim
1051 626 1216 673 attigimus
1227 652 1236 668 ‚
1256 624 1404 670 quaedam
1417 623 1497 657 scitu

99 672 204 721 digna
215 672 378 722 subjicere.
394 675 441 709 Ac
452 674 591 719 primum
602 673 732 720 quidem
748 684 781 707 ut
797 672 838 707 ab
859 675 1047 707 arteriarum
1066 672 1192 708 fabrica
1210 673 1371 708 ordiamur
1384 701 1394 715 ,
1412 671 1497 706 hanc

108 724 154 757 D.
175 722 302 765 Willis
320 723 353 757 in
370 722 471 771 priori
484 720 698 757 dissertatione
716 721 992 756 Pharmaceutices
1019 722 1184 757 rationalis
1215 733 1361 756 accurate
1379 719 1498 754 descri-

109 769 170 805 bit.
183 773 262 818 Qo
273 782 382 806 autem
395 781 508 805 omnes
518 781 617 805 aortae
629 773 740 805 tunicae
753 772 785 804 in
801 770 1007 818 conspectum
1017 772 1152 806 veniant
1165 799 1175 814 ‚
1192 782 1263 819 pars
1284 769 1368 804 illius
1387 768 1495 817 saepius

110 821 145 854 in
164 831 249 866 aqua
268 819 419 855 fervente
436 819 628 854 idemtidem
645 821 855 867 immergatur
876 847 886 862 ,
916 831 953 854 ut
976 817 1063 854 fibrae
1082 818 1162 854 fiant
1195 818 1407 860 tumidiores,
1426 829 1495 852 tum

108 867 250 915 scalpelli
263 881 326 916 ope
341 879 480 915 quatuor
492 867 691 902 membranae
706 879 762 901 aur
778 870 893 901 tunicae
909 880 976 902 non
996 880 1079 915 aegre
1096 867 1301 903 divellentur.
1315 868 1442 902 Extima
1453 877 1498 900 re-

110 918 182 952 nuis
200 917 247 950 est
261 944 270 958 ‚
287 922 320 953 &
336 928 374 951 ex
391 917 486 951 variis
500 927 671 950 nervorum
681 915 829 950 funiculis
844 927 1000 950 contexta
1010 945 1019 959 ,
1030 928 1064 950 ut
1076 918 1210 951 interior
1221 915 1304 950 illius
1315 913 1497 962 superficies

110 964 240 1000 densam
249 963 360 999 (ilvam
378 963 524 1000 vasorum
546 965 653 998 omnis
666 965 792 1012 generis
809 964 896 998 redte
918 964 1051 999 exhibet
1068 979 1076 1001 :
1092 977 1166 1000 nam
1180 963 1268 999 fibrae
1282 976 1412 999 nerveae
1425 975 1497 998 cum

110 1012 188 1050 vasis
202 1013 386 1062 sanguiseris
397 1014 490 1048 varie
511 1012 683 1058 permistae,
697 1023 796 1060 atque
809 1024 848 1047 ex
863 1014 900 1046 iis
919 1011 996 1048 vafis
1025 1014 1124 1049 exiles
1151 1012 1262 1048 surculi
1281 1014 1314 1046 in
1337 1010 1497 1059 subje&as

109 1061 315 1098 membranas
331 1071 534 1110 permanant.

150 1125 180 1147 2.
205 1113 300 1146 Hanc
316 1110 521 1145 retiformem
537 1110 678 1144 tunicam
700 1108 801 1144 altera
815 1111 937 1158 excipit
957 1110 1162 1159 glandulosa‚
1187 1122 1258 1158 quae
1272 1108 1372 1144 serum
1393 1107 1498 1157 super-

110 1158 211 1197 fluum
226 1158 268 1194 ab
282 1158 441 1194 arteriolis
458 1158 599 1205 excipit,
619 1157 800 1206 priusquam
815 1158 937 1206 sanguis
952 1162 984 1194 in
1003 1160 1134 1195 venulas
1145 1170 1274 1194 remeet
1304 1160 1356 1192 Sic
1367 1160 1399 1193 in
1416 1170 1498 1193 ven-

112 1208 227 1244 triculo
243 1208 446 1244 &intestinis
465 1208 574 1248 tunica
585 1209 719 1242 interior
731 1207 774 1242 est
784 1206 968 1255 glandulosa
985 1208 1093 1257 plexui
1107 1207 1253 1244 vasorum
1266 1206 1428 1242 retiformi
1441 1207 1495 1241 iti-

113 1258 190 1292 dem
203 1255 358 1304 subjeaa.

100 1331 104 1334 »
146 1308 259 1342 Tertia
269 1335 278 1349 ,
293 1317 397 1353 eaque
410 1306 565 1354 praecipua
577 1307 702 1339 arteriae
722 1302 914 1339 membrana
924 1317 1008 1353 pene
1021 1306 1064 1340 est
1076 1305 1248 1341 musculosa
1268 1317 1309 1340 ex
1333 1303 1422 1340 fibris
1440 1317 1498 1340 an-

113 1353 278 1393 nularibus
288 1366 439 1389 contexta
451 1369 459 1390 :
478 1366 584 1402 neque
596 1365 632 1388 ut
641 1355 675 1398 iii
686 1356 775 1388 venis
788 1353 956 1388 circulares
971 1354 1031 1389 illae
1043 1353 1129 1390 fibrae
1141 1367 1252 1390 tenues
1269 1354 1340 1389 sunt
1357 1359 1389 1390 &
1404 1366 1479 1388 rarae
1488 1382 1497 1396 ‚

116 1405 169 1440 sed
183 1404 254 1438 aliae
266 1404 339 1438 *aliis
356 1416 550 1452 aggeruntur
561 1433 570 1447 ‚
581 1401 750 1440 &densam
761 1399 908 1437 efficiunt
918 1402 1233 1449 membraiian1311ec
1249 1402 1412 1438 diffiniiles
1430 1401 1499 1437 sunt

116 1453 205 1490 fibris
217 1452 407 1488 morticibus
420 1453 588 1488 ventriculi
606 1457 639 1488 δε
658 1451 891 1486 intestinorum.
911 1454 967 1487 Eas
981 1456 1103 1502 quippe
1115 1455 1149 1488 in
1171 1453 1310 1489 eundem
1326 1451 1394 1487 fere
1410 1450 1499 1486 usum

117 1514 242 1552 aptatas
255 1500 315 1536 esse
326 1500 397 1536 satis
412 1501 455 1535 est
471 1500 652 1536 verisimile.

153 1551 318 1587 Existimat
328 1553 414 1585 enim
435 1550 557 1585 Author
570 1549 713 1584 laudatus
730 1550 862 1584 arterias
874 1550 906 1583 vi
919 1548 1059 1595 pulsifica
1076 1549 1135 1585 esse
1146 1551 1375 1599 praeditas‚quae
1388 1551 1420 1583 in
1433 1562 1502 1583 mo-

120 1612 155 1635 tu
166 1599 308 1647 quodam
318 1598 507 1646 peristaltico
519 1597 617 1646 posita
626 1598 680 1634 est.
695 1601 783 1634 Nam
795 1597 880 1633 fibra:
898 1598 960 1632 illae
973 1598 1137 1633 circulares
1151 1613 1218 1646 quae
1231 1600 1354 1633 arteriae
1368 1598 1502 1632 duit-um

118 1648 242 1695 ubique
256 1650 388 1695 cingunt
399 1677 407 1691 ‚
423 1660 488 1682 non
503 1646 610 1681 otiosae
623 1646 712 1690 sunt,
731 1646 781 1682 sed
802 1658 959 1696 perpetuo
976 1647 1122 1681 diastoles
1139 1654 1171 1684 δ(
1189 1647 1316 1697 systoles
1330 1659 1422 1681 motu
1439 1675 1448 1690 ,
1467 1656 1504 1680 ur

119 1710 175 1732 cor
187 1697 287 1744 ipsum
305 1702 339 1733 &
355 1698 465 1731 omnia
475 1709 558 1744 pene
578 1697 752 1744 praecordia
762 1696 934 1730 dilatantur
944 1701 977 1733 δε
997 1697 1348 1743 contrahuntur3idque
1361 1694 1501 1731 succe-ffi-

103 1769 109 1772 -
123 1757 163 1780 ve
179 1744 315 1780 efficitur
326 1774 334 1788 ,
349 1757 384 1779 ut
395 1746 433 1780 de
447 1746 602 1779 intestinis
614 1746 750 1779 diximus
763 1762 771 1787 ς
786 1757 845 1779 nec
856 1743 923 1778 solo
941 1746 1044 1779 cordis
1063 1757 1153 1780 motu
1162 1745 1317 1793 sanguinis
1335 1746 1504 1778 circuitum

122 1793 211 1829 effici
221 1793 390 1828 verisimile
404 1795 459 1836 est,
472 1793 523 1828 sed
537 1795 654 1828 arteria
669 1795 837 1828 commeta
848 1805 921 1828 eum
936 1793 956 1828 a
970 1806 1061 1841 tergo
1080 1806 1182 1842 urget,
1201 1799 1234 1831 &
1254 1805 1310 1841 per
1325 1793 1505 1841 angustiora

121 1855 261 1892 quaeque
279 1843 349 1877 loca
359 1855 431 1877 eum
441 1842 583 1890 prorsum
594 1841 743 1889 impellit.
757 1842 858 1890 Qod
866 1853 976 1877 autern
992 1842 1156 1889 aequabilis
1166 1843 1219 1877 ille
1231 1842 1386 1891 sanguinis
1397 1852 1505 1876 motus

114 1904 222 1940 >penes
239 1891 493 1927 diversosvanimi
504 1902 610 1926 motus
621 1890 697 1940 saepe
709 1889 929 1939 perturbetur,
942 1892 972 1925 id
983 1903 1021 1926 ea
1036 1894 1162 1927 ratione
1177 1890 1230 1934 fit,
1246 1890 1332 1937 quod
1344 1891 1506 1926 instinfflis

121 1941 163 1974 ad
181 1951 306 1975 motum
317 1952 373 1988 per
391 1938 487 1974 fibras
504 1952 660 1983 nerveas‘,
677 1952 749 1987 quae
765 1941 895 1975 arteriis
911 1941 1068 1989 stringunt
1080 1968 1087 1979 ,
1100 1941 1271 1976 deseratur.
1292 1940 1390 1975 Unde
1404 1941 1506 1974 inrer-

123 1989 202 2023 dum
215 1987 457 2022 arteriaefiibito
472 1988 647 2022 consti-ierat
665 1988 848 2035 sanguinem
867 1987 974 2024 sistunt
989 2017 998 2031 ‚
1018 1990 1178 2024 interdum
1200 1989 1427 2022 vehementius
1443 1990 1507 2021 im·

125 2037 251 2085 pellunt
263 2065 272 2078 ‚
289 2038 374 2070 urin
390 2036 512 2070 tristitia
531 2041 563 2071 &
580 2038 694 2069 timore
704 2035 827 2082 sanguis
836 2048 919 2084 :egre
929 2036 949 2072 ,ἦ
969 2037 1073 2071 cordis
1086 2035 1153 2072 sinu
1166 2040 1199 2073 in
1209 2037 1340 2071 arterias
1354 2035 1506 2085 propelli-

127 2097 178 2120 tur
194 2097 201 2119 :
215 2085 424 2132 hinc‘stagnat
434 2083 555 2131 sanguis
568 2089 602 2120 δε
611 2096 666 2117 cor
679 2086 843 2131 opprimit.
1027 2094 1045 2119 ‚⁸

166 2136 254 2168 Huic
270 2133 464 2168 membranae
472 2133 600 2180 reliqua:
610 2131 766 2168 serviunt:
782 2145 856 2168 nam
869 2144 983 2180 quarta
993 2138 1026 2169 δε
1037 2133 1152 2169 ultima
1162 2139 1265 2171 tenuis
1276 2136 1318 2170 est
1331 2147 1368 2169 ex
1382 2132 1506 2167 fibrinis

127 2185 159 2218 in
175 2184 296 2218 rectum
307 2184 461 2230 porrectis
479 2180 652 2229 composita
669 2196 676 2217 :
695 2194 730 2216 ac
745 2180 828 2217 sensu
842 2181 928 2217 forte
944 2182 1056 2230 aliquo
1072 2183 1115 2218 est
1132 2186 1261 2232 praedita
1275 2213 1286 2228 ,
1308 2195 1341 2218 ut
1356 2181 1507 2217 muscula-

127 2244 196 2266 rem
207 2234 347 2266 tunicam
360 2231 397 2264 ad
414 2242 541 2265 motum
557 2233 685 2265 excitet.

163 2282 294 2316 Arteriae
309 2282 446 2314 minores
459 2292 526 2325 quae
544 2281 690 2325 intimam
701 2280 810 2326 primae
828 2283 942 2316 tunicae
954 2291 1079 2328 partem
1103 2279 1270 2315 obducunt
1282 2309 1292 2324 ‚
1308 2280 1430 2314 succum
1449 2290 1509 2313 nu-

131 2332 254 2363 tritium
270 2334 301 2364 δ(
314 2328 446 2362 vitalem
460 2357 468 2371 ‚
487 2340 522 2362 ur
538 2329 570 2362 in
588 2327 658 2361 aliis
676 2331 817 2374 corporis
834 2329 973 2374 partibus
989 2329 1151 2363 advehunt
1167 2358 1175 2372 ‚
1191 2342 1287 2376 quem
1311 2342 1400 2362 venae
1426 2326 1510 2361 rese-

129 2377 299 2414 runt.Vasa
312 2376 487 2427 sanguifera
503 2378 521 2412 a
537 2375 626 2412 fibris
639 2378 828 2413 morticibus
841 2377 1100 2428 sejunguntur,ne
1115 2375 1236 2461 sangui?
1248 2377 1363 2461 claisfib
1371 2389 1419 2411 ras
1435 2388 1509 2425 pre-

1189 2428 1216 2462 ι.
1314 2428 1347 2474 iij
