1878 2724
554 133 625 167 DE
673 128 987 166 METEORIS.
1148 134 1159 152 ’ν’
1387 138 1438 171 31

77 181 173 228 -Qo
188 191 296 216 autem
306 180 406 216 modo
416 181 497 228 ignis
507 183 606 214 etiam
618 182 650 214 in
662 181 793 214 materia
804 177 966 226 sulphurea
984 175 1177 211 accendatur
1188 202 1198 216 ‚
1216 186 1283 209 non
1298 176 1344 210 est
1354 143 1437 211 ade40

65 233 220 278 explicatu
230 227 362 264 difficile
374 227 414 272 ‚si
427 230 459 263 id
478 230 718 263 meminerimus
730 255 741 270 ,
752 227 893 262 calorem
909 228 941 260 in
958 236 1050 260 motu
1062 223 1158 258 celeri
1171 251 1180 265 ‚
1200 227 1233 258 &
1250 224 1437 271 perturbato

64 279 200 326 partium
216 277 439 313 insensibilium
457 276 519 312 effe
542 276 700 326 politum:
727 288 825 322 quem
839 286 968 310 motum
983 272 1081 309 effisit
1100 269 1271 307 subtilioris
1295 277 1437 321 corporis

63 327 178 361 cuneta
186 329 379 374 permeantis
393 328 526 375 agitatio
542 354 552 369 ,
573 338 613 360 eo
632 338 697 372 quo
712 325 848 359 diximus
872 322 951 357 alibi
965 322 1076 357 modo.

48 406 56 414 ,
75 408 77 410 .
99 374 180 410 Illud
191 387 323 422 quoque
337 389 403 411 non
421 387 504 422 aegre
524 374 707 410 concessero
727 373 867 408 mediam
890 383 977 406 terrae
991 373 1157 419 regionem
1178 373 1243 419 jugi
1266 370 1341 405 aestu
1357 371 1440 406 adeo

61 422 190 460 fervere
199 451 209 467 ,
222 435 257 457 ut
270 426 326 470 qui
341 426 375 459 in
388 424 508 459 fodinis
524 425 717 471 Hungaricis
729 421 879 456 laborant
892 449 901 463 ‚
913 420 1008 455 velin
1019 420 1133 455 mediis
1144 422 1235 465 aquis
1251 420 1326 454 nudi
1338 420 1439 455 anhe-

61 471 129 507 lent
147 485 154 506 :
174 484 210 506 ac
226 471 298 506 satis
318 473 361 506 est
381 471 548 508 verisimile
569 474 710 506 calorem
729 469 850 505 illuma
866 466 1026 518 spiritibus
1042 467 1242 504 mineralium
1254 497 1263 510 ,
1284 467 1439 516 sulphuris

60 522 216 568 imprimis
231 532 286 555 aut
303 519 470 556 bituminis
480 549 490 564 ,
500 522 556 567 qui
566 521 598 555 in
609 521 651 557 iis¹
660 519 736 554 locis
748 521 956 553 continenter
968 516 1120 552 exhalant
1131 545 1140 559 ‚
1151 518 1286 551 omnino
1299 516 1442 563 proficis.

60 571 88 605 ci
102 581 192 605 :cum
209 571 241 603 in
257 566 375 604 summa
391 569 510 604 telluris
524 580 617 617 parte
636 567 826 616 plerumque
851 566 884 601 hi
898 565 1022 614 spiritus
1041 565 1070 600 se
1084 565 1233 613 prodant.
1261 567 1313 600 Sic
1337 578 1440 614 prope

60 617 238 665 Neapolim
255 617 400 665 spelunca
412 619 454 653 est
467 617 594 665 angusta
605 646 614 660 ‚
625 630 655 651 v.
671 626 782 665 grotta
802 615 855 649 del
871 627 946 649 cane
959 615 1043 650 dicta
1057 643 1067 658 ‚
1084 614 1173 661 quod
1187 616 1220 649 in
1243 625 1315 647 eam
1329 619 1439 661 conje-

62 667 105 702 &i
115 678 207 700 canes
219 668 308 700 omni
319 678 412 701 motu
424 672 457 702 &
472 664 558 700 sensu
575 669 764 714 priventur,
782 664 886 698 donec
904 665 1017 698 vicinae
1027 675 1115 711 aquae
1133 660 1269 697 immersi
1277 661 1363 709 quasi
1383 664 1450 711 spi<-

61 717 166 756 ritum,
178 719 211 751 δι
224 716 324 749 vitam
337 726 527 762 recuperent
540 729 548 749 :
562 727 635 749 cum
647 725 754 749 tamen
765 713 913 747 homines
925 711 1004 746 nihil
1016 713 1090 747 hinc
1100 712 1288 746 detrimenti
1301 713 1442 759 capiant:

61 763 149 810 quod
161 763 324 798 exhalatio
337 767 466 812 gravior
475 761 511 798 fit
525 775 623 810 quam
637 774 671 797 ut
690 761 806 797 sursum
818 760 968 795 ascendat
981 777 990 803 3
1002 759 1053 795 sed
1073 771 1190 794 terram
1217 760 1372 794 duntaxat
1394 760 1441 795 al-

61 810 186 848 lambit.
199 814 250 846 Sic
260 824 360 860 prope
375 814 465 846 Baias
476 823 605 847 antrum
618 811 725 846 visitur
739 823 777 845 ex
793 822 858 857 quo
876 809 990 843 halitus
1014 809 1097 843 adeo
1120 808 1264 843 fervidus
1283 811 1421 856 erumpit
1431 839 1440 853 ‚

60 871 95 895 ut
106 872 211 896 ceram
225 873 310 908 pene
324 860 521 908 liquefaciat.
535 862 633 896 Mons
646 860 778 907 quidam
792 859 835 893 est
851 861 884 893 in
903 859 1198 906 Campania,quem
1213 856 1373 892 Tritulum
1385 871 1442 892 vo-

61 920 136 944 cant
147 937 155 951 ‚
171 911 202 944 in
219 913 305 956 cujus
321 911 429 944 medio
443 909 588 957 spelunca
603 909 649 944 est
667 911 699 943 in
717 908 831 942 multas
845 905 943 941 divisa
962 918 1078 955 partes,
1095 918 1232 953 quaeque
1245 918 1354 940 aerem
1367 918 1442 942 con—

61 957 234 993 tinetadeo
262 957 422 993 fervidum
437 987 448 1002 ,
470 969 506 993 ut
527 970 585 1006 pro
612 958 771 992 sudatorio
789 955 962 1003 usurpetur.
992 958 1028 990 ln
1043 954 1186 990 Vesuvio
1216 954 1328 989 foveas
1348 966 1441 989 exca-

60 1017 142 1042 vant
154 1006 261 1040 eidem
269 1005 332 1040 usui
344 1007 521 1042 destinatas,
532 1009 586 1043 Ne
600 1006 679 1041 illud
691 1006 823 1053 quidem
833 1007 1018 1053 negaverim
1032 1006 1064 1038 in
1074 1001 1266 1051 quibusdam
1277 1002 1354 1038 locis
1368 1016 1440 1050 quae

60 1054 166 1089 multo
178 1053 342 1101 sulphure,
357 1061 390 1092 &
410 1055 569 1090 bitumine
591 1054 757 1089 abundant
771 1082 781 1096 ,
792 1058 898 1101 jugem
915 1055 1024 1100 ignem
1037 1054 1146 1086 ardere
1164 1050 1268 1098 poffe:
1284 1064 1356 1086 curn
1373 1052 1443 1087 suc-,

61 1114 115 1137 cus
135 1103 208 1136 huic
222 1102 338 1137 alendo
363 1116 432 1138 non
453 1102 531 1138 defit
546 1132 555 1146 ,
571 1108 603 1140 ὃ(
621 1105 654 1137 in
673 1104 836 1137 montium
851 1103 936 1136 cavis
948 1100 1321 1148 percolatione-quadam
1338 1113 1438 1148 gene-

61 1162 148 1186 retur
164 1164 171 1186 :
185 1162 323 1198 cumque
338 1164 452 1200 magna
469 1153 605 1187 materiae
618 1153 712 1199 copia
733 1150 822 1185 fimul
835 1150 1020 1184 accenditur
1035 1178 1045 1191 ‚
1059 1149 1138 1183 hine
1147 1147 1346 1183 flammarum
1371 1160 1439 1184 tor-

62 1209 167 1234 rentes
179 1211 357 1247 erumpunt.
371 1203 408 1235 Et
418 1201 547 1247 quidem
560 1199 673 1234 halitus
686 1197 870 1234 bituminosi
883 1225 891 1236 ,
904 1203 936 1234 &
949 1196 1197 1233 inflammabiles
1217 1208 1256 1230 ex
1274 1199 1365 1230 certis
1388 1197 1439 1232 lo-

61 1250 105 1282 cis
125 1249 327 1282 continenter
341 1260 534 1296 erumpunt:
554 1260 589 1282 ut
605 1251 637 1282 in
650 1247 706 1282 illo
726 1248 819 1282 fonte
834 1249 888 1294 qui
908 1244 1008 1279 tribus
1032 1245 1129 1280 leucis
1143 1245 1369 1292 Gratianopoli
1393 1247 1440 1280 di<

63 1296 140 1331 stat:
151 1307 224 1330 nam
241 1295 261 1330 fi
287 1296 340 1331 fax
357 1309 466 1331 recens
481 1297 624 1332 extin&a
642 1296 851 1330 admoveatur
862 1323 874 1339 ,
892 1295 998 1329 statim
1011 1295 1200 1330 accenditur.
1217 1294 1325 1340 Atque
1342 1306 1381 1329 ex
1398 1296 1436 1329 iis

61 1354 150 1379 terrae
158 1356 305 1382 motuum
317 1348 397 1382 ratio
415 1357 592 1394 utcumque
611 1347 678 1380 erui
689 1344 805 1394 potest.

586 1445 640 1477 De
653 1453 736 1477 terra
760 1452 902 1477 tremore.

97 1543 257 1586 Qaeritur
275 1544 383 1590 itaque
398 1549 428 1580 2⁰
436 1555 504 1589 quae
516 1541 603 1576 causa
616 1552 704 1575 terrae
714 1552 818 1576 motus
827 1549 984 1588 procreet.
1000 1540 1050 1574 An
1059 1539 1143 1585 quod
1158 1539 1271 1575 halitus
1282 1538 1413 1575 inclusus
1424 1566 1436 1580 ,

62 1595 97 1627 ἔ(
113 1592 218 1625 calore
232 1590 380 1625 dilatatus
391 1595 546 1636 majorem
560 1589 616 1624 suo
635 1592 737 1623 motui
749 1589 854 1623 locum
869 1589 988 1634 exigat,
1004 1593 1037 1623 &
1055 1588 1097 1621 sui
1108 1588 1184 1622 vasis
1197 1589 1295 1623 latera
1315 1599 1435 1621 concu-

64 1642 142 1674 tiat?
159 1643 219 1674 Vix
231 1649 341 1673 tamen
351 1640 540 1673 crediderim
554 1637 734 1679 conclusum
747 1650 854 1671 aerem
867 1647 970 1670 tantas
989 1636 1083 1670 edere
1105 1636 1220 1684 strages
1235 1637 1320 1684 poffe
1334 1647 1437 1681 quan-

61 1689 160 1721 tasjn
169 1686 356 1733 quibusdam
369 1699 457 1722 terrae
478 1687 617 1722 motibus
631 1689 829 1734 experimur:
843 1697 916 1718 Cum
939 1685 1098 1718 interdum
1118 1697 1245 1720 montes
1266 1683 1435 1726 subsidere,

60 1734 162 1769 valles
175 1734 328 1783 assurgere
337 1765 346 1779 ‚
360 1749 453 1770 novae
470 1736 574 1770 insulae
584 1747 747 1782 emergere
760 1735 937 1768 videantur.
954 1735 1065 1779 Qare
1079 1731 1200 1768 necesse
1212 1734 1254 1768 est
1263 1745 1298 1768 ut
1311 1733 1434 1781 spiritus

60 1782 116 1819 ille
128 1785 335 1828 accendatur,
349 1797 384 1819 ut
393 1787 426 1819 in
440 1785 502 1819 hoc
512 1796 584 1818 aere
596 1783 737 1818 fulmina
753 1785 840 1817 Hinc
851 1781 1004 1828 nusquam
1017 1780 1252 1827 frequentiores
1271 1781 1337 1816 sunt
1348 1792 1436 1815 terrae

62 1842 171 1866 motus
192 1845 289 1878 quam
315 1835 352 1867 in>
365 1833 441 1867 locis
465 1846 535 1880 quae
555 1831 722 1868 'montibus
738 1832 911 1880 ignivomis
935 1829 1003 1863 sunt
1015 1831 1236 1867 viciniora:ac
1257 1830 1333 1878 saepe
1353 1841 1437 1863 terra

61 1882 148 1927 prius
166 1882 404 1927 tremit,·quarn
417 1880 555 1916 flammai
570 1894 610 1916 ex
621 1883 657 1915 iis
677 1881 840 1914 montibus
858 1889 1036 1925 erumpant.
1051 1880 1138 1913 Hinc
1158 1891 1330 1927 puteorum
1344 1890 1435 1924 aqua:

63 1938 140 1962 ante
157 1927 319 1964 fremitum
336 1941 428 1964 terrae
449 1929 618 1977 sulphureo
630 1929 733 1965 halitu
747 1929 935 1977 plerumque
949 1925 1232 1974 inficiuntur,quod
1250 1927 1372 1976 spiritus
1387 1925 1437 1960 illi

64 1983 205 2010 motores
223 1976 379 2022 sulphurei
400 1977 457 2013 sint
467 2007 477 2021 ‚
492 1989 548 2012 aut
563 1976 756 2013 bituminofi.
966 1980 969 1983 ’

61 2043 66 2059 :
103 2025 223 2070 Neque
234 2024 318 2059 aliud
328 2025 395 2059 fere
406 2027 465 2069 est,
486 2038 520 2060 ut
539 2029 584 2060 ait
593 2026 711 2062 Plinius
725 2055 734 2070 ‚
752 2028 784 2061 in
803 2037 884 2061 terra
895 2036 1016 2060 tremor
1029 2053 1038 2067 ‚
1060 2036 1157 2071 quam
1177 2026 1210 2059 in
1234 2024 1320 2060 nube
1348 2027 1435 2058 toni„

62 2075 282 2109 :tuum-Nam
291 2074 324 2108 in
347 2085 438 2108 terrae
451 2075 582 2110 fremitu
598 2074 678 2110 solet

210 2168 271 2204 Sub
281 2169 413 2218 pedibus
429 2172 656 2218 mugiresblnm
669 2199 678 2210 ,
699 2172 737 2206 (ᾗ
750 2176 833 2221 juga
852 2174 929 2221 celfh
941 2176 1070 2208 moveri.

84 2271 173 2303 “Hoc
181 2270 292 2314 utique
307 2267 489 2302 confirmari
507 2268 611 2314 potest
623 2280 659 2302 ex
678 2279 765 2302 terrae
777 2279 867 2302 motu
888 2279 986 2314 quem
1000 2281 1029 2305 12
1041 2269 1125 2304 Maii
1143 2278 1228 2300 anno
1244 2267 1309 2299 1682
1324 2262 1399 2296 hora
1414 2262 1434 2297 a

50 2318 169 2351 -media
179 2319 275 2352 noCte
288 2316 419 2350 secunda
430 2319 566 2350 Lutetiae
584 2317 714 2362 quidem
732 2344 741 2358 ‚
768 2323 799 2352 ἃ
810 2319 841 2349 in
856 2319 1066 2362 circumjectis
1079 2313 1262 2362 regionibus
1277 2312 1435 2345 leviorem

64 2367 186 2412 experti
204 2365 303 2400 sumus
318 2382 327 2409 ·,
345 2364 396 2399 sed
411 2367 504 2400 certis
519 2368 552 2400 in
566 2365 643 2399 locis
662 2377 698 2399 ac
710 2363 906 2412 potiffimum
919 2367 951 2399 in
963 2377 1001 2399 ea
1017 2365 1097 2399 urbe
1112 2363 1149 2397 ad
1172 2359 1341 2395 Mosellam
1363 2358 1435 2403 sita,

1154 2413 1183 2444 V
1197 2423 1214 2444 u
1246 2411 1284 2454 iij
