1878 2724
4 176 6 185 r

35 169 84 212 ’ᾖ
100 171 191 221 pai-es
207 169 340 222 angulos
351 183 423 208 cum
441 173 593 222 oppositis
609 175 793 210 tendinibus
805 175 957 214 efficiunt.
1378 148 1429 181 μ’

87 225 196 268 Qare
205 221 263 256 ubi
278 221 430 258 musculus
442 224 642 258 contrahitur
652 254 661 268 ‚
675 225 897 261 &intumescit
907 254 916 269 ‚
927 237 995 261 tum
1014 225 1112 262 iidem
1124 240 1259 264 manent
1270 231 1428 276 tendines,

4 288 5 294 κ
47 283 151 319 neque
164 272 185 304 ii
204 269 286 306 fiunt
311 273 541 306 contractiores
556 289 565 316 3
587 272 673 307 fibrae
695 286 800 308 autem
816 287 934 309 carneae
946 274 966 309 ὲι
983 273 1165 311 seinvicem
1178 280 1279 326 magis
1291 280 1427 317 diduetae

2 335 5 354 ὲ
45 318 131 356 fiunt
146 322 321 368 apertiores
331 349 340 363 ‚
360 331 415 354 aut
429 320 564 356 laxiores
575 349 584 363 ‚
596 334 652 356 aut
666 324 770 357 minus
786 334 896 357 acutos
913 322 1044 371 angulos
1053 337 1126 359 cum
1137 338 1275 372 utroque
1294 330 1427 364 tendine

45 366 194 404 efficiunt.
213 370 304 403 Hinc
318 368 448 403 brevior
465 368 501 403 fir
514 369 670 404 musculus
684 383 777 406 :nam
787 370 874 405 fibrae
884 383 1007 406 carneae
1018 373 1362 423 parallelogrammum,
1374 377 1427 412 seu

45 417 297 464 quadrangulum
316 418 472 454 exhibent
484 447 492 461 ‚
514 423 601 466 cujus
618 419 753 467 oppositi
770 420 877 467 anguli
894 433 961 455 non
985 423 1029 455 ita
1045 421 1117 457 sunt
1138 425 1224 457 acuti
1238 453 1247 467 ‚
1265 425 1316 459 sed
1331 428 1426 461 rectis

43 465 167 514 angulis
180 465 250 501 sunt
267 470 402 514 priores.
421 469 467 502 Ac
478 467 564 502 forte
582 467 615 501 id
637 467 707 503 fieri
719 470 822 516 potest
837 471 916 503 citra
932 482 1024 504 novae
1047 474 1187 506 materiae
1204 472 1425 511 acceffionem:

2 530 4 560 3
42 515 123 549 adeo
141 526 175 549 ut
185 516 393 551 contrahatur
406 515 561 552 musculus
571 529 608 551 ex
623 516 687 551 sola
700 517 887 566 angulorum
899 521 1090 556 mutatione.
1111 522 1138 553 Is
1157 520 1310 557 fibrarum
1325 524 1428 570 paral-

2 570 5 603 }
40 562 178 598 lelismus
191 592 201 606 ‚
214 570 247 601 &
262 577 334 599 cum
344 576 480 613 utroque
495 565 625 600 tendine
637 569 796 601 connexio
814 567 949 615 intelligi
961 579 1136 615 utcumque
1156 571 1258 617 potest
1276 571 1427 619 exemplo

0 624 4 647 ,i
40 611 123 647 illius
141 613 338 649 instrumenti
356 619 421 662 jam
437 614 572 662 vulgaris
585 627 652 661 quo
677 614 779 650 solent
801 617 986 650 Geometrae
1000 616 1098 651 lineas
1113 618 1280 665 parallelas
1297 620 1427 662 ducere,

0 718 3 804 ε

0 830 2 852 Ι

41 672 98 696 aut
115 660 201 696 scalae
217 662 387 711 portatilis,
410 666 445 698 In
465 666 500 697 iis
514 666 635 712 quippe
653 663 751 699 latera
765 663 887 713 semper
905 665 1019 700 eadem
1037 677 1170 702 manent
1186 695 1196 711 ,
1213 666 1289 703 licet
1314 668 1426 717 anguli

25 746 29 750 Α
40 709 142 746 modo
153 709 212 746 sint
219 714 397 760 apertiores
406 742 414 756 ‚
428 713 526 747 modo
538 714 705 747 acutiores.

85 759 247 794 Masculus
263 772 371 796 tamen
386 774 425 796 ex
446 761 515 796 solis
535 760 623 796 fibris
642 764 763 796 carneis
777 775 842 798 non
861 763 998 799 constat:
1016 763 1083 799 sunt
1095 767 1182 800 enim
1193 765 1262 800 aliae
1275 778 1359 814 pene
1374 770 1424 803 in-

22 808 253 844 -numerabiles
264 838 274 853 ‚
290 815 325 847 &
335 809 565 846 membrano&
578 839 587 854 ,
597 824 668 858 quae
679 824 808 848 carneas
818 811 1016 847 transversim
1026 811 1140 857 secant,
1150 813 1208 848 sibi
1224 816 1338 850 itidem
1350 829 1423 851 mu-

39 867 98 891 tuo
113 857 272 905 parallelae
290 888 300 902 ‚
320 872 456 906 quaeque
473 872 565 907 pares
585 859 717 907 angulos
741 873 812 894 cum
827 871 964 908 utroque
983 861 1116 896 tendine
1133 861 1291 899 efficiunt.
1311 867 1374 899 Sed
1389 871 1423 902 δε

37 904 125 941 fibrae
138 920 250 941 omnes
262 906 452 943 membrana
461 908 601 955 quadam
614 920 649 942 ut
661 910 828 943 communi
838 910 1006 944 involucro
1023 920 1183 958 teguntur.
1202 913 1328 947 Arteria
1337 924 1422 960 quo-

37 966 102 1001 que
113 983 123 998 ‚
135 968 217 991 vena
230 962 282 999 ,&
299 968 414 992 nervus
428 957 538 991 medio
554 956 682 991 musculi
697 959 805 992 ventri
819 959 863 991 ita
879 957 1074 1002 inseruntur,
1091 971 1125 994 ur
1145 963 1331 995 arteriarum
1348 974 1422 1008 pro-

36 1005 169 1051 pagines
187 1017 245 1052 per
259 1007 399 1041 carnium
413 1006 585 1040 interstitia
596 1005 716 1052 ubique
743 1005 947 1053 spargantur,
961 1019 1075 1043 nervus
1099 1020 1207 1044 autem
1230 1012 1423 1045 minutiores

37 1062 164 1088 tantum
181 1054 317 1089 surculos
331 1057 414 1088 circa
422 1054 565 1090 medium
579 1053 710 1089 musculi
725 1067 870 1089 ventrem
880 1058 1018 1092 emittat.

72 1101 241 1137 Masculus
252 1101 444 1151 compositus
471 1103 510 1138 ad
531 1103 700 1137 validiores
718 1114 823 1137 motus
840 1104 860 1142 ὰ
884 1116 995 1138 natura
1012 1116 1234 1152 comparatus,
1250 1106 1422 1155 multiplici

0 1184 1 1187 ,
34 1161 150 1184 ventre
163 1151 322 1185 instruitur
337 1165 344 1185 :
361 1151 506 1186 tendines
523 1163 653 1198 quoque
671 1150 772 1186 habet
790 1163 856 1188 tum
875 1164 1035 1194 exterum,
1047 1164 1115 1187 tum
1133 1155 1348 1190 intermedios.
1366 1158 1421 1190 Sic

0 1193 1 1219 ³
32 1209 170 1246 uterque
183 1199 282 1234 tendo
297 1199 402 1234 fimilis
420 1201 461 1234 est
479 1199 545 1234 funi
563 1199 698 1235 craffiori
715 1202 772 1246 qui
785 1201 921 1248 ponderi
938 1200 1267 1250 attollendoilligatus
1279 1205 1331 1246 ,in
1345 1203 1419 1251 plu-

35 1259 85 1282 res
100 1247 192 1282 funes
210 1261 285 1284 mox
296 1247 446 1283 divisus-<²1
459 1248 566 1283 multis
580 1247 766 1284 hominibus
784 1250 927 1285 trahitur.
956 1252 1043 1285 Tum
1064 1252 1153 1285 enim
1168 1251 1253 1285 funis
1273 1264 1347 1286 cum
1362 1265 1421 1301 ap-

0 1310 1 1343 j
35 1295 137 1355 penso
153 1299 294 1345 poniere
313 1298 480 1333 rendinem
493 1310 565 1331 cum
580 1309 672 1345 parte
684 1298 845 1332 movenda
858 1301 1024 1345 exprimit.
1039 1299 1102 1332 Sed
1115 1311 1237 1334 carneae
1249 1299 1335 1334 fibrae
1344 1301 1419 1337 dum

36 1358 59 1380 a
71 1343 253 1382 seinvicem
273 1347 446 1389 recedunt,
464 1351 498 1383 &
516 1346 649 1394 angulos
673 1357 819 1389 mutant,
840 1351 887 1381 uti
903 1348 1051 1382 homines
1070 1347 1182 1382 funem
1201 1348 1337 1383 divisum
1351 1361 1420 1384 tra-

35 1393 154 1429 hentes
169 1424 179 1438 ‚
198 1394 280 1430 fiunt
302 1394 468 1429 breviores
486 1423 495 1439 ,
516 1400 550 1434 &
567 1395 692 1443 pondus
721 1395 876 1434 attollunt
895 1397 999 1434 :adeo
1015 1408 1049 1432 ut
1070 1395 1222 1437 fibrarum
1240 1400 1419 1434 contractio

37 1442 168 1478 musculi
184 1456 309 1479 motum
330 1443 459 1479 efficiat.

75 1493 139 1526 Sed
148 1495 253 1541 gravis
266 1493 367 1527 adhuc
381 1521 390 1534 ‚
409 1498 443 1528 δε
457 1491 563 1527 nescio
578 1505 617 1529 an
630 1492 803 1541 aliquando
816 1494 1017 1541 dijudicanda
1034 1506 1145 1531 manet
1160 1495 1287 1542 quaestio
1297 1525 1305 1539 ,
1322 1508 1361 1531 an
1379 1495 1418 1531 fi-

36 1538 104 1574 brae
116 1553 234 1576 carnea:
244 1554 314 1589 quae
325 1541 489 1575 breviores
506 1542 646 1576 evadunt
657 1570 666 1584 ‚
681 1543 839 1590 cujusdam
859 1540 1037 1578 substantiae
1056 1542 1176 1578 accessu
1197 1543 1276 1579 fiant
1291 1543 1418 1580 craffio-

36 1599 86 1622 res
101 1604 108 1625 :
123 1591 167 1624 ita
180 1602 214 1624 ut
231 1592 411 1625 contra-stus
423 1589 574 1624 musculus
586 1601 707 1638 turgeat
720 1619 727 1631 ‚
744 1596 778 1627 &
789 1592 916 1638 plenior
931 1591 967 1626 fit
984 1605 1084 1639 quam
1100 1591 1155 1626 ubi
1171 1593 1337 1627 relaxatur.
1366 1596 1418 1628 An

35 1641 144 1685 potius
160 1638 245 1673 fibrae
259 1651 379 1673 carneae
391 1638 453 1673 sola
465 1638 655 1687 angulorum
672 1639 881 1687 ampliatione
899 1640 917 1676 ἐι
935 1640 965 1675 se
980 1642 1119 1675 invicem
1137 1641 1323 1676 recedentes
1337 1641 1419 1677 cras-

36 1684 150 1721 siorem
161 1687 333 1722 musculum
346 1717 354 1730 ,
366 1693 399 1724 &
415 1687 600 1722 breviorem
616 1686 765 1722 efficiant·
792 1691 865 1724 Hac
876 1690 915 1723 de
929 1702 962 1723 re
974 1689 1054 1727 nihil
1067 1690 1220 1724 audemus
1236 1690 1417 1727 decernere.

37 1737 138 1771 Dost,
153 1737 275 1769 Vvillis
289 1739 429 1784 priorem
444 1748 549 1770 tuetur
559 1735 761 1780 sententiam,
775 1750 872 1784 quam
883 1740 978 1772 variis
998 1740 1222 1785 experimentis
1236 1738 1416 1775 confirmat.

87 1793 116 1820 1³
150 1785 185 1818 [d
205 1785 325 1820 constat
345 1798 383 1820 ex
405 1783 588 1820 diffeciione
604 1787 751 1820 vivorum
773 1786 963 1820 animalium
978 1816 987 1830 ‚
1001 1785 1095 1821 fibras
1119 1799 1248 1820 carneas
1268 1788 1418 1834 cujusque

38 1833 170 1869 musculi
188 1863 198 1877 ,
216 1845 271 1867 aur
287 1833 327 1867 ab
351 1835 417 1867 aliis
436 1833 591 1882 separatas
603 1863 612 1876 ,
627 1846 679 1868 aut
698 1837 880 1882 conjunctas
895 1864 904 1878 ‚
919 1847 988 1870 tum
1019 1834 1163 1869 contrahi
1183 1864 1191 1878 ‚
1211 1841 1245 1872 δε
1275 1836 1416 1870 duriores

38 1881 122 1916 effici
140 1911 149 1925 ‚
170 1895 240 1916 cum
269 1882 424 1918 musculus
452 1883 517 1931 ipse
535 1883 743 1918 contrahitur.
784 1886 836 1918 Sic
855 1886 888 1919 in
910 1883 999 1919 fibris
1021 1883 1272 1931 diaphragmatis
1295 1888 1306 1928 (
1325 1885 1417 1930 quod

38 1929 158 1966 scilicet
180 1933 322 1978 corporis
338 1944 493 1978 ,truncum
520 1930 669 1965 bifariam
688 1930 793 1974 secat)
816 1945 890 1967 cum
912 1932 953 1967 ab
972 1932 1041 1967 aliis
1069 1931 1167 1967 essent
1199 1931 1303 1967 divis-:e
1330 1939 1364 1970 ὃ(
1385 1935 1417 1968 in

39 1979 149 2014 medio
176 1979 293 2027 ligatae,
309 1982 487 2014 contrafflo
499 1979 592 2014 faeta
612 1980 654 2014 est
678 1993 770 2016 more
787 1980 890 2018 solito.
911 1981 974 2016 Sed
986 1980 1043 2016 ubi
1058 1980 1189 2028 ligatura
1204 1984 1257 2015 uni
1270 1993 1417 2016 extremo

39 2029 174 2076 propior
188 2028 274 2062 faeta
300 2028 345 2062 est
360 2056 369 2071 ,
387 2027 468 2061 ultra
484 2028 651 2074 ligaturam
670 2029 774 2063 versus
796 2030 938 2064 medium
956 2029 1039 2064 nulla
1059 2030 1101 2063 est
1125 2029 1210 2063 fasta
1225 2033 1417 2065 contractio.

41 2077 142 2124 Qod
152 2087 256 2111 motus
268 2105 277 2119 ‚
290 2088 344 2110 aut
361 2078 588 2113 commestionis
609 2078 800 2124 principium
809 2077 848 2111 ab
863 2089 998 2125 utroque
1017 2078 1148 2112 tendine
1161 2077 1264 2112 versus
1275 2080 1418 2113 medium

39 2124 168 2160 musculi
181 2125 359 2167 ducatur,&
377 2126 408 2158 in
423 2136 570 2158 ventrem
584 2128 751 2172 propagari
767 2125 874 2168 soleat,
888 2139 944 2175 per
958 2126 1081 2174 spiritus
1094 2125 1212 2161 scilicet
1225 2125 1265 2160 ab
1281 2137 1418 2172 utroque

42 2174 174 2208 tendine
189 2172 329 2210 diffusos.
342 2175 430 2207 Hinc
446 2172 532 2207 fibris
545 2172 670 2207 resectis
683 2174 786 2208 versus
798 2173 932 2209 alterum
944 2176 1111 2210 tendinem
1127 2203 1136 2216 ‚
1150 2188 1188 2209 ex
1203 2187 1238 2208 ea
1250 2186 1339 2221 parte
1352 2175 1414 2207 sta-

41 2224 99 2256 tim
110 2221 295 2257 flaccescunt
308 2253 317 2265 ,
330 2224 406 2257 dum
417 2223 595 2256 contrafflo
606 2223 635 2255 in
648 2234 737 2267 parte
749 2222 848 2257 altera
860 2252 869 2264 ,
881 2223 938 2257 ubi
951 2224 1071 2258 tendini
1083 2223 1231 2265 adhaeret,
1240 2224 1295 2256 diu
1308 2225 1414 2256 conti-

42 2281 164 2306 nuatur.
184 2273 291 2318 Atque
309 2273 382 2306 hinc
393 2271 496 2318 liquet
516 2270 770 2305 contrastionem
794 2271 920 2306 musculi
945 2271 1126 2318 nonffieri‚
1144 2284 1215 2305 cum
1240 2270 1309 2304 finis
1335 2271 1416 2304 illius

42 2319 83 2351 ad
100 2331 193 2366 caput
205 2322 386 2362 adducitur,
401 2331 437 2354 ut
455 2319 591 2363 vulgaris
605 2321 715 2366 opinio
727 2319 879 2355 hactenus
891 2320 1058 2354 obtinuit:
1076 2319 1127 2352 sed
1146 2331 1218 2352 cum
1238 2318 1327 2353 fibra:
1351 2331 1418 2352 car-

41 2379 108 2403 neae
120 2369 202 2404 circa
219 2381 366 2406 ventrem
379 2367 601 2412 intumescunt,
616 2366 803 2404 tendinibus
818 2370 925 2417 quoad
944 2367 1192 2417 longiftudinemg
1203 2372 1237 2404 ὃ(
1250 2366 1418 2406 craffiriem
