1878 2724
421 175 634 227 pusculi5‚quae
647 177 680 210 in
693 172 819 222 plumbi
830 171 1026 222 ?upetficiem
1037 176 1105 210 vim
1119 174 1204 210 suam
1215 172 1716 224 exernnuitacl.Boy.1iusloc0’ci
1722 187 1806 217 tami

455 230 494 262 Et
502 227 634 274 quidem
652 228 714 269 jam
727 221 888 258 ostensum
907 223 929 260 ὲ,
945 224 1042 259 nobis
1061 224 1145 267 fuit,
1168 223 1315 259 colorum
1338 224 1739 274 mutationesplerumque
1759 239 1803 266 ex

420 274 524 310 salinis
540 272 718 320 liquoribus
737 273 835 308 oriri:
852 285 929 309 nam
950 271 1027 308 sales
1055 275 1088 309 in
1105 273 1142 308 ser
1161 275 1303 308 invicem
1323 278 1356 309 &
1386 276 1420 308 in
1435 273 1498 308 alia
1523 285 1655 322 corpora
1683 277 1802 314 fortius

418 334 520 372 agunt
535 351 546 366 ,
568 328 601 359 ὅ(
615 323 754 370 partium
774 332 933 358 tsxtutam
958 324 1058 372 magis
1080 321 1280 372 perturbant.
1305 323 1416 370 Qate
1438 335 1504 358 non
1522 323 1600 358 illud
1621 324 1802 363 inficiamur

417 374 497 418 quin
510 383 625 420 magna
639 369 674 405 fit
686 373 732 406 vis
745 373 826 405 aeris
836 399 849 416 ,
873 384 910 408 ut
921 372 1061 407 aliorum
1079 372 1314 407 elementorum
1344 376 1375 408 in
1400 370 1561 407 coloribus
1578 376 1779 421 procreandis
1794 389 1804 414 ε

416 419 468 455 sed
484 432 591 456 tamen
609 422 632 453 ii
643 432 681 454 ex
692 422 830 468 partium
842 419 945 470 figura
957 427 992 458 &
1010 433 1180 465 contextu,
1191 433 1326 456 necnon
1341 433 1386 456 ex·
1406 421 1533 456 luminis
1551 420 1748 467 reflexione,
1765 436 1801 461 ut

416 470 577 505 candor&
595 474 628 506 &
646 470 782 518 nigredo
794 485 804 515 3
815 470 1090 515 autrefrafflorie,
1101 483 1138 505 ut
1146 471 1259 518 reliqui
1271 469 1341 505 fere
1359 469 1483 505 colores
1503 474 1642 506 maxima
1655 484 1693 507 ex
1707 485 1801 521 parte

414 519 569 566 pendent.
590 519 691 566 Qod
704 517 915 555 fiMetcurins
934 519 1009 556 vase
1021 519 1187 555 conclusus
1222 521 1321 567 longa
1338 520 1517 569 digestione
1527 522 1560 554 in
1577 518 1706 556 rubrum
1728 521 1801 558 abit

414 567 582 615 pulverem
596 596 605 611 ,
620 580 692 603 eam
707 567 823 603 colon's
833 571 1049 605 mutationem
1059 583 1124 605 non
1140 569 1227 605 aliud
1249 566 1353 603 efficit
1373 568 1427 604 nili
1442 571 1581 617 partium
1596 570 1696 613 ordo,
1717 569 1800 620 figu-

413 628 446 650 ra
458 645 467 659 ‚
483 617 674 665 magnitudo
684 646 694 660 ,
709 628 783 664 quae
794 619 875 667 ignis
891 618 998 653 calore
1011 629 1262 655 commutantur.
1280 620 1332 653 Sic
1343 617 1401 652 ubi
1424 615 1696 667 soliitio·aeruginis
1712 619 1801 668 spiri*

414 676 462 699 tus
475 665 544 700 salis
552 664 704 702 affufione
717 667 854 702 viridem
865 667 1010 702 colorem
1022 670 1142 703 amittit
1153 696 1162 712 ,
1176 679 1275 715 quem
1286 667 1413 714 aliquot
1424 679 1521 716 guttae
1539 666 1608 702 salis
1624 673 1732 703 tartari
1745 681 1800 704 re.

415 714 569 758 stituunt;
592 726 648 749 aut
667 717 754 763 cupri
767 715 915 752 limatura
932 716 1041 766 spiriru
1059 719 1153 752 utinae
1171 716 1270 751 soluta
1282 745 1292 760 ,
1318 721 1351 752 δ(
1368 717 1502 752 caetuleo
1525 715 1634 750 colore
1652 716 1797 763 imbuta,

411 762 475 797 olei
486 763 608 798 vitrioli
620 762 772 799 affufione
786 779 919 801 omnem
932 765 1077 801 colorem
1093 768 1193 811 exuit,
1206 779 1273 802 non
1286 764 1372 800 aliud
1391 765 1441 802 hic
1452 768 1589 801 occurrit
1597 778 1695 814 quam
1712 765 1796 817 figu-

411 823 449 846 rae
460 817 492 848 &
502 824 671 849 contextus
688 816 826 861 partium
844 817 993 851 mutatio.

459 862 547 895 Cum
561 861 628 896 haec
638 864 724 910 typis
738 864 966 899 mandarentur
976 893 986 907 ,
997 861 1079 899 mifit
1088 864 1128 898 ad
1140 877 1199 900 nos
1216 877 1277 912 pro
1300 864 1351 899 sua
1365 863 1564 899 humanitate
1578 866 1626 899 vir
1639 863 1796 902 nobiliffi-

410 922 478 944 mus
492 912 540 947 D.
551 910 653 958 Boyle
663 912 964 959 experimentorum
975 911 1104 961 phyfico
1118 914 1381 947 mechanicorum
1395 915 1673 947 continuationem
1686 912 1795 950 secun.

409 960 484 993 dam
495 988 504 1001 ,
522 957 577 992 ubi
594 971 705 1007 praetet
717 971 850 1003 caetera,
864 973 934 1008 quae
945 963 1027 995 circa
1038 961 1280 1008 respirationem
1300 960 1485 996 animalium
1500 963 1533 995 in
1552 961 1700 996 machina
1710 990 1720 1005 ,
1735 975 1791 997 ae.

409 1019 476 1041 rem
488 1007 649 1042 faetitium
659 1013 693 1045 &
703 1008 915 1056 compreffum
929 1008 1167 1058 peringeniosus
1181 1008 1370 1047 &eruditus
1390 1013 1432 1045 D.
1447 1012 1547 1057 Papin
1566 1012 1792 1057 experimenta

408 1056 599 1099 fecit‚unum
609 1057 862 1093 item&alterum
876 1060 958 1092 circa
967 1058 1092 1092 colores
1101 1071 1168 1093 non
1182 1058 1438 1106 praetereundum
1450 1059 1790 1095 commemorat.Phia-

407 1104 472 1139 lam
485 1104 593 1152 spiritu
608 1104 675 1139 salis
691 1107 920 1143 Armeniaci&
939 1106 1086 1141 limatura
1105 1109 1195 1155 cupri
1218 1106 1429 1155 semiplenam
1444 1107 1599 1142 exhausto
1622 1109 1791 1155 recipienti

404 1153 568 1201 imposuit,
582 1156 668 1189 intra
681 1167 716 1200 15
740 1157 864 1190 minuta
877 1155 1049 1191 caeruleum
1067 1155 1212 1190 colorem
1226 1183 1237 1198 ,
1263 1155 1316 1190 sed
1338 1155 1474 1190 dilutum
1489 1156 1664 1190 admodum
1685 1157 1737 1191 hic
1749 1157 1792 1192 li-

403 1215 488 1249 quor
506 1204 675 1239 contraxit.
694 1202 836 1240 Admilso
851 1217 925 1239 aere
936 1207 1030 1240 trium
1050 1207 1245 1240 minutorum
1269 1203 1371 1252 spatio
1387 1204 1537 1239 caeruleus
1556 1204 1646 1238 color
1664 1207 1792 1241 vividus

403 1257 437 1288 &
450 1250 561 1286 densus
580 1255 736 1300 apparuit.
755 1254 1022 1300 Liquoreiterum
1040 1256 1071 1289 in
1090 1266 1194 1289 vacuo
1213 1253 1373 1288 collocato
1387 1282 1395 1296 ,
1414 1254 1481 1301 post
1495 1253 1625 1300 longum
1642 1265 1788 1302 tempus,

404 1300 515 1335 mense
525 1303 676 1336 nimirum
690 1302 806 1336 exasto
817 1301 905 1336 color
917 1303 1066 1337 caeruleus
1084 1305 1214 1337 evanuit
1227 1319 1235 1347 3
1248 1301 1299 1336 sed
1314 1301 1445 1337 admiss'o
1463 1314 1535 1336 aere
1557 1303 1660 1336 statim
1670 1305 1767 1339 rediit
1779 1320 1790 1342 :

403 1352 471 1385 imo
494 1362 567 1385 cum
589 1349 693 1398 liquor
708 1350 816 1400 phiala
832 1352 1033 1387 concluditur
1050 1381 1060 1396 ‚
1075 1351 1247 1387 caeruleum
1264 1351 1411 1386 colorem
1435 1353 1522 1386 exuit
1544 1350 1662 1386 reclusa
1677 1353 1786 1401 phiala

405 1399 596 1435 rediturum.

435 1449 481 1482 Ex
493 1447 608 1495 quibus
626 1448 728 1496 liquet
743 1449 880 1488 multum
897 1450 1045 1485 conferre
1058 1462 1166 1485 aerem
1182 1450 1221 1485 ad
1239 1448 1387 1484 colorum
1401 1451 1667 1496 procreationem
1679 1452 1786 1498 Qod

402 1498 502 1531 etiam
515 1498 556 1531 de
572 1510 645 1532 aere
658 1497 786 1534 faotitio
795 1528 804 1543 ‚
819 1499 1002 1546 quiscilicet
1024 1502 1057 1534 in
1069 1498 1258 1548 corporibus
1281 1500 1312 1533 in
1325 1498 1471 1532 exhausto
1486 1500 1664 1546 recipiente
1676 1499 1786 1548 politis

399 1548 541 1594 gignitur
553 1575 562 1589 ,
578 1545 783 1582 observatum
797 1549 869 1584 fuit.
878 1550 967 1585 Nam
979 1561 1033 1584 aer
1045 1561 1084 1584 ex
1095 1548 1189 1584 maffa
1201 1548 1359 1583 farinacea
1374 1549 1499 1595 genitus
1510 1547 1585 1582 huic
1598 1547 1716 1597 liquori
1726 1562 1784 1585 cae-

401 1596 525 1630 ruleum
541 1595 684 1631 colorem
704 1597 809 1632 statim
822 1598 968 1633 reddidit.

449 1645 568 1679 Eadem
581 1644 624 1678 est
636 1647 681 1678 vis
700 1648 780 1680 aeris
791 1649 823 1681 in
839 1645 958 1682 lumine
974 1645 1192 1695 procreando:
1211 1657 1287 1680 nam
1301 1644 1500 1692 Asellopisce
1513 1647 1546 1681 in
1561 1648 1662 1680 varias
1677 1658 1784 1694 partes

399 1692 487 1727 secto
497 1722 505 1736 ‚
519 1705 587 1739 quae
597 1696 629 1728 in
643 1694 798 1730 distineris
808 1696 958 1744 excipulis
969 1693 1074 1744 positae
1085 1694 1155 1729 sunt
1167 1722 1175 1736 ,
1193 1706 1231 1728 ea
1249 1707 1318 1743 pars
1329 1707 1398 1741 quae
1413 1693 1518 1729 libero
1534 1697 1598 1728 aeri
1615 1695 1662 1729 est
1679 1708 1783 1746 expo..

399 1741 464 1784 fita,
478 1744 576 1776 tertio
585 1742 636 1776 die
650 1744 786 1779 radiavit
801 1761 810 1788 ·‚
824 1747 933 1791 quaein
945 1757 1045 1779 vacuo
1060 1744 1129 1778 sunt
1143 1741 1247 1789 pofitae
1262 1772 1271 1787 ‚
1287 1743 1411 1778 nullum
1425 1743 1535 1778 lumen
1552 1743 1734 1781 emiserunt.

434 1792 519 1838 Opp.
540 1798 581 1827 2⁰.
608 1792 640 1825 Id
652 1794 787 1828 minime
799 1793 972 1842 probabile
989 1793 1094 1828 videri
1110 1821 1119 1835 ‚
1134 1791 1257 1827 flavum
1270 1821 1278 1835 ‚
1292 1791 1422 1827 rubrum
1447 1797 1480 1828 δε
1499 1791 1666 1827 caeruleum
1687 1793 1780 1828 colo·

397 1852 466 1874 rem
481 1852 520 1874 ex
535 1839 663 1874 luminis
683 1840 788 1887 aliqua
803 1842 995 1877 refractione
1016 1843 1106 1876 duci:
1121 1854 1194 1875 cum
1214 1841 1366 1875 refraffio
1381 1839 1449 1874 fieri
1470 1854 1534 1874 non
1552 1840 1649 1886 poffit
1661 1841 1716 1876 nisi
1729 1842 1779 1876 lu-

397 1900 472 1921 men
483 1887 577 1933 paulo
591 1888 683 1921 altius
695 1888 806 1923 subeat
816 1917 826 1932 ,
839 1895 872 1925 &
883 1903 1018 1937 corpora
1035 1901 1105 1935 quae
1116 1890 1148 1922 id
1163 1887 1390 1936 fi·angunt‚fint
1402 1887 1510 1936 aliqua
1524 1888 1636 1923 saltem
1652 1901 1692 1925 ex
1703 1903 1779 1939 pat-

398 1948 429 1971 te
442 1934 606 1983 perspicua
623 1949 631 1971 :
652 1937 739 1982 quod
757 1938 797 1970 de
812 1937 950 1971 metallis
968 1938 1031 1971 dici
1047 1950 1112 1971 non
1127 1937 1239 1985 potest.

443 1984 528 2031 Resp.
546 1983 685 2018 Metalla
697 1989 730 2021 δε
746 1984 866 2033 lapides
886 1998 950 2021 non
966 1985 1124 2033 pellucere
1136 2015 1144 2030 ‚
1159 1984 1179 2020 fi
1196 1998 1269 2021 curn
1293 1988 1377 2021 vitro
1394 1986 1622 2023 conferantur:
1641 1986 1692 2022 sed
1709 2001 1776 2024 non

396 2034 514 2068 idcirco
526 2044 563 2065 ea
576 2036 663 2067 omni
679 2033 901 2081 perspicuitate
918 2047 1037 2071 carent.
1058 2036 1145 2069 Hinc
1165 2036 1182 2072 ὲ
1198 2035 1335 2070 metallis
1353 2048 1426 2071 cum
1445 2037 1531 2069 vitro
1553 2039 1683 2071 Veneto
1703 2037 1774 2072 fufis

395 2081 474 2118 fiunt
488 2094 626 2130 gemmae
637 2082 769 2117 faeiitiae
779 2113 788 2126 ‚
803 2089 836 2120 &
849 2084 998 2118 nonnihil
1012 2083 1191 2131 perspicuae.
1205 2086 1311 2133 Nigro
1322 2085 1427 2132 lapide
1437 2088 1482 2119 uti
1497 2086 1663 2128 Vin-arios,
1675 2097 1776 2131 quem

395 2128 594 2177 Magnesiam
616 2143 753 2171 vocant,
768 2137 835 2179 jam
849 2132 926 2166 alibi
941 2134 1088 2168 diximm⁸
1113 2135 1178 2168 Hic
1197 2136 1316 2168 vitrum
1329 2134 1412 2167 adeo
1425 2146 1490 2168 non
1511 2132 1610 2168 inficit
1623 2163 1631 2176 ‚
1644 2147 1677 2168 nt
1697 2147 1774 2181 apta

393 2173 605 2227 proportione
622 2180 767 2215 admistus
779 2183 896 2216 vitrum
910 2184 1011 2228 magis
1033 2181 1230 2228 perspicuum
1242 2212 1251 2224 ,
1273 2188 1306 2219 δε
1325 2182 1344 2218 ὲ
1363 2180 1473 2217 nativo
1490 2182 1598 2216 colore
1619 2181 1773 2217 subviridi

393 2240 603 2276 expurgatum
623 2227 765 2265 efficiat:
781 2230 866 2265 unde
884 2243 921 2264 ex
933 2230 1073 2264 metallis
1098 2230 1178 2267 fiimt
1194 2231 1281 2265 velut
1296 2231 1436 2280 crystalli
1456 2231 1622 2278 quaedam,
1650 2243 1703 2265 aut
1722 2234 1770 2265 vi-

393 2277 506 2319 triola,
546 2289 614 2323 quat
641 2280 731 2313 omni
765 2279 990 2327 perspicuitate
1027 2293 1092 2314 non
1117 2292 1234 2315 carent.
1266 2282 1445 2328 Argentum
1473 2281 1533 2314 rite
1559 2291 1771 2327 expurgatum

392 2325 520 2359 vixullo
541 2327 650 2362 colore
670 2340 789 2374 aquam
817 2329 937 2364 fortem
952 2331 1054 2376 tingit.
1098 2331 1170 2365 Nec
1207 2331 1388 2364 Mercurius
1425 2330 1460 2363 in
1486 2340 1565 2374 aqua
1603 2329 1680 2363 forti
1714 2341 1772 2362 cx-

391 2373 526 2418 solutus,
561 2376 642 2412 illius
679 2376 943 2429 perspicuitatem
970 2378 1166 2427 interpellat.
1210 2377 1303 2425 Qiid
1335 2379 1465 2427 opacius
1497 2377 1583 2412 calce
1618 2375 1772 2424 plumbi,
