1878 2724
420 150 482 184 274
807 169 811 174 ,
950 129 977 165 1⁵
1001 128 1036 164 H
1051 128 1082 165 Y
1101 126 1123 164 S
1142 129 1205 164 tc
1223 130 1264 164 A!

419 179 606 234 exemplum
618 191 694 216 rotae
708 181 741 215 in
752 176 936 227 exemplum
946 176 1084 214 afferunt
1098 207 1109 221 ,
1127 190 1175 212 res
1186 178 1230 212 est
1242 176 1377 213 omnino
1388 176 1432 213 est
1446 174 1599 214 diffimilis
1614 191 1621 216 :
1639 190 1717 216 nam
1741 183 1815 216 mo:

420 246 489 270 tum
499 246 586 268 terrae
595 227 797 265 circumfusus
810 240 865 262 aer
880 233 913 265 &
930 239 1067 276 corpora
1085 239 1178 262 terrae
1192 225 1338 275 impofita
1348 239 1386 262 ex
1402 241 1495 275 aequo
1514 230 1718 277 participant,

456 283 519 318 Sed
537 282 647 329 gravia
662 306 671 321 ,
686 279 840 326 inquiunt
850 305 861 321 ,
878 277 919 312 ad
934 275 1198 326 perpendiculum
1208 277 1478 312 non'reciderent.

452 327 650 380 Respondent
665 327 887 376 Copernicani
899 337 1027 362 motum
1040 327 1186 376 gravium
1208 324 1393 360 absolutum
1408 323 1468 361 effe
1482 327 1697 363 curvilineum
1707 357 1716 372 ,
1730 338 1813 366 tam-

418 375 811 425 etfimotusrespefflvus,
826 388 927 424 quem
937 374 1039 410 solum
1052 373 1300 424 percipinius‚fit
1315 373 1550 411 rectilineusmt
1571 375 1683 426 sagitta
1701 378 1812 426 epede

401 466 403 468 .
418 428 500 475 mali
512 431 546 466 in
563 428 637 464 navi
653 439 771 476 magna
784 425 956 461 celeritate
973 423 1089 460 sursum
1102 425 1177 460 adsta
1193 426 1232 460 ad
1249 425 1369 473 pedem
1380 424 1458 459 mali
1475 424 1767 474 relabitur,qu1que
1779 429 1813 463 in

416 476 688 524 navi-vehuntur,
700 488 774 512 eum
783 485 911 511 motum
925 475 1227 523 perpendicularem
1238 472 1299 510 effe
1310 474 1507 510 decernunt:
1526 474 1601 510 licet
1613 477 1635 508 ii
1656 477 1714 522 qui
1732 476 1814 511 stant

415 526 594 573 inlinere,
613 525 704 560 aliter
713 525 901 573 dijudicent.
921 526 1032 571 Atque
1045 523 1130 559 hanc
1143 523 1381 563 similitudinem
1412 536 1480 558 non
1505 525 1746 572 praetervolant.
1775 527 1814 560 In

416 579 493 614 navi
507 606 517 621 ,
531 577 701 623 inquiunt,
715 586 783 611 tam
798 573 896 612 facile
905 572 1011 609 versus
1029 585 1176 621 proram,
1194 574 1293 622 quam
1314 570 1421 608 versus
1436 585 1572 621 puppim
1590 572 1812 609 ambulamus:

415 626 495 662 licet
508 628 533 660 is
544 628 601 673 qui
612 624 717 661 versus
728 625 866 673 puppim
879 622 1082 672 progreditur
1094 650 1104 664 ,
1118 627 1218 672 majus
1237 622 1373 671 spatium
1388 623 1422 656 in
1433 634 1525 668 aquae
1534 622 1632 670 plano
1647 622 1811 663 conficiatt

414 673 468 712 sed
484 687 590 711 motus
602 673 847 715 relativusidem
860 674 997 709 omnino
1007 672 1104 715 est5ac
1113 671 1209 720 pisces
1222 672 1256 705 in
1268 670 1356 718 pelvi
1369 669 1462 718 positi
1475 683 1507 704 m
1518 683 1630 706 omncs
1642 683 1747 718 partes
1758 684 1814 707 ea-

414 724 491 760 dem
509 724 666 761 facilitate
682 734 797 760 natant
812 739 822 766 ;
837 734 897 757 nec
912 720 1119 758 bombardile
1135 720 1263 768 longius
1281 717 1384 753 versus
1401 721 1535 766 puppim
1550 749 1560 764 ,
1584 719 1684 768 quam
1707 720 1813 756 versus

416 786 547 823 proram
563 771 701 822 globum
711 773 845 808 emittit.
857 773 911 807 Sic
923 770 1000 805 licet
1016 781 1098 805 tetra
1108 771 1210 805 citato
1223 766 1311 803 cursu
1321 766 1363 804 ab
1375 767 1487 803 occasu
1506 770 1541 803 in
1559 780 1666 804 ortum
1680 782 1813 817 promo-

415 833 529 858 veatur
539 852 549 867 ‚
560 821 774 859 nihilominus
786 822 904 856 eadem
917 819 1041 869 prorsus
1055 818 1205 854 accidunt
1217 846 1226 860 ,
1246 829 1283 851 ac
1304 814 1325 850 fi
1342 817 1479 850 immota
1493 816 1677 853 consisteret
1701 832 1708 855 :
1738 831 1813 855 nam

406 868 522 921 'gravia
532 872 648 908 cadere
665 870 817 907 videntur
838 870 879 905 ad
903 866 1169 918 perpendiculum
1184 883 1192 908 ;
1205 868 1237 902 in
1255 877 1388 900 omnem
1407 876 1532 913 partem
1552 865 1656 902 libere
1670 872 1703 904 &
1720 880 1812 916 aequa

413 921 571 958 facilitate
586 919 788 956 ambulamus
807 937 817 963 3
836 930 898 954 nec
917 929 1023 953 motus
1044 928 1135 951 terrae
1153 915 1206 949 vel
1225 912 1374 950 inceffiim
1388 914 1577 950 animalium
1595 945 1604 960 ‚
1631 916 1685 952 vel
1702 919 1812 953 avium

413 970 563 1007 volatum
577 972 756 1017 quicquam
773 969 893 1004 morari
906 966 1026 1017 potest:
1048 964 1138 1014 quod
1156 965 1336 998 communis
1349 973 1457 999 motus
1479 965 1681 1012 imprimatur
1700 977 1812 1011 terrae,

413 1022 479 1056 aeri
491 1049 502 1065 ,
519 1024 555 1057 δι
564 1017 721 1055 omnibus
735 1030 804 1066 quae
817 1029 903 1052 terra
918 1022 953 1054 δε
967 1027 1042 1051 aete
1054 1016 1271 1050 continentur.
1670 1041 1673 1044 .

443 1069 509 1104 Sed
520 1097 531 1112 ,
548 1069 664 1104 instant
678 1096 689 1111 ,
699 1068 755 1102 vix
767 1064 925 1101 credibile
939 1065 985 1104 est
992 1077 1064 1099 aera
1078 1062 1178 1112 ipsum
1192 1064 1310 1098 eodem
1319 1075 1391 1097 curn
1402 1073 1483 1097 terra
1494 1074 1586 1098 motu
1597 1062 1719 1112 abripi:
1733 1077 1810 1100 nam

414 1117 501 1154 illius
514 1129 621 1166 partes
639 1117 716 1152 sunt
731 1115 818 1151 male
834 1117 919 1151 inter
928 1113 959 1149 se
974 1113 1092 1161 colliga
1100 1124 1136 1147 tae
1150 1140 1159 1155 ‚
1173 1125 1210 1146 ac
1224 1124 1352 1147 motum
1370 1110 1554 1146 reluctantis
1572 1114 1654 1146 aeris
1668 1125 1733 1147 non
1752 1111 1810 1147 sub

415 1178 579 1214 aequatore
589 1165 690 1202 modo
705 1193 716 1209 ,
733 1163 790 1200 ubi
807 1175 915 1200 motus
926 1175 1018 1199 terrae
1027 1163 1071 1201 est
1079 1160 1337 1198 concitatiffimus
1348 1190 1359 1205 ‚
1381 1159 1434 1195 sed
1449 1162 1549 1196 etiam
1569 1163 1603 1196 in
1619 1160 1686 1196 aliis
1703 1164 1812 1211 regio-

414 1215 511 1253 nibus
525 1215 626 1250 nullus
646 1227 713 1250 non
725 1215 923 1261 perciperet.

428 1279 429 1282 ¹
452 1262 650 1312 Respondent
666 1261 903 1310 Copernicani,
917 1272 972 1296 aut
990 1261 1096 1309 potius
1114 1258 1291 1295 Cartesiani
1304 1287 1314 1302 ‚
1334 1258 1433 1294 solem
1455 1261 1538 1293 circa
1553 1259 1642 1294 sunm
1663 1269 1809 1295 centrum

410 1313 530 1360 ,agitari
544 1340 554 1354 ‚
568 1322 667 1357 atque
680 1309 740 1345 hoc
751 1320 842 1346 motu
854 1309 1026 1358 expansum
1039 1311 1073 1343 in
1085 1309 1208 1344 mundo
1226 1308 1406 1356 planetatio
1418 1308 1537 1343 aethera
1550 1308 1728 1357 impellere,
1742 1320 1806 1354 quo

416 1364 542 1408 agitato
556 1370 639 1394 terra
650 1364 682 1396 &
695 1360 802 1393 caeteri
816 1357 1134 1406 planetae‚tanquam
1147 1370 1246 1393 naves
1263 1359 1293 1392 in
1306 1357 1416 1392 medio
1429 1359 1506 1391 mari
1517 1360 1642 1392 cientur
1656 1386 1667 1400 ,
1683 1355 1725 1391 eo
1743 1367 1810 1390 tar-

417 1408 488 1444 dius
501 1437 511 1453 ,
526 1406 592 1457 quo
604 1406 729 1457 longius
740 1410 760 1443 a
773 1419 885 1443 centro
899 1408 1029 1443 distant.
1043 1407 1105 1446 Sed
1116 1409 1245 1441 interim
1257 1408 1291 1440 in
1309 1406 1372 1440 hoc
1387 1418 1506 1454 magno
1516 1409 1640 1442 vortice
1657 1405 1731 1442 sunt
1753 1404 1809 1440 alii

415 1461 559 1495 minores
576 1487 584 1500 ,
596 1459 629 1492 in
640 1456 757 1505 quibus
774 1455 885 1505 finguli
899 1455 1036 1502 planetae
1047 1458 1128 1490 circa
1144 1454 1233 1491 suum
1249 1466 1396 1490 centrum
1404 1466 1520 1503 gyrant
1530 1484 1541 1498 ,
1554 1461 1587 1493 δε
1601 1457 1743 1490 minores
1755 1455 1807 1489 in-

417 1508 543 1544 terdum
554 1506 699 1555 planetas
710 1505 816 1541 secum
835 1504 999 1552 abripiunt
1029 1507 1079 1539 Sic
1089 1504 1163 1539 luna
1173 1506 1257 1538 circa
1272 1504 1393 1538 telluris
1404 1502 1540 1552 globum
1554 1505 1673 1552 3J0vis
1691 1508 1725 1539 &
1749 1505 1808 1537 Sa-

416 1558 503 1592 turni
512 1554 662 1590 satellites
674 1556 879 1603 circajovem
889 1559 923 1591 &
935 1556 1106 1601 Saturnum
1116 1564 1269 1602 aguntur,
1286 1550 1327 1587 eo
1342 1550 1476 1587 celerit'n
1486 1551 1553 1599 quo
1567 1553 1705 1601 planetae
1718 1553 1806 1599 prin..

417 1607 505 1653 cipi,
521 1606 592 1653 jovi
604 1606 757 1639 nimirum
770 1633 779 1647 ‚
791 1614 845 1639 aut
855 1605 993 1639 Saturno
1007 1601 1077 1638 sunt
1094 1604 1270 1650 propiores,
1291 1603 1404 1636 Motus
1426 1599 1506 1636 vero
1522 1613 1610 1637 terrae
1629 1603 1710 1636 inter
1722 1603 1808 1636 Tro-

418 1656 508 1703 picos
521 1665 685 1701 utcunque
695 1655 867 1702 percipitur
881 1669 891 1697 ;
905 1652 1173 1700 quandoquidem
1185 1654 1216 1686 in
1232 1663 1268 1686 ea
1281 1652 1414 1698 regione
1426 1662 1599 1698 perennem
1614 1661 1750 1686 ventum
1764 1647 1804 1683 ab

418 1714 491 1737 ortu
513 1705 545 1738 in
562 1701 706 1738 occasum
730 1701 864 1750 perflare
886 1702 1111 1749 experiuntur,
1135 1702 1190 1747 qui
1211 1702 1243 1734 in
1262 1699 1363 1733 lndias
1379 1702 1530 1747 navigare
1559 1699 1673 1734 solent.
1711 1699 1806 1745 Qin

419 1753 519 1785 etiam
529 1748 662 1797 idipsum
673 1751 762 1796 quod
773 1762 875 1797 nuper
887 1749 928 1783 ab
940 1751 975 1782 iis
987 1750 1040 1794 qui
1059 1750 1090 1783 in
1109 1760 1213 1795 partes
1224 1759 1315 1782 terrae
1331 1747 1480 1781 australes
1497 1748 1577 1794 jussu
1599 1745 1803 1783 Christianis-

417 1798 486 1834 finni
499 1801 599 1847 Regis
615 1797 696 1834 rniffi
708 1798 778 1833 sunt
791 1826 800 1841 ,
817 1809 853 1832 nt
867 1798 1104 1831 Astronornicas
1114 1793 1356 1829 observationes
1371 1797 1403 1828 in
1417 1794 1607 1839 quibusdam
1631 1796 1709 1829 locis
1730 1807 1805 1842 per-

417 1847 627 1897 agerent,fuit
636 1846 1001 1887 observatfi,tardiorern
1012 1842 1071 1879 effe
1085 1843 1266 1893 pendulorsi
1280 1843 1373 1877 morsi
1384 1844 1511 1878 inZona
1522 1844 1694 1886 torrida,ex
1711 1855 1802 1878 terrae

420 1909 512 1931 motu
530 1899 562 1931 in
575 1898 613 1930 iis
624 1896 702 1930 locis
715 1895 933 1938 velociore‚ut
941 1894 1086 1942 plerique
1102 1891 1396 1926 arbitrantur.Cum
1410 1895 1497 1926 enim
1515 1895 1548 1926 in
1559 1893 1605 1926 his
1617 1891 1804 1938 regionibus

418 1944 594 1992 pendulum
603 1959 615 1989 3
625 1945 756 1992 pedum,
771 1951 804 1981 δε
815 1945 892 1978 ouo
909 1943 976 1978 fere
986 1943 1162 1989 digitorum
1182 1940 1400 1975 vibrationem
1410 1953 1506 1975 unam
1519 1942 1599 1976 intra
1615 1943 1704 1975 unius
1716 1940 1802 1975 horae

418 1995 578 2028 minutum
600 1993 773 2028 secundum
796 1991 914 2027 efficiat
929 2022 938 2035 ‚
956 1991 1009 2026 sub
1027 1995 1118 2026 Zona
1132 1990 1249 2024 torrida
1268 1988 1324 2023 ubi
1345 2000 1435 2023 terrae
1450 2001 1556 2024 motus
1581 1990 1724 2024 velocior
1749 1990 1803 2033 est,

417 2040 539 2075 tardius
552 2042 704 2077 decidunt
713 2044 824 2089 gravia
835 2068 846 2084 ,
859 2039 991 2088 penduli
1002 2040 1086 2073 adeo
1102 2051 1207 2073 motus
1225 2039 1401 2073 retardatur
1420 2055 1428 2081 3
1446 2049 1542 2085 atque
1553 2050 1589 2073 ut
1603 2036 1802 2073 vibrationes

402 2088 660 2126 2fintis0chr0nae
673 2102 746 2124 curn
759 2088 906 2138 pendulis
923 2089 1048 2132 nostris,
1067 2101 1105 2123 ea
1119 2087 1178 2124 snit
1187 2087 1242 2122 sub
1253 2098 1417 2135 aequatore
1426 2087 1552 2133 aliquot
1564 2087 1654 2121 lineis
1668 2085 1802 2120 brevio-

417 2151 453 2172 ra
462 2136 583 2174 necesse
596 2139 646 2175 est.
664 2139 764 2185 quue
780 2137 951 2173 confirmat
967 2137 1209 2172 observationes
1220 2136 1300 2172 olim
1314 2136 1415 2172 faetas
1430 2136 1448 2171 ἐι
1467 2139 1510 2171 D.
1527 2135 1637 2168 Richer
1656 2136 1686 2168 in
1703 2133 1800 2168 insula

419 2199 452 2222 v.
470 2188 503 2221 la
517 2190 664 2227 Cavenne
683 2188 782 2225 clieta.
805 2187 905 2238 Qd
921 2198 1028 2221 tamen
1040 2198 1075 2221 ut
1091 2186 1171 2222 mihi
1186 2186 1338 2230 videtur,
1357 2184 1507 2234 exphcari
1517 2186 1616 2218 etiam
1638 2183 1741 2231 potest
1759 2193 1798 2216 ex

417 2239 500 2271 acris
518 2235 674 2272 celeriore
687 2249 781 2273 motu
792 2236 833 2272 ab
853 2248 926 2271 ortu
938 2238 971 2272 in
983 2235 1137 2272 occasum.
