1878 2724
442 145 792 182 TRACTATUS
827 144 1136 181 SECUNDUS.
1429 162 1475 184 ιη

108 198 196 246 Opp.
209 208 232 232 1.
245 195 373 245 Corpus
390 207 506 244 grave,
525 208 561 231 ut
579 195 752 244 plumbum
770 197 875 230 minus
889 196 921 229 in
936 205 1020 241 aqua
1032 194 1206 242 ponderat,
1229 206 1328 241 quam
1344 197 1376 228 in
1387 207 1475 232 aere:

76 247 159 281 adeo
171 258 207 281 ut
218 257 302 292 aqua
317 246 546 281 duodecimam
563 246 714 294 ponderis
734 257 860 294 partem
876 242 1015 293 plumbo
1034 243 1192 278 detrahat.
1218 246 1271 278 Sic
1288 256 1390 291 cupro
1407 259 1471 281 no-

75 308 152 332 nam
162 294 233 329 fere
245 307 370 342 partem
386 296 536 342 ponderis
557 296 702 342 decerpit
718 307 811 330 :cum
822 305 931 328 autem
948 305 1062 341 corpus
1082 292 1222 340 ejusdem
1236 294 1278 327 est
1302 306 1374 328 cum
1386 306 1472 341 aqua

76 344 229 393 ponderis
244 373 252 386 ,
263 355 331 379 tum
350 344 441 380 nullo
454 346 553 379 modo
565 345 726 393 ponderat
738 357 840 394 :ergo
850 355 934 390 aqua
949 340 1015 390 ipsa
1031 344 1063 377 in
1083 341 1138 376 suo
1153 342 1227 377 loco
1238 341 1361 378 nullam
1372 342 1475 379 habet

75 404 339 442 grav1tationem.

125 443 213 491 Resp.
225 443 259 476 id
276 443 391 491 vulgus
403 441 672 491 Philosophorum
684 439 834 477 fefellisse
847 470 856 485 ,
871 441 962 490 quod
978 443 1174 490 gravitatem
1185 438 1365 475 absolutam
1379 440 1400 476 ὲ
1411 441 1473 477 res-

76 493 206 540 pectiva
220 505 288 527 non
300 493 514 527 distinxerint.
541 495 655 538 ltaque
666 490 837 538 plumbum
853 493 885 525 in
902 503 987 537 aqua
997 491 1223 525 duodecimam
1237 488 1294 524 suae
1303 493 1470 538 gravitatis

77 539 222 575 relativae
234 552 362 588 partem
377 544 498 576 amittit
515 557 523 583 3
542 540 622 575 nihil
635 542 664 574 ei
675 540 714 574 de
734 538 878 574 absoluta
892 539 1029 574 decedit.
1049 543 1124 575 Duo
1136 539 1280 586 pondera
1290 540 1425 586 :equalia
1439 544 1472 576 in

78 589 209 624 bilance
229 589 328 636 posita
357 590 478 625 nullam
497 588 599 624 habet
616 591 812 637 gravitatem
836 587 1051 636 respectivam
1067 602 1074 623 :
1091 600 1190 622 unum
1200 591 1322 637 quippe
1333 588 1471 626 alterum

78 647 146 674 non
158 638 302 674 attollit:
316 638 411 674 sedin
432 641 468 672 iis
480 649 592 673 manet
608 637 755 673 absoluta
771 640 924 686 gravitas.

125 688 210 736 Opp.
228 703 250 723 z
276 690 434 724 Urinator
450 686 673 723 incumbentis
682 700 773 735 aquae
788 688 913 735 pondus
924 699 989 722 non
1004 685 1100 722 sentit
1114 687 1187 721 :Sic
1198 698 1297 733 quam
1316 687 1472 723 facillime

78 734 201 772 fitulam
212 747 297 784 aqua
319 736 450 785 plenam
468 738 500 771 in
514 748 614 786 puteo
635 736 703 785 ipso
725 737 786 772 huc
803 736 880 771 illuc
904 738 1063 784 agitamus
1078 765 1087 780 ,
1106 748 1204 783 quam
1225 748 1317 771 extra
1338 748 1472 786 puteum
1500 734 1504 738 ⁹

78 786 133 820 vix
151 785 304 820 attollere
322 785 481 834 possumus
497 800 506 822 ε
520 797 598 834 ergo
608 799 690 834 aqua
709 789 740 821 in
757 787 890 835 proprio
906 786 980 821 loco
994 798 1062 820 non
1081 787 1232 834 gravitat.

116 834 202 883 Resp.
225 835 345 870 idcirco
356 838 555 871 minatorem
565 835 786 872 incumbentis
798 849 887 883 aquae
896 836 1042 883 pondere
1054 848 1122 870 non
1134 838 1261 883 gravari
1274 863 1282 877 ,
1304 838 1381 883 quia
1395 850 1472 873 ean-

79 884 155 918 dem
165 883 267 919 habet
279 897 352 920 cum
367 897 451 932 aqua
460 914 470 928 ,
479 897 580 932 quam
590 896 745 933 occupat,
761 887 956 934 gravitatem
968 914 977 928 ‚
992 890 1025 921 ὃ(
1036 883 1242 932 aequabiliter
1261 888 1417 933 premitur
1429 887 1471 922 ab

78 945 213 981 aqua,ut
224 933 264 968 de
272 945 346 968 aere
363 932 555 969 circumfuso
567 933 645 968 alias
655 935 802 971 diximus.
829 937 939 982 Atque
960 935 1076 969 eadem
1089 934 1137 968 est
1150 936 1234 968 ratio
1260 933 1356 969 situlae
1371 949 1472 983 quam

78 983 169 1018 nullo
182 985 316 1032 negotio
326 985 359 1018 in
372 995 474 1032 puteo
487 1011 497 1026 ‚
514 985 582 1018 imo
593 985 625 1018 in
645 997 769 1033 cuppa,
781 996 838 1020 aut
857 983 948 1018 dolio
964 983 1027 1018 huc
1048 983 1122 1018 illuc
1139 983 1349 1031 impellimus,
1370 986 1473 1033 Qod

78 1033 212 1078 quidem
226 1031 346 1081 probat
360 1032 481 1069 nullam
505 1031 567 1068 esse
584 1036 778 1082 gravitatem
792 1033 1004 1083 respectivam
1024 1045 1114 1081 aquae
1125 1035 1158 1067 in
1173 1036 1308 1081 proprio
1318 1033 1475 1079 loco,imo

79 1086 114 1117 δε
133 1093 223 1117 extra
243 1084 409 1130 proprium
424 1082 542 1118 locum.
569 1085 662 1119 Nam
676 1095 713 1118 ut
725 1085 885 1126 diximus,
898 1083 987 1117 idem
999 1085 1113 1118 evenit
1126 1081 1245 1118 invase
1260 1111 1269 1125 ‚
1287 1095 1340 1118 aur
1360 1086 1393 1120 in
1411 1085 1473 1119 do-

81 1129 126 1164 lio
141 1159 150 1174 ,
162 1131 251 1178 quod
269 1132 303 1165 in
315 1133 416 1166 mari:
439 1130 490 1165 sed
509 1143 620 1166 manet
634 1144 745 1168 tamen
765 1132 855 1180 ipfius
870 1144 960 1179 :iquae
970 1131 1114 1166 absoluta
1132 1134 1273 1180 gravitas
1285 1161 1294 1175 ,
1313 1145 1376 1180 qua
1402 1133 1475 1169 fun-

82 1179 160 1214 dum
180 1178 257 1215 vasis
269 1209 279 1223 ‚
293 1192 349 1215 aut
365 1191 481 1215 terram
496 1178 595 1228 ipsam
612 1184 753 1229 premit,
776 1184 878 1230 idque
892 1193 937 1216 eo
953 1183 1055 1229 magis
1076 1193 1141 1228 quo
1166 1180 1213 1215 est
1234 1180 1339 1215 altior.
1374 1184 1474 1219 Unde

80 1230 223 1264 urinator
236 1231 290 1264 vix
305 1229 347 1263 ad
357 1231 460 1264 imum
468 1231 563 1263 maris
573 1232 676 1277 potest
685 1232 877 1266 descendere
894 1244 905 1266 ε·
928 1231 1014 1277 quod
1029 1229 1071 1263 ab
1087 1229 1243 1264 inferiore
1257 1242 1342 1277 aqua
1359 1231 1474 1267 sursum

81 1277 265 1326 repellatur.
286 1279 399 1325 Atque
412 1278 488 1313 hinc
504 1278 605 1312 multa
618 1282 700 1315 circa
711 1283 966 1329 gravitationem
984 1280 1066 1312 aeris
1081 1278 1234 1326 explicari
1249 1277 1376 1326 poffunt
1389 1282 1475 1329 phae-

83 1338 224 1363 nomena
236 1356 245 1370 ,
260 1339 333 1374 quae
346 1326 528 1362 summatim
538 1329 735 1378 attingemus
746 1359 756 1373 ,
769 1329 828 1365 ubi
847 1328 888 1363 de
903 1329 1002 1364 variis
1015 1326 1162 1363 motibus
1176 1330 1233 1375 qui
1251 1333 1342 1365 vacui
1361 1331 1474 1367 horro-

83 1378 108 1410 ri
127 1375 225 1415 tribui
242 1375 347 1413 solent
368 1405 379 1422 ‚
393 1375 591 1414 differemus,

545 1478 576 1513 C
601 1477 629 1513 Α
655 1479 679 1512 Ρ
705 1478 738 1513 U
765 1479 796 1513 T
855 1477 988 1512 VIII.

292 1575 348 1609 Dn
359 1576 462 1610 variis
485 1566 639 1621 effeffibus
654 1576 710 1620 qui
726 1576 761 1610 in
778 1577 876 1609 vacui
889 1585 1008 1609 motum
1032 1574 1144 1620 referri
1160 1577 1276 1622 sblent.

91 1672 272 1755 LOcum
285 1675 374 1708 omni
392 1672 579 1707 destitutum
593 1683 729 1719 corpote
748 1682 885 1706 vacuum
900 1670 1102 1722 appellamus
1116 1686 1123 1708 z
1141 1672 1215 1708 hinc
1233 1672 1396 1721 utriusque
1412 1685 1481 1710 tum

163 1720 239 1764 loci,
254 1733 323 1756 tum
336 1723 430 1756 vacui
449 1723 679 1756 tractationem
702 1719 891 1769 Philosophi
924 1720 1023 1769 vulgo
1043 1725 1252 1770 conjungunt.
1283 1724 1347 1757 Sed
1364 1722 1406 1757 ab
1425 1736 1483 1758 eo-

88 1781 158 1804 rum
174 1768 331 1806 sententia
345 1771 496 1805 recedere
516 1772 661 1818 cogimur
677 1771 975 1818 experimentorum
1001 1770 1168 1805 evidentia
1188 1769 1330 1818 persuasi.
1356 1774 1482 1808 Haere..

88 1831 148 1854 nus
167 1821 254 1853 enim
271 1819 350 1854 illud
370 1819 458 1854 velut
468 1821 662 1868 principium
677 1820 710 1854 in
732 1817 856 1854 Scholis
874 1817 1019 1856 obtinuit
1032 1827 1049 1862 ‚‘
1062 1819 1142 1855 nihil
1164 1833 1253 1868 aeque
1276 1833 1422 1857 naturam
1441 1835 1478 1857 ac

88 1880 226 1902 vacuum
243 1868 466 1916 horrere.Qo
476 1868 555 1903 illud
568 1867 798 1916 effiigiat,nihil
807 1881 879 1904 eam
890 1881 957 1905 non
969 1868 1075 1905 moliri
1088 1885 1097 1912 3
1110 1869 1194 1904 levia
1205 1869 1482 1919 deorsum,gravia

91 1916 205 1951 sursum
214 1918 483 1967 protruderejam
499 1928 605 1952 utrum
618 1919 729 1953 divina
744 1916 988 1963 saltemgvirtute
1007 1930 1142 1954 vacuum
1154 1917 1224 1954 fieri
1235 1918 1486 1967 poffit‚multum

92 1967 176 1999 inter
186 1965 215 1999 se
234 1966 452 2014 digladiantur
468 1981 475 2002 :
491 1965 639 2015 plerique
650 1978 760 2002 tamen
770 1967 801 2001 id
814 1979 933 2016 negate
945 1981 1013 2004 non
1026 1967 1155 2003 audent.
1186 1967 1348 2004 Cartesius
1357 1999 1367 2013 ,
1379 1974 1411 2006 δε
1424 1972 1482 2017 qui

93 2024 168 2047 eum
183 2012 353 2061 sequuntur
364 2044 374 2058 ‚
385 2017 419 2050 id
429 2017 565 2051 omnino
576 2015 774 2064 impossibile
786 2017 941 2066 judicant.
958 2019 1104 2066 Epicurei
1123 2028 1235 2053 contra
1252 2032 1318 2054 non
1333 2018 1482 2068 poffibile

93 2072 221 2097 tantum
233 2091 244 2105 ‚
254 2062 306 2097 sed
316 2067 413 2099 etiam
432 2066 567 2100 omnino
579 2063 785 2101 necessarium
797 2069 831 2102 in
845 2078 958 2102 natura
973 2079 1110 2103 vacuum
1119 2077 1246 2115 putant:
1263 2069 1348 2103 adeo
1360 2067 1483 2104 utillud

96 2122 250 2159 tanquam
272 2114 421 2160 principii
437 2113 511 2148 loco
528 2112 648 2149 sumere
666 2127 733 2152 non
750 2116 977 2152 reformident.
1007 2117 1098 2162 Quid
1126 2128 1208 2152 vero
1228 2118 1268 2151 de
1290 2120 1328 2152 iis
1358 2119 1482 2153 videre-

95 2170 145 2193 tur
155 2188 164 2202 ,
178 2160 340 2208 superiore
353 2164 489 2197 tractatu
503 2164 669 2211 attigimus
685 2192 694 2207 ‚
707 2166 808 2213 idque
824 2179 909 2203 nunc
923 2165 1067 2202 breviter
1081 2178 1144 2200 una
1166 2177 1222 2200 aut
1234 2166 1335 2202 altera
1352 2166 1480 2203 conclu*

95 2206 182 2246 fione
195 2210 447 2259 complectemur
459 2240 469 2257 ,
479 2211 563 2247 utad
571 2216 695 2260 maJ‘ora
712 2220 746 2253 ὃ(
764 2214 892 2253 utiliora
904 2219 1084 2254 veniamus.
1096 2216 1144 2251 Sit
1155 2217 1251 2264 igitur

1221 2411 1308 2460 Yij
