1878 2724
380 139 436 189 '528
938 131 964 169 1>
976 129 1012 168 H
1023 126 1057 167 Y
1066 130 1087 167 S
1100 125 1209 166 10AE
1540 177 1548 187 .
1642 177 1648 187 ι
1749 183 1763 187 ᾖ

380 186 474 237 quod
501 187 562 223 hac
586 186 709 221 ratione
722 181 924 220 demonstrat
946 183 1052 219 Autor
1080 179 1227 215 laudatus
1248 189 1259 213 ε
1279 188 1350 227 quae
1377 177 1400 214 fi
1423 176 1587 216 obscurior
1615 179 1793 227 videam}

382 238 494 274 omitti
506 247 543 271 ea
559 233 672 282 potest.
698 262 702 266 „
1255 276 1259 280 .
1500 278 1505 284 .
1576 281 1578 283 ‚
1599 277 1606 283 ι

1031 279 1081 312 Sit
1092 274 1246 313 rhombus
1266 277 1294 312 A
1304 274 1336 312 C
1349 276 1374 312 B
1385 277 1418 312 D
1433 304 1443 320 ,
1453 288 1508 324 qui
1519 287 1677 323 exprimat
1691 290 1790 315 unum

997 339 1037 361 ex
1053 325 1214 362 meatibus
1229 323 1317 361 fibrae
1334 339 1343 362 ι
1369 326 1496 374 pondus
1519 322 1600 360 vero
1615 326 1790 374 appenfiim

997 377 1031 410 in
1057 377 1081 410 B
1107 403 1118 419 ,
1143 374 1180 410 fit
1199 376 1228 409 Z
1253 402 1264 418 ‚
1295 373 1357 408 alia
1395 375 1541 422 potentia
1569 375 1602 408 in
1623 376 1651 408 A
1684 377 1792 411 conci-

997 427 1103 472 piatur
1121 424 1196 459 huic
1221 422 1374 471 aequalis,
1391 434 1446 458 aut
1472 421 1562 470 quod
1579 422 1697 457 eodem
1709 426 1793 458 reci-

998 473 1046 507 dit
1055 472 1150 507 clavo
1164 469 1262 507 affixa
1277 474 1322 508 X.
1338 471 1449 508 Palam
1467 471 1514 505 est
1537 471 1614 505 duas
1628 473 1790 518 potentias

998 524 1037 557 ini
1047 524 1079 557 X
1091 527 1123 558 &
1135 524 1159 556 B
1174 522 1207 555 id
1222 532 1318 570 agere
1328 548 1338 564 ,
1351 532 1387 555 ut
1400 522 1434 555 in
1447 519 1580 567 longum
1597 519 1725 556 trahant
1737 521 1791 557 fu-

998 569 1148 606 niculum.
1167 572 1212 606 At
1223 568 1304 605 vero
1316 568 1372 605 sint
1386 569 1456 604 duae
1470 569 1626 617 potentiae
1638 570 1670 603 in
1683 571 1714 603 G
1728 597 1738 613 ‚
1757 575 1792 607 δε

1000 621 1043 663 F,
1056 631 1126 667 quae
1145 618 1282 654 eundem
1299 617 1432 653 dilatare
1444 616 1630 654 moliantur.
1645 616 1725 665 Qo
1743 618 1792 654 hae

998 669 1150 705 fortiores
1161 678 1267 710 erunt,
1279 665 1341 702 hoc
1349 668 1450 715 magis
1463 665 1545 702 hunc
1559 665 1729 702 distrahent
1739 667 1794 702 fu..

996 716 1141 753 niculum
1154 745 1164 761 ,
1182 721 1285 765 major
1301 716 1385 750 adeo
1395 717 1456 750 erit
1466 715 1601 750 latitudo
1612 715 1642 750 C
1653 718 1685 752 D
1700 732 1710 758 3
1725 714 1794 764 quo

1000 827 1059 851 nus
1069 814 1340 850 attolleturffum
1351 812 1432 848 vero
1444 824 1535 849 erunt
1544 815 1578 848 in
1596 812 1793 860 aequilibrio,

1000 876 1074 899 curn
1093 866 1124 897 G
1139 869 1173 900 &
1187 865 1207 898 F
1220 864 1376 911 potentiae
1391 862 1529 897 eandem
1554 860 1724 898 habebunt
1740 875 1793 897 ra-

1003 914 1126 948 tionem
1137 912 1176 946 ad
1191 913 1355 960 potentias
1374 913 1406 946 in
1424 913 1455 944 X
1467 915 1501 948 &
1520 913 1546 945 Z
1563 909 1677 959 pofitas
1690 939 1701 955 ,
1722 924 1797 959 quae

1001 961 1045 996 est
1069 962 1165 996 recta:
1195 961 1267 996 CD
1286 960 1327 994 ad
1348 961 1470 995 reetam
1491 960 1567 995 AB.

1039 1010 1086 1044 Ar
1101 1009 1122 1044 si
1138 1008 1212 1044 loco
1231 1011 1385 1056 potentiae
1401 1010 1433 1043 in
1448 1010 1480 1042 X
1491 1007 1671 1044 constitutae
1688 1019 1796 1058 pona:

1003 1070 1071 1093 mus
1083 1057 1211 1094 clavum
1224 1057 1272 1091 ibi
1286 1054 1418 1092 affixum
1430 1085 1440 1100 ,
1456 1059 1512 1102 qui
1522 1057 1612 1092 idem
1622 1060 1746 1107 praestat
1755 1073 1794 1095 ac

1003 1108 1152 1155 potentia
1169 1104 1294 1154 aequalis
1311 1106 1447 1154 ponderi
1465 1109 1515 1142 Z:
1546 1112 1616 1140 tum
1634 1109 1795 1143 vincenda

1004 1157 1065 1190 erit
1077 1167 1211 1203 utraque
1227 1152 1395 1191 resistentia
1409 1153 1494 1192 clavi
1517 1159 1553 1192 δε
1578 1156 1728 1204 ponderis
1742 1161 1794 1202 Z,

392 1202 509 1237 eadem
528 1213 661 1251 quoque
678 1205 860 1250 requiretur
877 1206 961 1239 inter
972 1206 1135 1252 potentias
1149 1206 1242 1239 ratio.
1525 1250 1529 1253 Δ

429 1254 513 1298 Ergo
527 1254 681 1300 potentiae
701 1254 731 1286 G
740 1257 773 1289 δε
785 1253 806 1285 F
819 1252 859 1286 ad
873 1253 1045 1287 dimidium
1060 1251 1237 1287 resistentia:
1252 1251 1305 1287 seu
1316 1252 1356 1287 ad
1369 1252 1493 1301 pondus
1505 1251 1643 1288 Zsolum
1652 1253 1792 1291 eandem

395 1298 566 1335 habebunt
576 1303 755 1345 rationem,
779 1313 849 1349 quae
871 1301 927 1351 est*
938 1304 1035 1338 totius
1051 1302 1082 1338 C
1096 1304 1128 1338 D
1143 1301 1183 1336 ad
1202 1300 1325 1337 rectam
1337 1304 1363 1338 A
1374 1304 1418 1346 E,
1439 1313 1511 1350 quae
1531 1301 1574 1338 est
1588 1302 1722 1338 dimidia
1740 1314 1794 1340 to-

396 1349 460 1381 tius
476 1350 504 1383 A
518 1350 555 1386 Β.

445 1398 560 1445 Atque
577 1397 653 1434 hinc
665 1399 830 1448 colligitur
839 1397 926 1448 posse
947 1399 1006 1435 hos
1021 1400 1113 1436 funes
1125 1399 1145 1435 ἒι
1162 1411 1355 1449 quacunque
1366 1398 1419 1434 vel
1433 1399 1587 1435 immensa
1603 1403 1748 1449 potentia
1761 1404 1790 1438 Z

397 1446 613 1490 trahantur,ut
632 1447 653 1483 a
665 1450 809 1496 pondere
823 1461 927 1485 xoooo
943 1449 1109 1494 librarum,
1119 1449 1269 1497 qualibet
1286 1451 1397 1497 exigua
1410 1450 1443 1483 vi
1458 1448 1622 1496 paululum
1644 1450 1769 1485 dilatari
1779 1479 1792 1494 ,

398 1497 498 1530 etiam
509 1494 530 1530 fi
547 1496 615 1530 haec
626 1499 673 1531 vis
683 1497 857 1532 distrahens
871 1510 938 1534 non
949 1497 984 1533 fit
994 1503 1098 1547 major
1107 1510 1169 1534 una
1178 1497 1273 1541 libra,
1283 1495 1447 1545 quousque
1458 1499 1612 1533 nimirum
1627 1497 1706 1535 fiant
1716 1513 1790 1535 mo-

397 1556 510 1579 menta
525 1545 659 1592 aequalia
675 1560 683 1582 :
697 1547 780 1582 adeo
795 1558 830 1581 ut
842 1547 872 1582 C
884 1550 917 1583 D
934 1559 1002 1582 rum
1014 1547 1048 1583 sit
1060 1555 1130 1595 pars
1141 1547 1245 1582 decies
1259 1544 1426 1581 millefima
1439 1545 1530 1594 ipfius
1544 1548 1574 1582 A
1585 1549 1622 1583 E.

431 1592 513 1640 Qo
526 1596 620 1642 igitur
630 1594 794 1645 longiores
809 1607 903 1631 erunt
913 1594 1054 1640 musculi,
1063 1596 1103 1632 co
1111 1595 1207 1632 altius
1217 1595 1340 1645 pondus
1352 1593 1517 1630 attollent.
1529 1597 1616 1632 Tum
1625 1598 1713 1632 enim
1723 1604 1793 1633 mag

398 1643 444 1690 gis
459 1641 711 1691 multiplicantur
723 1643 897 1688 Rhombi,
917 1650 951 1682 ὅ(
966 1645 1072 1694 plures
1086 1645 1156 1680 sunt
1167 1643 1422 1680 machinularum
1437 1643 1650 1690 dilatationes,
1661 1647 1792 1684 unde&

397 1691 491 1726 altius
502 1692 626 1739 pondus
643 1694 808 1729 attollitur.
839 1693 927 1729 Cum
949 1695 1071 1743 angusti
1094 1692 1153 1729 fint
1176 1696 1248 1742 pori
1268 1692 1442 1736 fibrarum,
1457 1704 1518 1728 nec
1539 1694 1663 1740 pondus
1681 1695 1792 1731 attoni

397 1752 498 1787 queat
507 1740 643 1789 amplius
655 1770 664 1785 ‚
683 1743 782 1790 quarn
801 1741 837 1777 sit
851 1741 986 1791 spatium
999 1743 1141 1779 dimidiae
1157 1742 1334 1778 altitudinis
1355 1744 1444 1776 unius
1458 1742 1646 1777 machinulae
1659 1743 1791 1779 Rhom-

399 1788 536 1824 boidalis
555 1817 563 1831 ‚
587 1789 642 1824 has
656 1791 852 1827 machinulas
864 1793 961 1840 longa
976 1791 1053 1827 serie
1065 1791 1292 1840 multiplicatas
1305 1792 1451 1839 oportuit
1461 1819 1471 1835 ‚
1485 1802 1521 1826 ut
1540 1803 1584 1826 ex
1594 1791 1704 1828 multis
1713 1792 1791 1828 licet

398 1840 523 1886 exiguis
537 1850 671 1887 exurgat
684 1841 812 1890 grandis
827 1839 967 1876 elevatio
981 1841 1188 1876 articulorum
1200 1870 1210 1885 ‚
1230 1853 1301 1888 quae
1317 1840 1359 1874 ad
1377 1851 1485 1875 motus
1510 1840 1657 1876 animalis
1678 1843 1791 1890 requi..

401 1898 490 1924 ntur.

437 1937 547 1984 Major
557 1948 664 1972 autem
677 1936 723 1970 est
733 1947 771 1969 ea
784 1938 837 1972 vis
846 1935 1059 1972 musculorum
1072 1965 1082 1979 ,
1099 1936 1200 1985 quam
1210 1934 1309 1985 vulgo
1325 1936 1474 1974 creditur.
1488 1937 1573 1985 Qae
1588 1939 1679 1973 enim
1694 1939 1737 1975 est
1755 1941 1790 1977 in

400 1983 536 2020 brachio
553 2014 563 2029 ‚
586 1989 654 2021 vim
675 1985 760 2019 suam
784 1987 887 2020 exerit
898 1985 1122 2021 contrahendo
1142 1986 1233 2022 funes
1254 1985 1488 2030 musculorum,
1505 1988 1563 2034 qui
1587 1985 1705 2036 illigari
1720 2001 1791 2025 non.

399 2045 578 2081 potuerunt
587 2065 597 2078 ,
619 2033 674 2070 nisi
687 2045 788 2082 prope
800 2045 946 2069 centrum
958 2036 1063 2071 veens
1080 2036 1182 2070 :adeo
1192 2046 1228 2070 ut
1237 2033 1405 2070 resistentia
1422 2034 1458 2070 fit
1468 2037 1501 2070 in
1510 2047 1651 2070 extrema
1665 2035 1792 2073 brachii

400 2083 615 2131 longitudine.
626 2085 685 2119 Vis
697 2083 779 2117 adeo
791 2085 910 2118 morrix
921 2095 1012 2119 tanto
1028 2088 1127 2132 major
1141 2085 1185 2120 est
1200 2082 1369 2119 resistentia
1382 2113 1390 2125 ‚
1403 2096 1529 2132 quanto
1538 2082 1791 2123 tcfistentialom

400 2130 472 2180 gius
494 2133 587 2167 distat
603 2134 622 2169 31
639 2144 763 2168 centro.
777 2133 861 2167 Cum
870 2144 981 2168 autem
993 2133 1163 2183 longitudo
1176 2132 1302 2168 brachii
1316 2131 1351 2167 sit
1370 2132 1439 2167 fere
1451 2133 1613 2180 vicecupla
1628 2133 1789 2170 distantiae

402 2181 541 2215 tendinis
551 2181 572 2217 ἐι
585 2193 696 2217 centro
710 2182 817 2216 motus
827 2209 836 2224 ‚
848 2180 896 2216 seu
909 2181 928 2217 ἓι
946 2182 1048 2217 fulcro
1060 2184 1180 2226 vectis,
1197 2194 1288 2230 paret
1303 2181 1355 2216 vel
1370 2193 1408 2216 ex
1420 2194 1460 2216 eo
1477 2183 1585 2227 capite
1607 2186 1788 2230 potentiam

402 2232 574 2265 morricem
594 2229 654 2266 else
676 2229 872 2277 vicecuplam
891 2231 1042 2279 ponderis
1061 2231 1151 2281 quod
1167 2243 1314 2267 extrema
1329 2243 1424 2266 manu
1437 2229 1571 2266 brachio
1585 2229 1736 2278 extenso,
1753 2238 1789 2270 δε

403 2278 598 2314 horizontali
623 2279 831 2328 suspenditur.

443 2328 597 2365 Potentia
612 2331 699 2368 enim
710 2331 828 2366 motrix
837 2340 909 2378 quae
924 2329 967 2368 est
980 2331 1014 2369 in
1024 2330 1157 2370 brachio
1168 2334 1238 2371 vim
1249 2330 1333 2369 suam
1346 2331 1447 2368 exerit
1460 2329 1789 2417 εοῃῑῑῆὴειηάῗῶυιέες

1597 2390 1652 2415 mu
1667 2389 1683 2414 C
1717 2391 1738 2416 0
1751 2389 1788 2415 05

999 764 1191 810 debiliores,
1204 767 1314 800 minor
1328 767 1390 799 erit
1403 764 1434 799 C
1445 765 1494 807 D3
1504 769 1538 802 &
1547 765 1669 811 pondus
1682 767 1712 800 Z
1729 767 1794 800 mi·
1848 783 1850 785 >
