1878 2724
371 127 428 171 596
903 116 929 154 P
949 117 983 153 H
1007 116 1038 156 Y
1059 119 1081 156 S
1097 119 1111 154 1
1128 115 1160 155 C
1177 118 1217 153 ΛΕ

920 218 1047 266 Qarta
1057 216 1236 264 Conclufio.

409 314 548 351 Colores
559 316 616 362 qui
632 325 804 363 corporum
822 312 1003 366 superficies
1016 311 1057 350 fic
1068 312 1278 360 afficiunt‚ut
1295 317 1318 352 ii
1334 314 1393 353 smt
1407 315 1594 364 mutabiles,
1608 330 1647 355 ex
1665 318 1763 358 lumi.

375 367 423 402 nis
442 363 640 400 refractione
664 367 821 403 oriuntur.
1761 363 1763 365 ’

422 415 529 461 Hujus
541 415 669 463 generis
687 413 812 450 colores
828 425 1003 450 cernuntur
1018 416 1050 450 in
1065 416 1151 449 vitro
1170 414 1259 462 quod
1281 413 1402 450 diutius
1422 417 1455 450 in
1479 427 1563 451 terta
1577 415 1766 455 humidiore

373 465 541 500 conditum
553 462 618 498 fuit
638 478 647 506 ;
663 465 695 498 in
711 465 801 512 cupri
817 463 940 500 lamina
952 476 1022 511 quae
1046 463 1280 511 aliquantulum
1304 466 1371 513 igni
1390 465 1585 501 admovetur
1604 482 1613 509 3
1636 468 1669 502 in
1691 468 1765 504 talei

374 513 511 550 lamellis
527 529 536 556 ·,
550 514 585 549 in
601 513 698 547 calcis
708 513 880 561 pellicula3
898 515 930 548 in
946 512 1066 548 viscoso
1084 513 1207 547 limacis
1226 511 1373 560 liquore3
1392 515 1423 548 in
1440 513 1520 549 tersa
1545 514 1690 565 chalybis
1714 515 1768 552 su-

374 562 528 611 perficie3
543 564 576 597 in
592 561 730 610 plumbo
748 563 825 599 dum
837 563 980 598 funditur
993 591 1002 607 ,
1018 565 1094 599 &in
1108 562 1175 596 aliis
1190 574 1274 610 pene
1292 565 1467 598 innumeris
1484 577 1493 599 z
1513 562 1564 598 sed
1582 565 1614 599 in
1629 565 1678 600 his
1693 579 1769 601 om-

375 610 471 647 nibus
484 611 594 647 lumen
610 610 783 647 manifeste
801 612 997 660 refringitur.
1027 613 1120 646 Fiunt
1146 623 1233 646 enlm
1258 623 1370 646 tenues
1390 612 1597 661 &pellucidae
1611 613 1768 662 pelliculae

375 673 455 709 quas
469 662 546 696 dum
561 660 611 696 lux
629 672 796 710 penetrat,
815 662 932 697 eadem
953 661 1150 710 infringitur.
1178 662 1232 695 Sic
1247 672 1318 709 pars
1335 661 1390 695 illa
1407 660 1535 709 plumbi
1556 661 1613 697 fusi
1632 675 1703 710 quae
1717 675 1768 700 tot

375 710 501 745 colores
513 711 627 753 induit,
638 723 704 745 non
717 709 805 745 aliud
818 711 974 759 quiddam
985 710 1048 753 est,
1069 709 1171 758 quam
1187 709 1375 758 lithargyrus
1385 739 1396 754 ,
1410 709 1462 746 seu
1477 723 1547 758 pars
1562 712 1688 759 plumbi
1698 713 1768 750 cal,

375 761 483 793 einata
497 787 507 802 ‚
526 763 560 796 δέ
570 761 603 794 in
615 761 733 794 vitrum
750 758 913 796 conversa.
935 758 1059 796 Verum
1072 762 1105 794 in
1122 759 1169 795 his
1182 759 1332 795 omnibus
1345 761 1433 794 idem
1448 759 1517 794 fere
1533 761 1664 804 accidit,
1678 762 1769 810 quod

380 808 414 842 in
437 807 564 843 duobus
586 810 675 843 vittis
700 807 785 843 tersis
807 815 841 846 δε
855 809 1031 843 admodum
1045 808 1225 856 pellucidiS.
1252 810 1340 845 Nam
1363 819 1399 843 ut
1413 808 1545 857 pulchre
1562 808 1712 845 observat
1725 813 1769 847 D.

377 856 554 895 Marione,
564 856 630 891 haec
641 859 728 893 vitta
743 857 847 892 linteo
859 856 1020 900 tersa,tum
1034 857 1092 891 fibi
1105 869 1222 892 mutuo
1235 857 1415 900 admota‚&
1432 857 1529 905 paulo
1544 857 1665 893 diutius
1675 858 1771 897 affri-

379 906 431 940 ἃᾶ
441 933 450 948 ,
463 917 500 939 ac
513 903 613 953 prelsa
623 905 747 940 colores
757 907 794 939 iis
805 904 984 941 firnillimos
1001 904 1225 948 exhibebunt,
1253 917 1333 952 quos
1355 907 1387 939 in
1410 905 1562 954 ampullis
1584 918 1622 941 ex
1636 919 1722 954 aqua
1735 912 1772 945 δε

378 952 499 1001 sapone
509 954 658 989 formatis
673 957 847 990 intuemur.
857 957 921 989 Seu
933 966 987 989 aer
998 957 1081 990 inter
1091 957 1174 989 vitra
1185 953 1312 1000 affristu
1323 952 1391 1001 ipso
1401 956 1616 989 comminutus
1636 955 1694 992 hos
1712 969 1771 991 co-

380 1002 464 1037 lores
482 1014 632 1050 procreet
642 1017 650 1037 3
661 1002 714 1038 seu
724 1003 857 1051 quidam
874 1003 1015 1051 liquores
1027 1015 1097 1037 tum
1109 1001 1219 1051 aquosi
1230 1029 1240 1045 ‚
1251 1013 1319 1036 tum
1329 1001 1426 1037 oleofi
1437 1030 1447 1043 ,
1462 1001 1579 1049 quibus
1595 1016 1649 1040 aer
1666 1005 1771 1041 refer-

380 1062 430 1086 tus
441 1051 646 1093 est,nonnihil
659 1052 699 1085 ad
716 1063 829 1086 eorum
839 1054 1085 1101 generationem
1095 1051 1279 1087 conferant.
1293 1051 1381 1084 Cum
1396 1053 1482 1085 enim
1495 1050 1527 1086 hi
1537 1051 1660 1087 colores
1669 1065 1772 1103 appa.

379 1098 487 1143 rent‚s1
501 1101 585 1136 vitta
600 1099 702 1135 linteo
715 1112 819 1150 tergas
832 1128 843 1144 ,
855 1113 924 1136 tum
939 1100 1064 1136 colores
1080 1113 1146 1137 non
1157 1098 1412 1148 prodibunt,nifi
1423 1099 1519 1148 paulo
1535 1101 1652 1137 diutius
1666 1114 1770 1138 unum

380 1147 476 1184 alteri
492 1148 721 1186 affiicetur:sed
733 1149 790 1184 ubi
804 1153 888 1185 vitra
897 1150 916 1186 ἐι
929 1150 959 1184 se
977 1161 1090 1186 mutuo
1102 1149 1244 1198 separata
1262 1161 1328 1183 non
1342 1147 1690 1197 absterguntur‚statim
1704 1150 1777 1187 eos-

379 1199 454 1234 dem
465 1197 610 1247 praebent
623 1198 760 1235 colotes.
776 1199 867 1234 ldem
882 1200 978 1248 igitur
992 1198 1043 1234 hic
1054 1200 1143 1246 quod
1157 1200 1191 1233 in
1203 1197 1352 1246 ampullis
1363 1209 1403 1232 ex
1417 1210 1500 1245 aqua
1515 1198 1630 1247 sapone
1647 1202 1774 1248 imprae.

380 1259 477 1297 gnata
489 1249 599 1283 evenit
616 1260 624 1283 :
643 1258 749 1295 partes
759 1250 912 1283 nimirum
922 1248 1034 1283 olcosae
1045 1261 1120 1282 cum
1135 1259 1219 1294 aqua
1230 1246 1385 1295 permistae
1393 1259 1482 1296 rugas
1495 1276 1506 1290 ,
1520 1247 1635 1296 easque
1650 1261 1775 1285 conve-

382 1308 436 1331 xas
446 1294 591 1332 efficiunt
604 1325 613 1340 ,
622 1298 656 1332 in
670 1296 785 1345 quibus
797 1296 849 1332 lux
860 1297 998 1333 refracta
1009 1297 1128 1331 virides
1139 1296 1263 1330 colores
1276 1308 1372 1331 creat.
1388 1297 1486 1342 ldque
1495 1297 1600 1346 palam
1617 1296 1675 1332 fiet
1691 1297 1710 1332 fi
1723 1311 1776 1334 vr-

383 1357 430 1380 tra
447 1344 612 1394 paululum
628 1346 712 1393 aqua
725 1345 908 1395 asperseris:
923 1345 980 1381 ubi
997 1348 1084 1381 enim
1097 1345 1168 1394 post
1179 1345 1313 1393 longum
1323 1343 1484 1380 afflictum
1501 1346 1624 1382 colores
1638 1359 1678 1395 ap
1704 1359 1776 1382 are-

383 1393 480 1438 bunt,
495 1393 620 1430 sublato
630 1395 790 1443 superiore
802 1397 894 1432 vitro
904 1408 987 1446 rugae
998 1398 1028 1431 in
1039 1407 1080 1430 eo
1092 1395 1178 1442 quod
1191 1394 1282 1429 alteri
1295 1392 1472 1442 subjectum
1481 1393 1542 1429 fuit
1554 1408 1683 1444 ,appare
1709 1407 1778 1434 unt.

413 1444 537 1480 Eadem
549 1444 595 1478 est
611 1447 694 1478 ratio
705 1444 851 1479 colorum
861 1474 871 1489 ,
886 1457 970 1493 quos
983 1446 1016 1480 in
1029 1444 1143 1494 glaciei
1157 1441 1262 1478 fissuris
1272 1472 1282 1487 ,
1296 1444 1332 1478 in
1344 1443 1429 1478 talco
1441 1471 1452 1486 ,
1470 1445 1503 1478 in
1517 1444 1640 1480 concha
1650 1457 1777 1494 marga-

384 1492 508 1528 ritifera
525 1493 739 1542 conspicimus
765 1511 775 1538 3
802 1496 823 1528 ii
847 1496 969 1543 quippe
999 1506 1037 1528 ex
1060 1494 1146 1540 rugis
1162 1490 1375 1540 inaequalibus
1385 1521 1394 1535 ,
1423 1491 1480 1532 ubi
1501 1492 1554 1527 lux
1569 1504 1722 1541 tanquam
1741 1497 1778 1531 in

384 1541 535 1592 prismate
550 1544 656 1578 vitreo
674 1542 880 1591 refringitur,
900 1555 1016 1592 magna
1033 1555 1072 1576 ex
1087 1553 1177 1590 parte
1192 1542 1362 1590 prodeunt.
1384 1542 1472 1578 Nam
1487 1552 1522 1576 ut
1540 1540 1616 1576 scite
1632 1544 1778 1578 animad-

384 1593 486 1628 vertit
498 1593 547 1626 vir
557 1605 635 1627 mox
646 1591 789 1626 laudatus
799 1591 869 1636 ‚ubi
888 1591 1025 1627 lamellae
1035 1591 1111 1626 talci
1120 1588 1188 1625 sunt
1199 1589 1358 1638 parallelae
1368 1618 1378 1632 ,
1405 1589 1485 1625 nulli
1499 1601 1673 1626 cernuntur
1687 1592 1780 1627 co'o-

385 1653 434 1675 tes
444 1670 454 1684 ,
465 1642 514 1675 uti
525 1643 624 1675 necin
641 1641 799 1675 vitrorum
809 1643 908 1677 etiam
924 1639 1110 1677 tenuissimis
1123 1639 1282 1675 laminulis
1297 1639 1360 1673 una
1372 1641 1550 1685 conjunciis
1562 1656 1570 1682 3
1585 1638 1636 1674 sed
1647 1639 1703 1675 ubi
1718 1640 1779 1676 tal-

386 1691 414 1723 ci
430 1689 563 1724 lamellae
576 1691 662 1724 varie
681 1691 767 1725 inter
779 1690 809 1724 se
824 1690 1016 1725 inclinantur
1027 1719 1036 1734 ‚
1061 1701 1118 1724 aut
1138 1689 1205 1723 aliae
1220 1687 1262 1722 ab
1277 1687 1348 1722 aliis
1362 1699 1419 1737 per
1437 1685 1554 1724 fiffuras
1572 1688 1776 1738 separantur,

385 1750 422 1772 ut
431 1741 462 1772 in
472 1737 576 1786 glacie
586 1767 595 1782 ,
605 1750 675 1773 tum
689 1739 813 1773 colores
824 1739 854 1774 se
865 1739 1022 1774 videndos
1037 1736 1195 1786 praebent.

421 1788 484 1822 Sed
497 1792 599 1834 major
610 1787 659 1822 liic
677 1790 779 1823 oritur
791 1786 960 1823 difficultas
972 1788 1012 1822 de
1032 1790 1070 1821 iis
1083 1786 1245 1822 coloribus
1258 1815 1268 1830 ,
1281 1788 1337 1833 qui
1356 1785 1406 1822 fixi
1428 1785 1497 1822 sunt
1511 1815 1521 1829 ,
1541 1791 1573 1822 8<
1590 1784 1633 1820 sui
1655 1784 1780 1834 semper

387 1836 514 1872 similes,
525 1838 569 1870 Ac
580 1837 730 1870 videntur
745 1837 878 1883 quidem
889 1849 954 1871 non
965 1849 1003 1871 ex
1018 1835 1082 1870 sola
1093 1834 1273 1870 reflexione
1284 1863 1293 1876 ,
1307 1847 1341 1869 ut
1350 1835 1441 1868 albus
1456 1841 1488 1871 δε
1498 1837 1588 1882 niger
1598 1863 1607 1877 ,
1618 1834 1668 1868 scd
1681 1837 1781 1869 etiam

387 1897 426 1919 ex
445 1884 584 1930 quadam
596 1884 791 1918 refractione
802 1886 942 1930 prodire.
965 1885 1065 1930 Qod
1083 1885 1191 1924 utique
1204 1895 1276 1916 cum
1287 1895 1322 1916 ex
1335 1882 1441 1916 multis
1451 1883 1519 1916 aliis
1531 1911 1541 1925 ‚
1562 1894 1629 1916 tum
1645 1894 1683 1916 ex
1700 1881 1783 1918 subi-

389 1944 420 1967 ta
433 1932 578 1967 colorum
589 1934 770 1966 mutatione
783 1932 893 1979 colligi
904 1933 1017 1979 potest.
1036 1933 1123 1966 Nam
1135 1930 1261 1979 syrupus
1274 1943 1312 1964 ex
1325 1932 1420 1965 violis
1431 1943 1558 1979 paratus
1572 1960 1579 1974 ‚
1595 1933 1662 1965 imo
1676 1930 1755 1966 succi
1764 1932 1784 1968 ὲ

387 1980 516 2018 floribus
530 1980 672 2014 caeruleis
683 1978 1028 2028 expreffi‚purpureum
1041 1992 1096 2014 aut
1112 1979 1245 2014 caerulefl
1253 1980 1431 2014 colotemin
1442 1979 1572 2014 rubrum
1593 1980 1697 2015 statim
1710 1992 1784 2015 mu·

389 2042 545 2074 tant,cutn
556 2028 679 2077 spiritus
690 2030 773 2063 acidi
787 2028 912 2077 aliquot
924 2028 1056 2077 guttulae
1071 2030 1109 2062 iis
1128 2027 1398 2063 affiindunturzsed
1413 2027 1488 2063 sales
1500 2028 1590 2063 alcali
1603 2029 1718 2072 viridi,
1728 2039 1784 2064 aut

388 2079 453 2114 alio
463 2077 572 2113 colore
591 2090 646 2112 eos
657 2077 813 2113 imbuunt.
825 2081 878 2113 Sic
891 2076 965 2112 tosae
976 2078 1078 2112 rubrae
1090 2083 1122 2114 &
1133 2075 1250 2111 siccatae
1265 2105 1274 2116 ,
1292 2078 1376 2111 acidi
1386 2077 1531 2124 liquoris,
1541 2089 1575 2112 ut
1589 2076 1716 2125 spiritus
1730 2080 1783 2112 vi-

390 2126 478 2163 trioli
493 2127 657 2161 additione
669 2125 830 2161 intentius
844 2125 1111 2174 rubent‚spiritus
1125 2127 1223 2160 utinae
1240 2124 1395 2161 affiifione
1410 2130 1441 2160 in
1456 2125 1621 2161 caerulenm
1637 2125 1782 2160 colorem

391 2176 639 2225 migrant.Nam
647 2174 881 2222 acidiliquores
895 2175 1061 2223 particulas
1077 2177 1298 2223 tingentes‚in
1312 2173 1427 2221 quibus
1444 2174 1529 2210 forte
1555 2174 1607 2210 lux
1634 2175 1782 2222 infringi-

392 2238 462 2270 tur,
472 2227 627 2261 minutius
638 2224 831 2268 concidunt,
846 2236 900 2258 aur
911 2235 996 2258 certe
1011 2226 1113 2272 migis
1127 2226 1298 2268 disjiciunt.
1327 2225 1415 2257 Hinc
1434 2223 1522 2257 color
1541 2221 1672 2258 dilutior
1686 2234 1784 2270 appa-

391 2287 460 2320 ret,
474 2286 510 2310 ut
525 2274 640 2308 accidit
653 2276 686 2307 in
700 2271 816 2321 syrupo
827 2272 986 2306 violarum
999 2301 1006 2314 ‚
1028 2285 1081 2308 aut
1096 2275 1126 2308 in
1136 2271 1229 2307 succo
1247 2272 1432 2319 heliotropii
1462 2274 1549 2308 Nam
1566 2274 1598 2307 in
1623 2271 1669 2306 his
1685 2283 1781 2305 caeru-

392 2324 458 2358 leus
471 2353 480 2366 ‚
493 2334 545 2356 aut
560 2334 736 2370 purpureus
746 2321 836 2356 color
850 2321 935 2355 acidi
951 2321 1084 2368 liquoris
1098 2319 1253 2357 affulione
1266 2324 1298 2355 in
1309 2319 1439 2354 rubrum
1454 2322 1665 2354 convertitur.
1689 2319 1783 2353 Con-

394 2384 441 2406 tra
452 2370 577 2407 sulfurei
591 2372 665 2408 sales
678 2369 848 2420 particulas
862 2372 1022 2419 tingentes
1040 2398 1050 2413 ‚
1067 2382 1122 2405 aut
1135 2372 1336 2419 praecipitanr
1350 2397 1360 2411 ‚
1372 2379 1424 2402 aut
1437 2368 1604 2417 colligunt.
1627 2369 1713 2402 Hinc
1728 2380 1783 2402 co-
