<?xml version="1.0" encoding="UTF-8"?>
<!DOCTYPE html PUBLIC "-//W3C//DTD XHTML 1.0 Transitional//EN"
    "http://www.w3.org/TR/xhtml1/DTD/xhtml1-transitional.dtd">
<html xmlns="http://www.w3.org/1999/xhtml" xml:lang="en" lang="en">
 <head>
  <title>
</title>
<meta http-equiv="Content-Type" content="text/html;charset=utf-8" />
  <meta name='ocr-system' content='tesseract 3.04.00' />
  <meta name='ocr-capabilities' content='ocr_page ocr_carea ocr_par ocr_line ocrx_word'/>
</head>
<body>
  <div class='ocr_page' id='page_1' title='image "./philosophiavetus02duhauoft_0154.png"; bbox 0 0 1878 2724; ppageno 0'>
   <div class='ocr_carea' id='block_1_1' title="bbox 363 131 1768 382">
    <p class='ocr_par' dir='ltr' id='par_1_1' title="bbox 368 131 1389 180">
     <span class='ocr_line' id='line_1_1' title="bbox 368 131 1389 180; baseline 0.002 -10"><span class='ocrx_word' id='word_1_1' title='bbox 368 146 430 180; x_wconf 81' lang='lat'>¹4²·</span> <span class='ocrx_word' id='word_1_2' title='bbox 733 131 994 169; x_wconf 80' lang='lat' dir='ltr'>PHYSICAE</span> <span class='ocrx_word' id='word_1_3' title='bbox 1035 132 1389 173; x_wconf 73' lang='lat' dir='ltr'>GENERALIS</span> 
     </span>
    </p>

    <p class='ocr_par' dir='ltr' id='par_1_2' title="bbox 363 180 1768 382">
     <span class='ocr_line' id='line_1_2' title="bbox 364 180 1768 235; baseline 0.003 -18"><span class='ocrx_word' id='word_1_4' title='bbox 364 184 454 218; x_wconf 83' lang='lat' dir='ltr'>exuit</span> <span class='ocrx_word' id='word_1_5' title='bbox 465 210 475 226; x_wconf 87' lang='lat'><em>‚</em></span> <span class='ocrx_word' id='word_1_6' title='bbox 493 194 560 218; x_wconf 90' lang='lat' dir='ltr'>non</span> <span class='ocrx_word' id='word_1_7' title='bbox 574 180 670 217; x_wconf 84' lang='lat' dir='ltr'>aliter</span> <span class='ocrx_word' id='word_1_8' title='bbox 688 193 725 215; x_wconf 84' lang='lat' dir='ltr'>ac</span> <span class='ocrx_word' id='word_1_9' title='bbox 737 194 939 230; x_wconf 81' lang='lat' dir='ltr'>temperatus</span> <span class='ocrx_word' id='word_1_10' title='bbox 957 181 1095 231; x_wconf 76' lang='lat' dir='ltr'>chalybs</span> <span class='ocrx_word' id='word_1_11' title='bbox 1109 212 1117 226; x_wconf 86' lang='lat'>,</span> <span class='ocrx_word' id='word_1_12' title='bbox 1138 185 1266 222; x_wconf 88' lang='lat' dir='ltr'>durnin</span> <span class='ocrx_word' id='word_1_13' title='bbox 1285 188 1361 235; x_wconf 86' lang='lat' dir='ltr'><strong>igne</strong></span> <span class='ocrx_word' id='word_1_14' title='bbox 1376 184 1563 232; x_wconf 79' lang='lat' dir='ltr'>recoquitur</span> <span class='ocrx_word' id='word_1_15' title='bbox 1578 196 1588 220; x_wconf 72' lang='grc' dir='ltr'><strong>ε</strong></span> <span class='ocrx_word' id='word_1_16' title='bbox 1602 189 1768 235; x_wconf 62' lang='lat' dir='ltr'>nam-pan:</span> 
     </span>
     <span class='ocr_line' id='line_1_3' title="bbox 363 229 1766 281; baseline 0.004 -15"><span class='ocrx_word' id='word_1_17' title='bbox 363 242 412 266; x_wconf 86' lang='lat' dir='ltr'>tes</span> <span class='ocrx_word' id='word_1_18' title='bbox 441 243 513 278; x_wconf 86' lang='lat' dir='ltr'>quae</span> <span class='ocrx_word' id='word_1_19' title='bbox 537 241 629 265; x_wconf 88' lang='lat' dir='ltr'>erant</span> <span class='ocrx_word' id='word_1_20' title='bbox 652 229 766 273; x_wconf 72' lang='lat' dir='ltr'>tens-az,</span> <span class='ocrx_word' id='word_1_21' title='bbox 791 230 907 266; x_wconf 81' lang='lat' dir='ltr'>caloris</span> <span class='ocrx_word' id='word_1_22' title='bbox 923 233 959 266; x_wconf 84' lang='lat' dir='ltr'>vi</span> <span class='ocrx_word' id='word_1_23' title='bbox 979 231 1135 279; x_wconf 82' lang='lat' dir='ltr'>paulatim</span> <span class='ocrx_word' id='word_1_24' title='bbox 1149 231 1213 268; x_wconf 89' lang='lat' dir='ltr'>sese</span> <span class='ocrx_word' id='word_1_25' title='bbox 1224 236 1406 278; x_wconf 86' lang='lat' dir='ltr'>evolvunt,</span> <span class='ocrx_word' id='word_1_26' title='bbox 1427 246 1541 281; x_wconf 85' lang='lat' dir='ltr'>eaeque</span> <span class='ocrx_word' id='word_1_27' title='bbox 1561 236 1593 269; x_wconf 84' lang='lat' dir='ltr'>in</span> <span class='ocrx_word' id='word_1_28' title='bbox 1618 235 1766 271; x_wconf 86' lang='lat' dir='ltr'>ordinem</span> 
     </span>
     <span class='ocr_line' id='line_1_4' title="bbox 365 277 1765 330; baseline 0.003 -15"><span class='ocrx_word' id='word_1_29' title='bbox 365 281 468 328; x_wconf 88' lang='lat' dir='ltr'>magis</span> <span class='ocrx_word' id='word_1_30' title='bbox 483 280 638 313; x_wconf 89' lang='lat' dir='ltr'>idoneum</span> <span class='ocrx_word' id='word_1_31' title='bbox 653 280 698 313; x_wconf 83' lang='lat' dir='ltr'>ita</span> <span class='ocrx_word' id='word_1_32' title='bbox 710 277 739 313; x_wconf 91' lang='lat' dir='ltr'>se</span> <span class='ocrx_word' id='word_1_33' title='bbox 749 291 954 328; x_wconf 86' lang='lat' dir='ltr'>componunt</span> <span class='ocrx_word' id='word_1_34' title='bbox 964 308 976 323; x_wconf 86' lang='lat'><strong>,</strong></span> <span class='ocrx_word' id='word_1_35' title='bbox 994 291 1029 314; x_wconf 87' lang='lat' dir='ltr'>ut</span> <span class='ocrx_word' id='word_1_36' title='bbox 1048 293 1118 316; x_wconf 87' lang='lat' dir='ltr'>non</span> <span class='ocrx_word' id='word_1_37' title='bbox 1132 280 1271 330; x_wconf 80' lang='lat' dir='ltr'>amplius</span> <span class='ocrx_word' id='word_1_38' title='bbox 1283 284 1350 318; x_wconf 82' lang='lat' dir='ltr'>aliae</span> <span class='ocrx_word' id='word_1_39' title='bbox 1365 284 1435 319; x_wconf 80' lang='lat' dir='ltr'>aliis</span> <span class='ocrx_word' id='word_1_40' title='bbox 1454 283 1552 320; x_wconf 87' lang='lat' dir='ltr'>instar</span> <span class='ocrx_word' id='word_1_41' title='bbox 1567 283 1710 319; x_wconf 87' lang='lat' dir='ltr'>fasciculi</span> <span class='ocrx_word' id='word_1_42' title='bbox 1722 296 1765 319; x_wconf 77' lang='lat' dir='ltr'>ex</span> 
     </span>
     <span class='ocr_line' id='line_1_5' title="bbox 365 325 1766 382; baseline 0.004 -20"><span class='ocrx_word' id='word_1_43' title='bbox 365 327 463 377; x_wconf 86' lang='lat' dir='ltr'>spinis</span> <span class='ocrx_word' id='word_1_44' title='bbox 476 329 617 363; x_wconf 85' lang='lat' dir='ltr'>contorti</span> <span class='ocrx_word' id='word_1_45' title='bbox 629 325 687 362; x_wconf 88' lang='lat' dir='ltr'>fint</span> <span class='ocrx_word' id='word_1_46' title='bbox 706 327 865 376; x_wconf 80' lang='lat' dir='ltr'>implexae,</span> <span class='ocrx_word' id='word_1_47' title='bbox 890 329 994 379; x_wconf 81' lang='lat' dir='ltr'>Qod</span> <span class='ocrx_word' id='word_1_48' title='bbox 1014 327 1148 364; x_wconf 83' lang='lat' dir='ltr'>fisolum</span> <span class='ocrx_word' id='word_1_49' title='bbox 1166 330 1289 366; x_wconf 86' lang='lat' dir='ltr'>densati</span> <span class='ocrx_word' id='word_1_50' title='bbox 1305 335 1385 367; x_wconf 78' lang='lat' dir='ltr'>ae&#39;ris</span> <span class='ocrx_word' id='word_1_51' title='bbox 1405 332 1575 368; x_wconf 86' lang='lat' dir='ltr'>elaterium</span> <span class='ocrx_word' id='word_1_52' title='bbox 1589 332 1766 382; x_wconf 82' lang='lat' dir='ltr'>lacrymam</span> 
     </span>
    </p>
   </div>
   <div class='ocr_carea' id='block_1_2' title="bbox 368 375 1783 478">
    <p class='ocr_par' dir='ltr' id='par_1_3' title="bbox 368 375 1783 478">
     <span class='ocr_line' id='line_1_6' title="bbox 368 375 1783 431; baseline 0.004 -20"><span class='ocrx_word' id='word_1_53' title='bbox 368 376 608 425; x_wconf 81' lang='lat' dir='ltr'>confringeret,</span> <span class='ocrx_word' id='word_1_54' title='bbox 624 375 655 409; x_wconf 88' lang='lat' dir='ltr'>id</span> <span class='ocrx_word' id='word_1_55' title='bbox 667 376 822 425; x_wconf 55' lang='lat' dir='ltr'>profecto</span> <span class='ocrx_word' id='word_1_56' title='bbox 837 377 936 428; x_wconf 80' lang='lat' dir='ltr'>longe</span> <span class='ocrx_word' id='word_1_57' title='bbox 954 377 1049 413; x_wconf 68' lang='lat' dir='ltr'>citius</span> <span class='ocrx_word' id='word_1_58' title='bbox 1073 379 1238 415; x_wconf 85' lang='lat' dir='ltr'>accideret</span> <span class='ocrx_word' id='word_1_59' title='bbox 1251 409 1260 424; x_wconf 90' lang='lat'>,</span> <span class='ocrx_word' id='word_1_60' title='bbox 1277 379 1353 417; x_wconf 67' lang='lat' dir='ltr'>cum</span> <span class='ocrx_word' id='word_1_61' title='bbox 1367 380 1510 430; x_wconf 76' lang='lat' dir='ltr'>lacryma</span> <span class='ocrx_word' id='word_1_62' title='bbox 1531 384 1597 431; x_wconf 80' lang='lat' dir='ltr'>igni</span> <span class='ocrx_word' id='word_1_63' title='bbox 1609 384 1783 419; x_wconf 45' lang='lat' dir='ltr'>admoves</span> 
     </span>
     <span class='ocr_line' id='line_1_7' title="bbox 369 425 1175 478; baseline 0.002 -17"><span class='ocrx_word' id='word_1_64' title='bbox 369 437 417 461; x_wconf 86' lang='lat' dir='ltr'>tur</span> <span class='ocrx_word' id='word_1_65' title='bbox 431 437 520 462; x_wconf 86' lang='lat' dir='ltr'>:tum</span> <span class='ocrx_word' id='word_1_66' title='bbox 533 426 622 461; x_wconf 84' lang='lat' dir='ltr'>enim</span> <span class='ocrx_word' id='word_1_67' title='bbox 634 425 771 462; x_wconf 83' lang='lat' dir='ltr'>inclusus</span> <span class='ocrx_word' id='word_1_68' title='bbox 793 429 845 462; x_wconf 77' lang='lat' dir='ltr'>a&#39;e&#39;r</span> <span class='ocrx_word' id='word_1_69' title='bbox 862 430 964 478; x_wconf 76' lang='lat' dir='ltr'>magis</span> <span class='ocrx_word' id='word_1_70' title='bbox 974 425 1175 465; x_wconf 79' lang='lat' dir='ltr'>raresceret..</span> 
     </span>
    </p>
   </div>
   <div class='ocr_carea' id='block_1_3' title="bbox 884 526 1273 565">
    <p class='ocr_par' dir='ltr' id='par_1_4' title="bbox 884 526 1273 565">
     <span class='ocr_line' id='line_1_8' title="bbox 884 526 1273 565; baseline 0.008 -3"><span class='ocrx_word' id='word_1_71' title='bbox 884 526 1113 563; x_wconf 83' lang='lat' dir='ltr'>CAPUT</span> <span class='ocrx_word' id='word_1_72' title='bbox 1163 528 1273 565; x_wconf 75' lang='lat' dir='ltr'><strong>VII.-</strong></span> 
     </span>
    </p>
   </div>
   <div class='ocr_carea' id='block_1_4' title="bbox 479 621 1678 676">
    <p class='ocr_par' dir='ltr' id='par_1_5' title="bbox 479 621 1678 676">
     <span class='ocr_line' id='line_1_9' title="bbox 479 621 1678 676; baseline 0.008 -19"><span class='ocrx_word' id='word_1_73' title='bbox 479 621 554 670; x_wconf 63' lang='lat' dir='ltr'>Qua</span> <span class='ocrx_word' id='word_1_74' title='bbox 561 640 564 643; x_wconf 39' lang='lat' dir='ltr'>v</span> <span class='ocrx_word' id='word_1_75' title='bbox 565 623 635 670; x_wconf 79' lang='lat' dir='ltr'>sint</span> <span class='ocrx_word' id='word_1_76' title='bbox 647 625 964 675; x_wconf 66' lang='lat' dir='ltr'>praecipuaemotuum</span> <span class='ocrx_word' id='word_1_77' title='bbox 975 624 1059 675; x_wconf 77' lang='lat' dir='ltr'>leges</span> <span class='ocrx_word' id='word_1_78' title='bbox 1073 627 1107 661; x_wconf 82' lang='lat' dir='ltr'>in</span> <span class='ocrx_word' id='word_1_79' title='bbox 1119 636 1285 676; x_wconf 70' lang='lat' dir='ltr'>corpvrum</span> <span class='ocrx_word' id='word_1_80' title='bbox 1305 626 1500 673; x_wconf 81' lang='lat' dir='ltr'>elaflicorum</span> <span class='ocrx_word' id='word_1_81' title='bbox 1511 628 1678 676; x_wconf 80' lang='lat' dir='ltr'>collifione.</span> 
     </span>
    </p>
   </div>
   <div class='ocr_carea' id='block_1_5' title="bbox 367 719 1791 1168">
    <p class='ocr_par' dir='ltr' id='par_1_6' title="bbox 367 719 1791 1069">
     <span class='ocr_line' id='line_1_10' title="bbox 367 719 1791 806; baseline 0.004 -50"><span class='ocrx_word' id='word_1_82' title='bbox 367 719 538 806; x_wconf 74' lang='lat' dir='ltr'>PRirno</span> <span class='ocrx_word' id='word_1_83' title='bbox 549 722 684 769; x_wconf 86' lang='lat' dir='ltr'>quidem</span> <span class='ocrx_word' id='word_1_84' title='bbox 701 734 751 757; x_wconf 89' lang='lat' dir='ltr'>res</span> <span class='ocrx_word' id='word_1_85' title='bbox 763 724 870 758; x_wconf 82' lang='lat' dir='ltr'>omnis</span> <span class='ocrx_word' id='word_1_86' title='bbox 888 721 928 756; x_wconf 87' lang='lat' dir='ltr'>ad</span> <span class='ocrx_word' id='word_1_87' title='bbox 941 721 1164 770; x_wconf 77' lang='lat' dir='ltr'>aequalitatem</span> <span class='ocrx_word' id='word_1_88' title='bbox 1182 723 1232 758; x_wconf 80' lang='lat' dir='ltr'>est</span> <span class='ocrx_word' id='word_1_89' title='bbox 1254 725 1450 764; x_wconf 84' lang='lat' dir='ltr'>revocanda.</span> <span class='ocrx_word' id='word_1_90' title='bbox 1477 728 1641 762; x_wconf 83' lang='lat' dir='ltr'>Ponamus</span> <span class='ocrx_word' id='word_1_91' title='bbox 1660 728 1791 775; x_wconf 60' lang='lat' dir='ltr'>itaque&gt;</span> 
     </span>
     <span class='ocr_line' id='line_1_11' title="bbox 436 770 1773 822; baseline 0.004 -17"><span class='ocrx_word' id='word_1_92' title='bbox 436 770 502 806; x_wconf 90' lang='lat' dir='ltr'>duo</span> <span class='ocrx_word' id='word_1_93' title='bbox 525 782 664 820; x_wconf 84' lang='lat' dir='ltr'>corpora</span> <span class='ocrx_word' id='word_1_94' title='bbox 682 770 820 819; x_wconf 85' lang='lat' dir='ltr'>aequalia</span> <span class='ocrx_word' id='word_1_95' title='bbox 840 776 875 809; x_wconf 89' lang='lat'>&amp;</span> <span class='ocrx_word' id='word_1_96' title='bbox 899 771 1040 819; x_wconf 85' lang='lat' dir='ltr'>ejusdem</span> <span class='ocrx_word' id='word_1_97' title='bbox 1061 771 1180 817; x_wconf 82' lang='lat' dir='ltr'>molis,</span> <span class='ocrx_word' id='word_1_98' title='bbox 1206 775 1323 822; x_wconf 85' lang='lat' dir='ltr'>aequali</span> <span class='ocrx_word' id='word_1_99' title='bbox 1340 775 1510 812; x_wconf 84' lang='lat' dir='ltr'>celeritate</span> <span class='ocrx_word' id='word_1_100' title='bbox 1532 787 1624 810; x_wconf 89' lang='lat' dir='ltr'>mota</span> <span class='ocrx_word' id='word_1_101' title='bbox 1641 774 1700 811; x_wconf 76' lang='lat' dir='ltr'>sibi</span> <span class='ocrx_word' id='word_1_102' title='bbox 1716 788 1773 811; x_wconf 83' lang='lat'>00-</span> 
     </span>
     <span class='ocr_line' id='line_1_12' title="bbox 368 820 1774 872; baseline 0.004 -18"><span class='ocrx_word' id='word_1_103' title='bbox 368 831 496 856; x_wconf 82' lang='lat' dir='ltr'>currere</span> <span class='ocrx_word' id='word_1_104' title='bbox 507 831 598 855; x_wconf 82' lang='lat' dir='ltr'>:tum</span> <span class='ocrx_word' id='word_1_105' title='bbox 619 820 694 856; x_wconf 71' lang='lat' dir='ltr'>same</span> <span class='ocrx_word' id='word_1_106' title='bbox 707 821 829 856; x_wconf 81' lang='lat' dir='ltr'>eadem</span> <span class='ocrx_word' id='word_1_107' title='bbox 836 820 1006 856; x_wconf 88' lang='lat' dir='ltr'>celeritate</span> <span class='ocrx_word' id='word_1_108' title='bbox 1016 820 1158 857; x_wconf 86' lang='lat' dir='ltr'>refilient</span> <span class='ocrx_word' id='word_1_109' title='bbox 1169 839 1178 866; x_wconf 89' lang='lat'>;</span> <span class='ocrx_word' id='word_1_110' title='bbox 1191 835 1228 859; x_wconf 89' lang='lat' dir='ltr'>ut</span> <span class='ocrx_word' id='word_1_111' title='bbox 1242 826 1276 860; x_wconf 89' lang='lat' dir='ltr'>in</span> <span class='ocrx_word' id='word_1_112' title='bbox 1287 837 1325 860; x_wconf 84' lang='lat' dir='ltr'>ea</span> <span class='ocrx_word' id='word_1_113' title='bbox 1334 825 1494 869; x_wconf 76' lang='lat' dir='ltr'>machina,</span> <span class='ocrx_word' id='word_1_114' title='bbox 1504 829 1594 872; x_wconf 84' lang='lat' dir='ltr'>cujus</span> <span class='ocrx_word' id='word_1_115' title='bbox 1603 823 1693 872; x_wconf 89' lang='lat' dir='ltr'>supra</span> <span class='ocrx_word' id='word_1_116' title='bbox 1702 836 1774 860; x_wconf 80' lang='lat' dir='ltr'>me-</span> 
     </span>
     <span class='ocr_line' id='line_1_13' title="bbox 371 868 1775 920; baseline 0.002 -16"><span class='ocrx_word' id='word_1_117' title='bbox 371 871 525 904; x_wconf 86' lang='lat' dir='ltr'>minimus</span> <span class='ocrx_word' id='word_1_118' title='bbox 539 897 549 913; x_wconf 92' lang='lat'>,</span> <span class='ocrx_word' id='word_1_119' title='bbox 560 869 770 905; x_wconf 87' lang='lat' dir='ltr'>manifestum</span> <span class='ocrx_word' id='word_1_120' title='bbox 788 869 857 906; x_wconf 81' lang='lat' dir='ltr'>fiet.</span> <span class='ocrx_word' id='word_1_121' title='bbox 884 872 973 907; x_wconf 84' lang='lat' dir='ltr'>Nam</span> <span class='ocrx_word' id='word_1_122' title='bbox 986 868 1007 904; x_wconf 88' lang='lat' dir='ltr'>fi</span> <span class='ocrx_word' id='word_1_123' title='bbox 1020 870 1084 906; x_wconf 91' lang='lat' dir='ltr'>duo</span> <span class='ocrx_word' id='word_1_124' title='bbox 1094 870 1188 920; x_wconf 88' lang='lat' dir='ltr'>globi</span> <span class='ocrx_word' id='word_1_125' title='bbox 1205 872 1342 910; x_wconf 83' lang='lat' dir='ltr'>eburnei</span> <span class='ocrx_word' id='word_1_126' title='bbox 1355 875 1523 909; x_wconf 66' lang='lat' dir='ltr'>eac-eadem</span> <span class='ocrx_word' id='word_1_127' title='bbox 1531 873 1705 909; x_wconf 79' lang='lat' dir='ltr'>altitudine</span> <span class='ocrx_word' id='word_1_128' title='bbox 1715 873 1775 908; x_wconf 58' lang='lat' dir='ltr'>dez.</span> 
     </span>
     <span class='ocr_line' id='line_1_14' title="bbox 369 916 1773 969; baseline 0.002 -16"><span class='ocrx_word' id='word_1_129' title='bbox 369 916 453 954; x_wconf 84' lang='lat' dir='ltr'>miffi</span> <span class='ocrx_word' id='word_1_130' title='bbox 471 920 504 954; x_wconf 91' lang='lat' dir='ltr'>in</span> <span class='ocrx_word' id='word_1_131' title='bbox 517 918 632 954; x_wconf 90' lang='lat' dir='ltr'>medio</span> <span class='ocrx_word' id='word_1_132' title='bbox 646 918 704 954; x_wconf 86' lang='lat' dir='ltr'>fibi</span> <span class='ocrx_word' id='word_1_133' title='bbox 714 930 903 964; x_wconf 81' lang='lat' dir='ltr'>occurrant,</span> <span class='ocrx_word' id='word_1_134' title='bbox 921 919 1110 955; x_wconf 77' lang='lat' dir='ltr'>adeandem</span> <span class='ocrx_word' id='word_1_135' title='bbox 1123 932 1162 955; x_wconf 89' lang='lat' dir='ltr'>ex</span> <span class='ocrx_word' id='word_1_136' title='bbox 1173 934 1238 969; x_wconf 89' lang='lat' dir='ltr'>qua</span> <span class='ocrx_word' id='word_1_137' title='bbox 1250 923 1440 959; x_wconf 85' lang='lat' dir='ltr'>deciderunt</span> <span class='ocrx_word' id='word_1_138' title='bbox 1455 922 1660 960; x_wconf 82' lang='lat' dir='ltr'>altitudinem</span> <span class='ocrx_word' id='word_1_139' title='bbox 1677 921 1773 958; x_wconf 73' lang='lat' dir='ltr'>refle-</span> 
     </span>
     <span class='ocr_line' id='line_1_15' title="bbox 372 967 1774 1022; baseline 0.003 -18"><span class='ocrx_word' id='word_1_140' title='bbox 372 969 509 1004; x_wconf 68' lang='lat' dir='ltr'>&amp;entun</span> <span class='ocrx_word' id='word_1_141' title='bbox 521 968 601 1015; x_wconf 79' lang='lat' dir='ltr'>Qa</span> <span class='ocrx_word' id='word_1_142' title='bbox 625 971 713 1004; x_wconf 90' lang='lat' dir='ltr'>enim</span> <span class='ocrx_word' id='word_1_143' title='bbox 725 970 760 1004; x_wconf 87' lang='lat' dir='ltr'>vi</span> <span class='ocrx_word' id='word_1_144' title='bbox 773 967 890 1017; x_wconf 86' lang='lat' dir='ltr'>globus</span> <span class='ocrx_word' id='word_1_145' title='bbox 906 970 941 1003; x_wconf 90' lang='lat' dir='ltr'>in</span> <span class='ocrx_word' id='word_1_146' title='bbox 954 968 1018 1017; x_wconf 86' lang='lat' dir='ltr'>ipsa</span> <span class='ocrx_word' id='word_1_147' title='bbox 1039 968 1203 1006; x_wconf 78' lang='lat' dir='ltr'>collisione</span> <span class='ocrx_word' id='word_1_148' title='bbox 1216 973 1442 1020; x_wconf 84' lang='lat' dir='ltr'>comprimitur</span> <span class='ocrx_word' id='word_1_149' title='bbox 1456 1000 1467 1015; x_wconf 81' lang='lat'>,</span> <span class='ocrx_word' id='word_1_150' title='bbox 1493 972 1609 1007; x_wconf 86' lang='lat' dir='ltr'>eadem</span> <span class='ocrx_word' id='word_1_151' title='bbox 1630 984 1692 1022; x_wconf 84' lang='lat' dir='ltr'>prae</span> <span class='ocrx_word' id='word_1_152' title='bbox 1710 971 1774 1008; x_wconf 77' lang='lat' dir='ltr'>ela-</span> 
     </span>
     <span class='ocr_line' id='line_1_16' title="bbox 375 1015 1628 1069; baseline 0.005 -17"><span class='ocrx_word' id='word_1_153' title='bbox 375 1018 461 1052; x_wconf 79' lang='lat' dir='ltr'>terio</span> <span class='ocrx_word' id='word_1_154' title='bbox 474 1015 610 1066; x_wconf 84' lang='lat' dir='ltr'>globum</span> <span class='ocrx_word' id='word_1_155' title='bbox 619 1016 759 1054; x_wconf 83' lang='lat' dir='ltr'>alterum</span> <span class='ocrx_word' id='word_1_156' title='bbox 770 1020 913 1067; x_wconf 87' lang='lat' dir='ltr'>percutit</span> <span class='ocrx_word' id='word_1_157' title='bbox 929 1046 939 1061; x_wconf 90' lang='lat'>,</span> <span class='ocrx_word' id='word_1_158' title='bbox 960 1023 994 1055; x_wconf 68' lang='grc' dir='ltr'>ὃ(</span> <span class='ocrx_word' id='word_1_159' title='bbox 1005 1029 1046 1053; x_wconf 91' lang='lat' dir='ltr'>eo</span> <span class='ocrx_word' id='word_1_160' title='bbox 1054 1018 1138 1054; x_wconf 89' lang='lat' dir='ltr'>uncle</span> <span class='ocrx_word' id='word_1_161' title='bbox 1151 1020 1203 1056; x_wconf 91' lang='lat' dir='ltr'>hic</span> <span class='ocrx_word' id='word_1_162' title='bbox 1219 1021 1386 1069; x_wconf 56' lang='lat' dir='ltr'>profeCRus</span> <span class='ocrx_word' id='word_1_163' title='bbox 1401 1022 1444 1056; x_wconf 87' lang='lat' dir='ltr'>est</span> <span class='ocrx_word' id='word_1_164' title='bbox 1457 1049 1467 1064; x_wconf 90' lang='lat'><strong><em>,</em></strong></span> <span class='ocrx_word' id='word_1_165' title='bbox 1491 1020 1628 1069; x_wconf 79' lang='lat' dir='ltr'>repellit.</span> 
     </span>
    </p>

    <p class='ocr_par' dir='ltr' id='par_1_7' title="bbox 373 1065 1776 1168">
     <span class='ocr_line' id='line_1_17' title="bbox 418 1065 1774 1119; baseline 0.002 -17"><span class='ocrx_word' id='word_1_166' title='bbox 418 1079 450 1102; x_wconf 85' lang='lat'>2.</span> <span class='ocrx_word' id='word_1_167' title='bbox 464 1068 630 1113; x_wconf 75' lang='lat' dir='ltr'>Sicotpus</span> <span class='ocrx_word' id='word_1_168' title='bbox 645 1067 813 1102; x_wconf 82' lang='lat' dir='ltr'>elasticum</span> <span class='ocrx_word' id='word_1_169' title='bbox 823 1068 894 1103; x_wconf 84' lang='lat' dir='ltr'>Ain</span> <span class='ocrx_word' id='word_1_170' title='bbox 910 1067 998 1102; x_wconf 77' lang='lat' dir='ltr'>aliud</span> <span class='ocrx_word' id='word_1_171' title='bbox 1016 1065 1073 1102; x_wconf 84' lang='lat' dir='ltr'>fibi</span> <span class='ocrx_word' id='word_1_172' title='bbox 1093 1069 1217 1116; x_wconf 85' lang='lat' dir='ltr'>aequale</span> <span class='ocrx_word' id='word_1_173' title='bbox 1235 1076 1270 1108; x_wconf 89' lang='lat'>&amp;</span> <span class='ocrx_word' id='word_1_174' title='bbox 1283 1072 1432 1119; x_wconf 85' lang='lat' dir='ltr'>quietum</span> <span class='ocrx_word' id='word_1_175' title='bbox 1451 1071 1477 1104; x_wconf 89' lang='grc' dir='ltr'><strong>Β</strong></span> <span class='ocrx_word' id='word_1_176' title='bbox 1487 1072 1576 1106; x_wconf 65' lang='lat' dir='ltr'>recta</span> <span class='ocrx_word' id='word_1_177' title='bbox 1593 1071 1774 1119; x_wconf 80' lang='lat' dir='ltr'>impingat,</span> 
     </span>
     <span class='ocr_line' id='line_1_18' title="bbox 373 1112 1776 1168; baseline 0.004 -20"><span class='ocrx_word' id='word_1_178' title='bbox 373 1116 462 1162; x_wconf 82' lang='lat' dir='ltr'>prius</span> <span class='ocrx_word' id='word_1_179' title='bbox 477 1115 614 1162; x_wconf 83' lang='lat' dir='ltr'>quidem</span> <span class='ocrx_word' id='word_1_180' title='bbox 628 1112 769 1160; x_wconf 72' lang='lat' dir='ltr'>fi&#39;stetur3</span> <span class='ocrx_word' id='word_1_181' title='bbox 784 1114 837 1150; x_wconf 90' lang='lat' dir='ltr'>sed</span> <span class='ocrx_word' id='word_1_182' title='bbox 846 1128 983 1152; x_wconf 84' lang='lat' dir='ltr'>omnem</span> <span class='ocrx_word' id='word_1_183' title='bbox 997 1116 1086 1151; x_wconf 90' lang='lat' dir='ltr'>suum</span> <span class='ocrx_word' id='word_1_184' title='bbox 1099 1129 1229 1155; x_wconf 88' lang='lat' dir='ltr'>motum</span> <span class='ocrx_word' id='word_1_185' title='bbox 1246 1121 1375 1168; x_wconf 83' lang='lat' dir='ltr'>corpori</span> <span class='ocrx_word' id='word_1_186' title='bbox 1389 1118 1465 1158; x_wconf 64' lang='lat' dir='ltr'>ante</span> <span class='ocrx_word' id='word_1_187' title='bbox 1476 1121 1617 1155; x_wconf 87' lang='lat' dir='ltr'>immoto</span> <span class='ocrx_word' id='word_1_188' title='bbox 1630 1131 1776 1154; x_wconf 87' lang='lat' dir='ltr'>commu-</span> 
     </span>
    </p>
   </div>
   <div class='ocr_carea' id='block_1_6' title="bbox 372 1162 1795 1263">
    <p class='ocr_par' dir='ltr' id='par_1_8' title="bbox 372 1162 1795 1263">
     <span class='ocr_line' id='line_1_19' title="bbox 373 1162 1795 1218; baseline 0.004 -19"><span class='ocrx_word' id='word_1_189' title='bbox 373 1162 509 1200; x_wconf 83' lang='lat' dir='ltr'>nicabit.</span> <span class='ocrx_word' id='word_1_190' title='bbox 526 1165 629 1199; x_wconf 80' lang='lat' dir='ltr'>Ratio</span> <span class='ocrx_word' id='word_1_191' title='bbox 644 1164 738 1213; x_wconf 82' lang='lat' dir='ltr'>hujus</span> <span class='ocrx_word' id='word_1_192' title='bbox 759 1163 898 1201; x_wconf 67' lang='lat' dir='ltr'>effiestfis</span> <span class='ocrx_word' id='word_1_193' title='bbox 916 1177 957 1200; x_wconf 88' lang='lat' dir='ltr'>ea</span> <span class='ocrx_word' id='word_1_194' title='bbox 974 1165 1111 1202; x_wconf 23' lang='lat' dir='ltr'>videtur*</span> <span class='ocrx_word' id='word_1_195' title='bbox 1132 1167 1195 1205; x_wconf 83' lang='lat' dir='ltr'>effe</span> <span class='ocrx_word' id='word_1_196' title='bbox 1210 1197 1220 1214; x_wconf 90' lang='lat'>‚</span> <span class='ocrx_word' id='word_1_197' title='bbox 1246 1169 1337 1218; x_wconf 89' lang='lat' dir='ltr'>quod</span> <span class='ocrx_word' id='word_1_198' title='bbox 1352 1179 1463 1204; x_wconf 84' lang='lat' dir='ltr'>motus</span> <span class='ocrx_word' id='word_1_199' title='bbox 1485 1168 1625 1204; x_wconf 63' lang='lat' dir='ltr'>directus</span> <span class='ocrx_word' id='word_1_200' title='bbox 1639 1166 1731 1217; x_wconf 83' lang='lat' dir='ltr'>globi</span> <span class='ocrx_word' id='word_1_201' title='bbox 1743 1168 1795 1204; x_wconf 56' lang='grc' dir='ltr'>Αἱ</span> 
     </span>
     <span class='ocr_line' id='line_1_20' title="bbox 372 1210 1092 1263; baseline 0.003 -17"><span class='ocrx_word' id='word_1_202' title='bbox 372 1210 414 1246; x_wconf 85' lang='lat' dir='ltr'>ab</span> <span class='ocrx_word' id='word_1_203' title='bbox 434 1212 566 1247; x_wconf 85' lang='lat' dir='ltr'>alterius</span> <span class='ocrx_word' id='word_1_204' title='bbox 585 1212 724 1250; x_wconf 84' lang='lat' dir='ltr'>elaterio</span> <span class='ocrx_word' id='word_1_205' title='bbox 743 1215 777 1249; x_wconf 90' lang='lat' dir='ltr'>in</span> <span class='ocrx_word' id='word_1_206' title='bbox 798 1215 995 1250; x_wconf 84' lang='lat' dir='ltr'>contrariam</span> <span class='ocrx_word' id='word_1_207' title='bbox 1010 1227 1092 1263; x_wconf 52' lang='lat' dir='ltr'>⁴par-</span> 
     </span>
    </p>
   </div>
   <div class='ocr_carea' id='block_1_7' title="bbox 373 1236 1750 1411">
    <p class='ocr_par' dir='ltr' id='par_1_9' title="bbox 373 1236 1750 1411">
     <span class='ocr_line' id='line_1_21' title="bbox 375 1236 1533 1366; baseline 0.004 -72"><span class='ocrx_word' id='word_1_208' title='bbox 375 1272 443 1294; x_wconf 81' lang='lat' dir='ltr'>tem</span> <span class='ocrx_word' id='word_1_209' title='bbox 453 1261 626 1308; x_wconf 83' lang='lat' dir='ltr'>repellatur</span> <span class='ocrx_word' id='word_1_210' title='bbox 634 1290 644 1306; x_wconf 88' lang='lat'>,</span> <span class='ocrx_word' id='word_1_211' title='bbox 657 1266 692 1298; x_wconf 87' lang='lat'>&amp;</span> <span class='ocrx_word' id='word_1_212' title='bbox 706 1262 821 1297; x_wconf 87' lang='lat' dir='ltr'>eadem</span> <span class='ocrx_word' id='word_1_213' title='bbox 831 1263 864 1296; x_wconf 88' lang='lat' dir='ltr'>vi</span> <span class='ocrx_word' id='word_1_214' title='bbox 874 1274 938 1310; x_wconf 86' lang='lat' dir='ltr'>qua</span> <span class='ocrx_word' id='word_1_215' title='bbox 946 1261 1051 1311; x_wconf 80' lang='lat' dir='ltr'>globii</span> <span class='ocrx_word' id='word_1_216' title='bbox 1062 1265 1086 1297; x_wconf 95' lang='lat' dir='ltr'><strong>B</strong></span> <span class='ocrx_word' id='word_1_217' title='bbox 1113 1244 1235 1366; x_wconf 51' lang='grc' dir='ltr'><em>Ξ</em></span> <span class='ocrx_word' id='word_1_218' title='bbox 1406 1236 1533 1361; x_wconf 54' lang='grc' dir='ltr'><em>Ξ</em></span> 
     </span>
     <span class='ocr_line' id='line_1_22' title="bbox 373 1307 1747 1406; baseline 0.004 -63"><span class='ocrx_word' id='word_1_219' title='bbox 373 1307 582 1345; x_wconf 85' lang='lat' dir='ltr'>immobilem</span> <span class='ocrx_word' id='word_1_220' title='bbox 595 1308 794 1358; x_wconf 81' lang='lat' dir='ltr'>percusserat.</span> <span class='ocrx_word' id='word_1_221' title='bbox 805 1310 895 1346; x_wconf 68' lang='lat' dir='ltr'>Cum</span> <span class='ocrx_word' id='word_1_222' title='bbox 908 1313 1005 1360; x_wconf 83' lang='lat' dir='ltr'>igitur</span> <span class='ocrx_word' id='word_1_223' title='bbox 1014 1311 1084 1360; x_wconf 83' lang='lat' dir='ltr'>glo·</span> <span class='ocrx_word' id='word_1_224' title='bbox 1199 1357 1368 1369; x_wconf 57' lang='lat' dir='ltr'><em>W</em></span> <span class='ocrx_word' id='word_1_225' title='bbox 1507 1352 1747 1406; x_wconf 71' lang='lat' dir='ltr'>G</span> 
     </span>
     <span class='ocr_line' id='line_1_23' title="bbox 1144 1370 1750 1411; baseline -0.002 0"><span class='ocrx_word' id='word_1_226' title='bbox 1144 1376 1193 1411; x_wconf 64' lang='lat' dir='ltr'>Ac</span> <span class='ocrx_word' id='word_1_227' title='bbox 1453 1370 1506 1408; x_wconf 51' lang='grc' dir='ltr'>Βν</span> <span class='ocrx_word' id='word_1_228' title='bbox 1747 1386 1750 1390; x_wconf 91' lang='grc'><em>·</em></span> 
     </span>
    </p>
   </div>
   <div class='ocr_carea' id='block_1_8' title="bbox 366 1356 1797 2297">
    <p class='ocr_par' dir='ltr' id='par_1_10' title="bbox 374 1356 1084 1396">
     <span class='ocr_line' id='line_1_24' title="bbox 374 1356 1084 1396; baseline 0.004 -3"><span class='ocrx_word' id='word_1_229' title='bbox 374 1356 421 1392; x_wconf 86' lang='lat' dir='ltr'>bo</span> <span class='ocrx_word' id='word_1_230' title='bbox 432 1360 460 1394; x_wconf 82' lang='lat' dir='ltr'>A</span> <span class='ocrx_word' id='word_1_231' title='bbox 470 1357 563 1394; x_wconf 83' lang='lat' dir='ltr'>infint</span> <span class='ocrx_word' id='word_1_232' title='bbox 572 1359 939 1396; x_wconf 37' lang='lat' dir='ltr'>duaevdeterminationes</span> <span class='ocrx_word' id='word_1_233' title='bbox 954 1372 1084 1396; x_wconf 56' lang='lat' dir='ltr'>contra-2</span> 
     </span>
    </p>

    <p class='ocr_par' dir='ltr' id='par_1_11' title="bbox 375 1409 1103 1456">
     <span class='ocr_line' id='line_1_25' title="bbox 375 1409 1103 1456; baseline 0.004 -15"><span class='ocrx_word' id='word_1_234' title='bbox 375 1410 444 1452; x_wconf 85' lang='lat' dir='ltr'>riae,</span> <span class='ocrx_word' id='word_1_235' title='bbox 462 1420 527 1443; x_wconf 89' lang='lat' dir='ltr'>una</span> <span class='ocrx_word' id='word_1_236' title='bbox 541 1420 604 1456; x_wconf 87' lang='lat' dir='ltr'>qua</span> <span class='ocrx_word' id='word_1_237' title='bbox 617 1420 768 1444; x_wconf 83' lang='lat' dir='ltr'>movetur</span> <span class='ocrx_word' id='word_1_238' title='bbox 777 1409 881 1445; x_wconf 84' lang='lat' dir='ltr'>versus</span> <span class='ocrx_word' id='word_1_239' title='bbox 907 1411 931 1444; x_wconf 89' lang='grc' dir='ltr'>Β</span> <span class='ocrx_word' id='word_1_240' title='bbox 944 1438 954 1453; x_wconf 84' lang='grc'><strong>,</strong></span> <span class='ocrx_word' id='word_1_241' title='bbox 971 1409 1086 1453; x_wconf 86' lang='lat' dir='ltr'>altera,</span> <span class='ocrx_word' id='word_1_242' title='bbox 1099 1436 1103 1439; x_wconf 58' lang='grc'><strong>»</strong></span> 
     </span>
    </p>

    <p class='ocr_par' dir='ltr' id='par_1_12' title="bbox 375 1454 1794 1556">
     <span class='ocr_line' id='line_1_26' title="bbox 376 1454 1794 1506; baseline 0.003 -13"><span class='ocrx_word' id='word_1_243' title='bbox 376 1461 409 1493; x_wconf 92' lang='lat'>&amp;</span> <span class='ocrx_word' id='word_1_244' title='bbox 419 1456 550 1505; x_wconf 83' lang='lat' dir='ltr'>aequalis</span> <span class='ocrx_word' id='word_1_245' title='bbox 565 1469 629 1505; x_wconf 81' lang='lat' dir='ltr'>qua</span> <span class='ocrx_word' id='word_1_246' title='bbox 641 1457 808 1506; x_wconf 87' lang='lat' dir='ltr'>repellitur</span> <span class='ocrx_word' id='word_1_247' title='bbox 821 1486 832 1502; x_wconf 93' lang='lat'>,</span> <span class='ocrx_word' id='word_1_248' title='bbox 855 1456 961 1495; x_wconf 81' lang='lat' dir='ltr'>ambae</span> <span class='ocrx_word' id='word_1_249' title='bbox 974 1457 1035 1493; x_wconf 88' lang='lat' dir='ltr'>illae</span> <span class='ocrx_word' id='word_1_250' title='bbox 1044 1456 1337 1494; x_wconf 84' lang='lat' dir='ltr'>determinationes</span> <span class='ocrx_word' id='word_1_251' title='bbox 1355 1454 1418 1492; x_wconf 86' lang='lat' dir='ltr'>sese</span> <span class='ocrx_word' id='word_1_252' title='bbox 1437 1466 1552 1491; x_wconf 86' lang='lat' dir='ltr'>mutuo</span> <span class='ocrx_word' id='word_1_253' title='bbox 1568 1455 1695 1492; x_wconf 77' lang='lat' dir='ltr'>elidunt</span> <span class='ocrx_word' id='word_1_254' title='bbox 1711 1485 1723 1502; x_wconf 91' lang='lat'>,</span> <span class='ocrx_word' id='word_1_255' title='bbox 1739 1463 1777 1497; x_wconf 76' lang='grc' dir='ltr'>δε</span> <span class='ocrx_word' id='word_1_256' title='bbox 1791 1468 1794 1487; x_wconf 81' lang='grc' dir='ltr'><strong><em>ῑ</em></strong></span> 
     </span>
     <span class='ocr_line' id='line_1_27' title="bbox 375 1503 1596 1556; baseline 0.001 -16"><span class='ocrx_word' id='word_1_257' title='bbox 375 1506 544 1541; x_wconf 83' lang='lat' dir='ltr'>destruunt</span> <span class='ocrx_word' id='word_1_258' title='bbox 565 1520 573 1542; x_wconf 72' lang='grc' dir='ltr'><strong><em>ε</em></strong></span> <span class='ocrx_word' id='word_1_259' title='bbox 591 1505 644 1540; x_wconf 89' lang='lat' dir='ltr'>sed</span> <span class='ocrx_word' id='word_1_260' title='bbox 660 1506 779 1556; x_wconf 85' lang='lat' dir='ltr'>globus</span> <span class='ocrx_word' id='word_1_261' title='bbox 793 1507 822 1541; x_wconf 83' lang='lat' dir='ltr'>A</span> <span class='ocrx_word' id='word_1_262' title='bbox 838 1510 908 1543; x_wconf 88' lang='lat' dir='ltr'>vim</span> <span class='ocrx_word' id='word_1_263' title='bbox 922 1520 1060 1544; x_wconf 89' lang='lat' dir='ltr'>omnem</span> <span class='ocrx_word' id='word_1_264' title='bbox 1079 1507 1162 1543; x_wconf 86' lang='lat' dir='ltr'>suam</span> <span class='ocrx_word' id='word_1_265' title='bbox 1181 1503 1286 1552; x_wconf 82' lang='lat' dir='ltr'>globo</span> <span class='ocrx_word' id='word_1_266' title='bbox 1301 1507 1327 1539; x_wconf 92' lang='lat' dir='ltr'>B</span> <span class='ocrx_word' id='word_1_267' title='bbox 1346 1507 1596 1542; x_wconf 64' lang='lat' dir='ltr'>communican-</span> 
     </span>
    </p>

    <p class='ocr_par' dir='ltr' id='par_1_13' title="bbox 377 1551 1797 1705">
     <span class='ocr_line' id='line_1_28' title="bbox 420 1551 1797 1605; baseline 0.001 -16"><span class='ocrx_word' id='word_1_268' title='bbox 420 1557 509 1604; x_wconf 84' lang='lat' dir='ltr'><em>Opp.</em></span> <span class='ocrx_word' id='word_1_269' title='bbox 521 1579 523 1581; x_wconf 37' lang='lat' dir='ltr'>v</span> <span class='ocrx_word' id='word_1_270' title='bbox 535 1568 560 1592; x_wconf 89' lang='lat'>1.</span> <span class='ocrx_word' id='word_1_271' title='bbox 583 1556 712 1605; x_wconf 84' lang='lat' dir='ltr'>Corpus</span> <span class='ocrx_word' id='word_1_272' title='bbox 733 1556 1008 1592; x_wconf 64' lang='lat' dir='ltr'>licet³immoturn</span> <span class='ocrx_word' id='word_1_273' title='bbox 1022 1570 1089 1593; x_wconf 87' lang='lat' dir='ltr'>non</span> <span class='ocrx_word' id='word_1_274' title='bbox 1106 1551 1337 1591; x_wconf 78' lang='lat' dir='ltr'>resistitmotui</span> <span class='ocrx_word' id='word_1_275' title='bbox 1353 1567 1361 1590; x_wconf 92' lang='lat'>:</span> <span class='ocrx_word' id='word_1_276' title='bbox 1380 1566 1453 1589; x_wconf 85' lang='lat' dir='ltr'>cum</span> <span class='ocrx_word' id='word_1_277' title='bbox 1471 1552 1619 1591; x_wconf 66' lang='lat' dir='ltr'>idfaeile</span> <span class='ocrx_word' id='word_1_278' title='bbox 1632 1553 1707 1590; x_wconf 89' lang='lat' dir='ltr'>loco</span> <span class='ocrx_word' id='word_1_279' title='bbox 1720 1552 1776 1590; x_wconf 85' lang='lat' dir='ltr'>suo</span> <span class='ocrx_word' id='word_1_280' title='bbox 1794 1572 1797 1574; x_wconf 58' lang='lat'><em>&gt;</em></span> 
     </span>
     <span class='ocr_line' id='line_1_29' title="bbox 377 1600 1790 1652; baseline 0.001 -14"><span class='ocrx_word' id='word_1_281' title='bbox 377 1605 539 1639; x_wconf 77' lang='lat' dir='ltr'>dimoveri</span> <span class='ocrx_word' id='word_1_282' title='bbox 553 1602 649 1652; x_wconf 79' lang='lat' dir='ltr'>poffit</span> <span class='ocrx_word' id='word_1_283' title='bbox 669 1622 679 1649; x_wconf 77' lang='lat'>3</span> <span class='ocrx_word' id='word_1_284' title='bbox 699 1617 806 1652; x_wconf 89' lang='lat' dir='ltr'>neque</span> <span class='ocrx_word' id='word_1_285' title='bbox 818 1606 901 1640; x_wconf 90' lang='lat' dir='ltr'>adeo</span> <span class='ocrx_word' id='word_1_286' title='bbox 914 1605 967 1641; x_wconf 91' lang='lat' dir='ltr'>hic</span> <span class='ocrx_word' id='word_1_287' title='bbox 979 1605 1067 1641; x_wconf 80' lang='lat' dir='ltr'>suam</span> <span class='ocrx_word' id='word_1_288' title='bbox 1079 1613 1185 1641; x_wconf 86' lang='lat' dir='ltr'>mutat</span> <span class='ocrx_word' id='word_1_289' title='bbox 1202 1600 1337 1652; x_wconf 86' lang='lat' dir='ltr'>figuram</span> <span class='ocrx_word' id='word_1_290' title='bbox 1352 1632 1364 1647; x_wconf 88' lang='lat'>‚</span> <span class='ocrx_word' id='word_1_291' title='bbox 1388 1614 1444 1638; x_wconf 86' lang='lat' dir='ltr'>aut</span> <span class='ocrx_word' id='word_1_292' title='bbox 1456 1605 1682 1651; x_wconf 85' lang='lat' dir='ltr'>comprimitur</span> <span class='ocrx_word' id='word_1_293' title='bbox 1700 1616 1790 1640; x_wconf 36' lang='lat' dir='ltr'>:er-⁷</span> 
     </span>
     <span class='ocr_line' id='line_1_30' title="bbox 377 1651 1794 1705; baseline 0.002 -18"><span class='ocrx_word' id='word_1_294' title='bbox 377 1666 421 1704; x_wconf 81' lang='lat' dir='ltr'>go</span> <span class='ocrx_word' id='word_1_295' title='bbox 434 1651 553 1702; x_wconf 85' lang='lat' dir='ltr'>globus</span> <span class='ocrx_word' id='word_1_296' title='bbox 567 1654 593 1688; x_wconf 88' lang='lat' dir='ltr'>B</span> <span class='ocrx_word' id='word_1_297' title='bbox 606 1653 683 1689; x_wconf 87' lang='lat' dir='ltr'>dum</span> <span class='ocrx_word' id='word_1_298' title='bbox 694 1656 883 1702; x_wconf 88' lang='lat' dir='ltr'>percutitur,</span> <span class='ocrx_word' id='word_1_299' title='bbox 896 1667 964 1690; x_wconf 90' lang='lat' dir='ltr'>non</span> <span class='ocrx_word' id='word_1_300' title='bbox 974 1655 1081 1703; x_wconf 87' lang='lat' dir='ltr'>potest</span> <span class='ocrx_word' id='word_1_301' title='bbox 1094 1657 1129 1691; x_wconf 89' lang='lat' dir='ltr'>vi</span> <span class='ocrx_word' id='word_1_302' title='bbox 1142 1651 1193 1686; x_wconf 89' lang='lat' dir='ltr'>sua</span> <span class='ocrx_word' id='word_1_303' title='bbox 1217 1652 1344 1687; x_wconf 85' lang='lat' dir='ltr'>elastica</span> <span class='ocrx_word' id='word_1_304' title='bbox 1357 1651 1495 1702; x_wconf 83' lang='lat' dir='ltr'>globum</span> <span class='ocrx_word' id='word_1_305' title='bbox 1508 1652 1725 1703; x_wconf 81' lang='lat' dir='ltr'>A--repellere.</span> <span class='ocrx_word' id='word_1_306' title='bbox 1789 1700 1794 1705; x_wconf 22' lang='lat'>,⁷</span> 
     </span>
    </p>

    <p class='ocr_par' dir='ltr' id='par_1_14' title="bbox 380 1700 1795 1848">
     <span class='ocr_line' id='line_1_31' title="bbox 415 1700 1795 1752; baseline 0.001 -16"><span class='ocrx_word' id='word_1_307' title='bbox 415 1704 506 1750; x_wconf 76' lang='lat' dir='ltr'>Resp.</span> <span class='ocrx_word' id='word_1_308' title='bbox 523 1702 600 1738; x_wconf 88' lang='lat' dir='ltr'>hinc</span> <span class='ocrx_word' id='word_1_309' title='bbox 612 1700 682 1738; x_wconf 87' lang='lat' dir='ltr'>fieri</span> <span class='ocrx_word' id='word_1_310' title='bbox 696 1703 901 1739; x_wconf 87' lang='lat' dir='ltr'>manifestum</span> <span class='ocrx_word' id='word_1_311' title='bbox 913 1714 1027 1752; x_wconf 81' lang='lat' dir='ltr'>corpus</span> <span class='ocrx_word' id='word_1_312' title='bbox 1036 1704 1136 1739; x_wconf 81' lang='lat' dir='ltr'>omne</span> <span class='ocrx_word' id='word_1_313' title='bbox 1158 1703 1264 1736; x_wconf 86' lang='lat' dir='ltr'>motui</span> <span class='ocrx_word' id='word_1_314' title='bbox 1276 1700 1441 1746; x_wconf 86' lang='lat' dir='ltr'>refistere·,</span> <span class='ocrx_word' id='word_1_315' title='bbox 1458 1714 1521 1737; x_wconf 85' lang='lat' dir='ltr'>nec</span> <span class='ocrx_word' id='word_1_316' title='bbox 1535 1701 1633 1749; x_wconf 85' lang='lat' dir='ltr'>plane</span> <span class='ocrx_word' id='word_1_317' title='bbox 1654 1700 1717 1738; x_wconf 77' lang='lat' dir='ltr'>etse</span> <span class='ocrx_word' id='word_1_318' title='bbox 1733 1702 1776 1738; x_wconf 81' lang='lat' dir='ltr'>ad</span> <span class='ocrx_word' id='word_1_319' title='bbox 1791 1708 1795 1726; x_wconf 76' lang='lat'>³</span> 
     </span>
     <span class='ocr_line' id='line_1_32' title="bbox 380 1748 1776 1798; baseline -0.001 -10"><span class='ocrx_word' id='word_1_320' title='bbox 380 1762 508 1788; x_wconf 87' lang='lat' dir='ltr'>motum</span> <span class='ocrx_word' id='word_1_321' title='bbox 519 1755 552 1787; x_wconf 91' lang='lat'>&amp;</span> <span class='ocrx_word' id='word_1_322' title='bbox 562 1753 711 1797; x_wconf 88' lang='lat' dir='ltr'>quietern</span> <span class='ocrx_word' id='word_1_323' title='bbox 726 1749 912 1787; x_wconf 86' lang='lat' dir='ltr'>indifferens</span> <span class='ocrx_word' id='word_1_324' title='bbox 924 1769 933 1795; x_wconf 81' lang='lat'>3</span> <span class='ocrx_word' id='word_1_325' title='bbox 945 1752 1034 1795; x_wconf 87' lang='lat' dir='ltr'>quod</span> <span class='ocrx_word' id='word_1_326' title='bbox 1043 1755 1144 1786; x_wconf 85' lang='lat' dir='ltr'>etiam</span> <span class='ocrx_word' id='word_1_327' title='bbox 1158 1760 1198 1782; x_wconf 88' lang='lat' dir='ltr'>ex</span> <span class='ocrx_word' id='word_1_328' title='bbox 1210 1749 1329 1784; x_wconf 89' lang='lat' dir='ltr'>annulo</span> <span class='ocrx_word' id='word_1_329' title='bbox 1343 1750 1452 1784; x_wconf 89' lang='lat' dir='ltr'>ferreo</span> <span class='ocrx_word' id='word_1_330' title='bbox 1463 1755 1497 1786; x_wconf 88' lang='lat'><strong>&amp;</strong></span> <span class='ocrx_word' id='word_1_331' title='bbox 1511 1748 1776 1798; x_wconf 80' lang='lat' dir='ltr'>suspenso-osten·</span> 
     </span>
     <span class='ocr_line' id='line_1_33' title="bbox 381 1796 1486 1848; baseline -0.002 -13"><span class='ocrx_word' id='word_1_332' title='bbox 381 1801 503 1836; x_wconf 81' lang='lat' dir='ltr'>dimus.</span> <span class='ocrx_word' id='word_1_333' title='bbox 526 1801 617 1835; x_wconf 87' lang='lat' dir='ltr'>Nam</span> <span class='ocrx_word' id='word_1_334' title='bbox 634 1799 688 1834; x_wconf 86' lang='lat' dir='ltr'>vel</span> <span class='ocrx_word' id='word_1_335' title='bbox 703 1798 821 1835; x_wconf 87' lang='lat' dir='ltr'>leviter</span> <span class='ocrx_word' id='word_1_336' title='bbox 837 1796 994 1848; x_wconf 77' lang='lat' dir='ltr'>percussus</span> <span class='ocrx_word' id='word_1_337' title='bbox 1011 1802 1142 1844; x_wconf 89' lang='lat' dir='ltr'>tremit,</span> <span class='ocrx_word' id='word_1_338' title='bbox 1159 1802 1194 1834; x_wconf 75' lang='grc' dir='ltr'>δε</span> <span class='ocrx_word' id='word_1_339' title='bbox 1217 1796 1351 1845; x_wconf 81' lang='lat' dir='ltr'>figuram</span> <span class='ocrx_word' id='word_1_340' title='bbox 1371 1808 1486 1834; x_wconf 87' lang='lat' dir='ltr'>mutat.</span> 
     </span>
    </p>

    <p class='ocr_par' dir='ltr' id='par_1_15' title="bbox 382 1844 1785 1984">
     <span class='ocr_line' id='line_1_34' title="bbox 396 1844 1773 1897; baseline -0.002 -14"><span class='ocrx_word' id='word_1_341' title='bbox 396 1848 482 1897; x_wconf 82' lang='lat' dir='ltr'><em>Opp.</em></span> <span class='ocrx_word' id='word_1_342' title='bbox 494 1863 520 1885; x_wconf 87' lang='lat'>2.</span> <span class='ocrx_word' id='word_1_343' title='bbox 536 1847 636 1884; x_wconf 89' lang='lat' dir='ltr'>Nulla</span> <span class='ocrx_word' id='word_1_344' title='bbox 649 1848 798 1884; x_wconf 79' lang='lat' dir='ltr'>estratio</span> <span class='ocrx_word' id='word_1_345' title='bbox 810 1861 866 1883; x_wconf 89' lang='lat' dir='ltr'>cur</span> <span class='ocrx_word' id='word_1_346' title='bbox 877 1847 996 1897; x_wconf 87' lang='lat' dir='ltr'>globus</span> <span class='ocrx_word' id='word_1_347' title='bbox 1014 1850 1184 1885; x_wconf 88' lang='lat' dir='ltr'>Aomnem</span> <span class='ocrx_word' id='word_1_348' title='bbox 1197 1845 1283 1881; x_wconf 89' lang='lat' dir='ltr'>suum</span> <span class='ocrx_word' id='word_1_349' title='bbox 1296 1857 1422 1882; x_wconf 90' lang='lat' dir='ltr'>motum</span> <span class='ocrx_word' id='word_1_350' title='bbox 1433 1844 1576 1896; x_wconf 79' lang='lat' dir='ltr'>globoB</span> <span class='ocrx_word' id='word_1_351' title='bbox 1585 1850 1773 1884; x_wconf 83' lang='lat' dir='ltr'>communi-</span> 
     </span>
     <span class='ocr_line' id='line_1_35' title="bbox 382 1894 1785 1946; baseline 0.001 -14"><span class='ocrx_word' id='word_1_352' title='bbox 382 1909 445 1933; x_wconf 88' lang='lat' dir='ltr'>cet.</span> <span class='ocrx_word' id='word_1_353' title='bbox 479 1899 569 1934; x_wconf 89' lang='lat' dir='ltr'>Nam</span> <span class='ocrx_word' id='word_1_354' title='bbox 594 1895 615 1932; x_wconf 86' lang='lat' dir='ltr'>fi</span> <span class='ocrx_word' id='word_1_355' title='bbox 632 1894 730 1933; x_wconf 75' lang='lat' dir='ltr'>effen:</span> <span class='ocrx_word' id='word_1_356' title='bbox 751 1896 852 1934; x_wconf 80' lang='lat' dir='ltr'>ambo</span> <span class='ocrx_word' id='word_1_357' title='bbox 878 1897 1014 1934; x_wconf 87' lang='lat' dir='ltr'>elaterio</span> <span class='ocrx_word' id='word_1_358' title='bbox 1032 1899 1197 1941; x_wconf 85' lang='lat' dir='ltr'>destituti,</span> <span class='ocrx_word' id='word_1_359' title='bbox 1221 1897 1256 1931; x_wconf 89' lang='lat' dir='ltr'>in</span> <span class='ocrx_word' id='word_1_360' title='bbox 1274 1895 1401 1932; x_wconf 83' lang='lat' dir='ltr'>easdem</span> <span class='ocrx_word' id='word_1_361' title='bbox 1421 1906 1528 1946; x_wconf 85' lang='lat' dir='ltr'>partes</span> <span class='ocrx_word' id='word_1_362' title='bbox 1546 1908 1622 1933; x_wconf 90' lang='lat' dir='ltr'>cum</span> <span class='ocrx_word' id='word_1_363' title='bbox 1638 1897 1785 1934; x_wconf 72' lang='lat' dir='ltr'>dimidia·</span> 
     </span>
     <span class='ocr_line' id='line_1_36' title="bbox 383 1945 800 1984; baseline 0.002 -2"><span class='ocrx_word' id='word_1_364' title='bbox 383 1945 561 1982; x_wconf 87' lang='lat' dir='ltr'>velocitate</span> <span class='ocrx_word' id='word_1_365' title='bbox 579 1958 800 1984; x_wconf 82' lang='lat' dir='ltr'>moverentur.</span> 
     </span>
    </p>

    <p class='ocr_par' dir='ltr' id='par_1_16' title="bbox 418 1995 1782 2048">
     <span class='ocr_line' id='line_1_37' title="bbox 418 1995 1782 2048; baseline 0.005 -20"><span class='ocrx_word' id='word_1_366' title='bbox 418 1996 584 2043; x_wconf 66' lang='lat' dir='ltr'>Respmem</span> <span class='ocrx_word' id='word_1_367' title='bbox 598 1998 645 2030; x_wconf 87' lang='lat' dir='ltr'>ita</span> <span class='ocrx_word' id='word_1_368' title='bbox 664 1995 745 2040; x_wconf 83' lang='lat' dir='ltr'>esse,</span> <span class='ocrx_word' id='word_1_369' title='bbox 766 1996 819 2032; x_wconf 85' lang='lat' dir='ltr'>sed</span> <span class='ocrx_word' id='word_1_370' title='bbox 830 1995 999 2034; x_wconf 83' lang='lat' dir='ltr'>elaterium</span> <span class='ocrx_word' id='word_1_371' title='bbox 1022 1998 1114 2048; x_wconf 88' lang='lat' dir='ltr'>globi</span> <span class='ocrx_word' id='word_1_372' title='bbox 1128 2001 1154 2034; x_wconf 92' lang='lat' dir='ltr'>B</span> <span class='ocrx_word' id='word_1_373' title='bbox 1172 2028 1183 2043; x_wconf 82' lang='grc'>,</span> <span class='ocrx_word' id='word_1_374' title='bbox 1192 1996 1281 2046; x_wconf 88' lang='lat' dir='ltr'>quod</span> <span class='ocrx_word' id='word_1_375' title='bbox 1292 2007 1467 2044; x_wconf 84' lang='lat' dir='ltr'>utrumque</span> <span class='ocrx_word' id='word_1_376' title='bbox 1478 2007 1593 2045; x_wconf 83' lang='lat' dir='ltr'>corpus</span> <span class='ocrx_word' id='word_1_377' title='bbox 1603 1995 1782 2045; x_wconf 77' lang='lat' dir='ltr'>aequalitet</span> 
     </span>
    </p>

    <p class='ocr_par' dir='ltr' id='par_1_17' title="bbox 366 2042 1781 2297">
     <span class='ocr_line' id='line_1_38' title="bbox 366 2042 1774 2097; baseline 0 -18"><span class='ocrx_word' id='word_1_378' title='bbox 366 2072 373 2075; x_wconf 28' lang='lat' dir='ltr'>t</span> <span class='ocrx_word' id='word_1_379' title='bbox 384 2042 485 2079; x_wconf 87' lang='lat' dir='ltr'>afficit</span> <span class='ocrx_word' id='word_1_380' title='bbox 501 2073 511 2087; x_wconf 90' lang='lat'>,</span> <span class='ocrx_word' id='word_1_381' title='bbox 537 2045 706 2080; x_wconf 81' lang='lat' dir='ltr'>dimidiam</span> <span class='ocrx_word' id='word_1_382' title='bbox 716 2044 806 2081; x_wconf 85' lang='lat' dir='ltr'>illam</span> <span class='ocrx_word' id='word_1_383' title='bbox 817 2045 1030 2083; x_wconf 85' lang='lat' dir='ltr'>velocitatem</span> <span class='ocrx_word' id='word_1_384' title='bbox 1042 2048 1146 2097; x_wconf 87' lang='lat' dir='ltr'>globo</span> <span class='ocrx_word' id='word_1_385' title='bbox 1158 2049 1186 2083; x_wconf 87' lang='grc' dir='ltr'>Α</span> <span class='ocrx_word' id='word_1_386' title='bbox 1201 2077 1211 2091; x_wconf 86' lang='grc'>,</span> <span class='ocrx_word' id='word_1_387' title='bbox 1236 2059 1316 2094; x_wconf 52' lang='grc' dir='ltr'>(με</span> <span class='ocrx_word' id='word_1_388' title='bbox 1328 2045 1393 2081; x_wconf 88' lang='lat' dir='ltr'>sola</span> <span class='ocrx_word' id='word_1_389' title='bbox 1409 2047 1439 2080; x_wconf 90' lang='lat' dir='ltr'>ei</span> <span class='ocrx_word' id='word_1_390' title='bbox 1452 2044 1576 2093; x_wconf 89' lang='lat' dir='ltr'>reliqua</span> <span class='ocrx_word' id='word_1_391' title='bbox 1592 2045 1649 2090; x_wconf 86' lang='lat' dir='ltr'>est,</span> <span class='ocrx_word' id='word_1_392' title='bbox 1662 2046 1774 2082; x_wconf 83' lang='lat' dir='ltr'>detra-</span> 
     </span>
     <span class='ocr_line' id='line_1_39' title="bbox 386 2093 1774 2147; baseline 0.002 -19"><span class='ocrx_word' id='word_1_393' title='bbox 386 2094 456 2129; x_wconf 53' lang='lat' dir='ltr'>hit}</span> <span class='ocrx_word' id='word_1_394' title='bbox 471 2106 544 2128; x_wconf 90' lang='lat' dir='ltr'>cum</span> <span class='ocrx_word' id='word_1_395' title='bbox 554 2093 721 2129; x_wconf 85' lang='lat' dir='ltr'>elaterium</span> <span class='ocrx_word' id='word_1_396' title='bbox 734 2093 827 2143; x_wconf 82' lang='lat' dir='ltr'>globi</span> <span class='ocrx_word' id='word_1_397' title='bbox 841 2096 871 2130; x_wconf 87' lang='lat' dir='ltr'>A</span> <span class='ocrx_word' id='word_1_398' title='bbox 884 2097 1090 2133; x_wconf 86' lang='lat' dir='ltr'>tantumdem</span> <span class='ocrx_word' id='word_1_399' title='bbox 1104 2109 1222 2147; x_wconf 86' lang='lat' dir='ltr'>augeat</span> <span class='ocrx_word' id='word_1_400' title='bbox 1231 2095 1441 2130; x_wconf 86' lang='lat' dir='ltr'>velocitatem</span> <span class='ocrx_word' id='word_1_401' title='bbox 1458 2093 1551 2143; x_wconf 88' lang='lat' dir='ltr'>globi</span> <span class='ocrx_word' id='word_1_402' title='bbox 1566 2096 1590 2129; x_wconf 93' lang='lat' dir='ltr'>B</span> <span class='ocrx_word' id='word_1_403' title='bbox 1602 2124 1613 2139; x_wconf 83' lang='lat'><strong><em>,</em></strong></span> <span class='ocrx_word' id='word_1_404' title='bbox 1634 2096 1691 2143; x_wconf 91' lang='lat' dir='ltr'>qui</span> <span class='ocrx_word' id='word_1_405' title='bbox 1703 2099 1774 2142; x_wconf 85' lang='lat' dir='ltr'>jam</span> 
     </span>
     <span class='ocr_line' id='line_1_40' title="bbox 387 2142 1773 2194; baseline 0.003 -17"><span class='ocrx_word' id='word_1_406' title='bbox 387 2143 556 2178; x_wconf 88' lang='lat' dir='ltr'>dimidiam</span> <span class='ocrx_word' id='word_1_407' title='bbox 570 2142 707 2178; x_wconf 87' lang='lat' dir='ltr'>haberet</span> <span class='ocrx_word' id='word_1_408' title='bbox 720 2144 932 2180; x_wconf 87' lang='lat' dir='ltr'>velocitatem</span> <span class='ocrx_word' id='word_1_409' title='bbox 943 2174 955 2189; x_wconf 92' lang='lat'>‚</span> <span class='ocrx_word' id='word_1_410' title='bbox 984 2146 1006 2181; x_wconf 82' lang='lat' dir='ltr'>si</span> <span class='ocrx_word' id='word_1_411' title='bbox 1027 2146 1151 2183; x_wconf 90' lang='lat' dir='ltr'>nullum</span> <span class='ocrx_word' id='word_1_412' title='bbox 1171 2150 1204 2182; x_wconf 90' lang='lat' dir='ltr'>in</span> <span class='ocrx_word' id='word_1_413' title='bbox 1217 2148 1254 2180; x_wconf 91' lang='lat' dir='ltr'>iis</span> <span class='ocrx_word' id='word_1_414' title='bbox 1268 2143 1375 2194; x_wconf 86' lang='lat' dir='ltr'>globis</span> <span class='ocrx_word' id='word_1_415' title='bbox 1390 2142 1666 2179; x_wconf 79' lang='lat' dir='ltr'>effetelaterium.</span> <span class='ocrx_word' id='word_1_416' title='bbox 1685 2145 1773 2182; x_wconf 79' lang='lat' dir='ltr'>Cum</span> 
     </span>
     <span class='ocr_line' id='line_1_41' title="bbox 387 2190 1781 2242; baseline 0.004 -16"><span class='ocrx_word' id='word_1_417' title='bbox 387 2194 500 2239; x_wconf 88' lang='lat' dir='ltr'>itaque</span> <span class='ocrx_word' id='word_1_418' title='bbox 515 2191 682 2228; x_wconf 84' lang='lat' dir='ltr'>elaterium</span> <span class='ocrx_word' id='word_1_419' title='bbox 698 2192 791 2241; x_wconf 83' lang='lat' dir='ltr'>globi</span> <span class='ocrx_word' id='word_1_420' title='bbox 806 2195 836 2228; x_wconf 89' lang='lat' dir='ltr'>A</span> <span class='ocrx_word' id='word_1_421' title='bbox 854 2194 1024 2231; x_wconf 87' lang='lat' dir='ltr'>dimidiam</span> <span class='ocrx_word' id='word_1_422' title='bbox 1047 2196 1256 2232; x_wconf 80' lang='lat' dir='ltr'>velocitatem</span> <span class='ocrx_word' id='word_1_423' title='bbox 1280 2195 1447 2242; x_wconf 87' lang='lat' dir='ltr'>impertiat</span> <span class='ocrx_word' id='word_1_424' title='bbox 1467 2190 1578 2242; x_wconf 77' lang='lat' dir='ltr'>globo·</span> <span class='ocrx_word' id='word_1_425' title='bbox 1591 2193 1618 2228; x_wconf 86' lang='grc' dir='ltr'><em>Β</em></span> <span class='ocrx_word' id='word_1_426' title='bbox 1631 2221 1642 2239; x_wconf 89' lang='grc'>,</span> <span class='ocrx_word' id='word_1_427' title='bbox 1667 2203 1781 2231; x_wconf 74' lang='grc' dir='ltr'><strong>ῑοῑωη</strong></span> 
     </span>
     <span class='ocr_line' id='line_1_42' title="bbox 389 2241 1478 2297; baseline 0.006 -18"><span class='ocrx_word' id='word_1_428' title='bbox 389 2246 423 2279; x_wconf 68' lang='grc' dir='ltr'>ὅ(</span> <span class='ocrx_word' id='word_1_429' title='bbox 438 2243 600 2291; x_wconf 83' lang='lat' dir='ltr'>integrum</span> <span class='ocrx_word' id='word_1_430' title='bbox 610 2245 808 2293; x_wconf 60' lang='lat' dir='ltr'>motumqui</span> <span class='ocrx_word' id='word_1_431' title='bbox 818 2255 888 2281; x_wconf 86' lang='lat' dir='ltr'>erat</span> <span class='ocrx_word' id='word_1_432' title='bbox 907 2246 941 2282; x_wconf 92' lang='lat' dir='ltr'>in</span> <span class='ocrx_word' id='word_1_433' title='bbox 953 2244 1058 2295; x_wconf 86' lang='lat' dir='ltr'>globo</span> <span class='ocrx_word' id='word_1_434' title='bbox 1069 2249 1111 2293; x_wconf 87' lang='lat' dir='ltr'>A,</span> <span class='ocrx_word' id='word_1_435' title='bbox 1128 2245 1245 2297; x_wconf 83' lang='lat' dir='ltr'>globus</span> <span class='ocrx_word' id='word_1_436' title='bbox 1259 2245 1283 2279; x_wconf 90' lang='grc' dir='ltr'><strong>Β</strong></span> <span class='ocrx_word' id='word_1_437' title='bbox 1294 2241 1352 2281; x_wconf 83' lang='lat' dir='ltr'>fibi</span> <span class='ocrx_word' id='word_1_438' title='bbox 1363 2243 1478 2280; x_wconf 29' lang='lat' dir='ltr'>sumiti</span> 
     </span>
    </p>
   </div>
  </div>
 </body>
</html>
