1878 2724
343 128 413 169 -26'2
497 160 500 163 .
830 108 1237 155 ·'1³H-YSICAE'

398 1436 542 1473 Citculus
558 1438 588 1471 G
600 1436 671 1471 BH
691 1435 899 1483 concipiatur
920 1443 968 1469 ut*
985 1432 1120 1469 circulus
1148 1431 1275 1481 sphaetae
1301 1433 1458 1468 maximus
1486 1450 1496 1477 ;
1519 1433 1602 1470 illius
1616 1434 1683 1483 poli
1702 1437 1745 1475 Ρ,

355 1492 388 1525 &
401 1490 434 1523 O
450 1515 460 1531 ‚
475 1487 494 1523 :a
519 1486 636 1535 quibus
663 1483 873 1526 describitur,
895 1486 980 1518 inter
999 1481 1029 1516 se
1053 1483 1169 1517 distant
1191 1493 1248 1529 pet
1271 1479 1502 1518 semicirculum
1520 1484 1545 1518 P
1567 1486 1595 1518 G
1610 1486 1646 1520 0
1659 1513 1669 1528 ,
1687 1497 1744 1519 aut

353 1537 444 1585 quod
466 1538 552 1572 idem
573 1535 620 1570 est
636 1537 659 1570 P
672 1536 739 1572 ΒΟ
752 1563 761 1578 ,
775 1546 854 1581 quae
867 1533 942 1568 lieet
956 1533 1043 1567 recia
1053 1531 1137 1566 linea
1151 1531 1298 1566 videatur
1310 1557 1321 1573 ,
1336 1530 1379 1565 est
1401 1542 1509 1567 tamen
1529 1530 1744 1568 semicirculus

353 1589 386 1620 in
401 1586 530 1634 sphaera.
550 1587 663 1632 Qare
673 1585 760 1619 inter
769 1582 924 1617 circulum
934 1584 965 1617 G
976 1583 1010 1616 H
1026 1608 1036 1624 ,
1060 1580 1188 1618 &illius
1203 1578 1314 1628 polum
1323 1581 1347 1614 P
1357 1607 1367 1622 ‚
1384 1579 1404 1616 ἐι
1416 1594 1485 1629 quo
1493 1579 1613 1617 scilicet
1626 1581 1744 1616 destri-

354 1636 454 1678 bitur,
466 1635 513 1669 est
529 1634 686 1683 quadrans
700 1631 884 1676 citculi,seu
897 1643 986 1666 arcus
1001 1643 1051 1674 90
1069 1630 1226 1680 graduum
1238 1631 1261 1664 P
1273 1632 1314 1665 G.
1339 1630 1438 1665 Unde
1461 1629 1564 1680 pofito
1585 1631 1669 1680 pede
1686 1634 1746 1666 cir-

352 1687 416 1720 cini
432 1684 599 1719 immobili
609 1686 642 1718 in
661 1685 684 1718 P
700 1712 709 1727 ,
725 1688 757 1719 &
770 1682 875 1717 altero
890 1680 974 1730 pede
987 1680 1085 1729 usque
1095 1680 1135 1714 ad
1163 1681 1193 1714 G
1216 1680 1370 1727 porrecto
1401 1678 1598 1716 describetur
1608 1679 1745 1716 circulus

353 1736 387 1769 in
411 1734 526 1781 sphaera
541 1735 697 1768 maximus
712 1735 741 1766 G
752 1734 777 1766 Β
787 1732 843 1767 H}

390 1793 433 1826 3⁰·
446 1783 533 1816 Cum
550 1782 619 1815 duae
638 1781 728 1814 lineae
746 1783 769 1815 P
781 1782 816 1816 O
828 1809 837 1823 ‚
848 1785 882 1816 &
893 1780 923 1813 G
934 1779 970 1813 H
981 1807 990 1821 ‚
1013 1779 1058 1812 ita
1072 1776 1102 1811 se
1120 1775 1317 1811 interfecerit
1325 1776 1358 1812 in
1373 1778 1497 1825 pundlo
1514 1782 1538 1813 B
1555 1788 1590 1813 ut
1604 1788 1745 1825 quatuor

352 1831 485 1881 angulos
503 1829 644 1866 efficiant
658 1831 764 1863 reekos
774 1857 783 1872 ,
799 1828 850 1863 seu
861 1841 902 1874 90
913 1827 1066 1876 graduum
1082 1840 1089 1862 ε
1118 1826 1193 1861 hinc
1208 1824 1245 1861 fii:
1257 1826 1442 1861 utcitculus
1455 1829 1479 1862 P
1489 1829 1524 1862 O
1534 1857 1543 1871 ,
1559 1828 1617 1875 qui
1637 1826 1744 1863 transit

353 1875 515 1929 pet'polos'
531 1883 553 1915 P
567 1885 599 1916 &
611 1881 646 1915 O
664 1878 793 1913 alterius
804 1877 913 1914 circuli
927 1878 958 1911 G
978 1878 1002 1911 B
1013 1878 1049 1911 H
1066 1875 1159 1910 illum
1171 1874 1265 1910 secet.
1279 1875 1584 1924 perpendiculariter
1604 1904 1614 1920 ,
1630 1874 1682 1911 seu
1702 1876 1751 1912 ad*

354 1930 485 1977 angulos
508 1932 639 1965 ἰθέως.-

397 1991 445 2024 40.
459 1979 581 2014 Circuli
596 1978 663 2013 fimt
677 1976 819 2026 paralleli
834 2005 844 2019 ,
861 1974 971 2024 quiab'
995 1977 1112 2012 eodem
1125 1975 1203 2025 polo
1216 1974 1434 2010 describuntur
1448 2003 1457 2019 ,
1473 1986 1510 2010 nt
1531 1977 1560 2010 G
1577 1976 1613 2010 H
1625 2004 1634 2019 ‚
1654 1976 1717 2012 ΑΕ
1731 1988 1744 2021 ,’

355 2029 386 2064 K
398 2029 424 2062 L
440 2046 448 2071 ·,
465 2040 500 2061 ac
512 2028 647 2062 circulus
658 2029 814 2062 maximus
829 2028 883 2072 qui
896 2037 954 2073 per
968 2027 1060 2075 polos
1074 2023 1341 2069 alteriuszranfit,
1355 2037 1468 2060 ornnes
1478 2024 1559 2060 illius
1571 2025 1742 2074 parallelos

355 2080 387 2113 in
399 2089 500 2124 :equas
516 2080 681 2127 portiones
690 2076 891 2109 disterminat
902 2103 912 2118 ‚
925 2080 958 2110 ὃ(
969 2076 1008 2110 ad
1025 2076 1159 2124 angulos
1172 2075 1277 2109 testos
1288 2074 1380 2110 secat.
1402 2077 1454 2109 Sic
1474 2074 1607 2108 circulus
1622 2076 1647 2109 P
1659 2076 1683 2108 B
1695 2076 1742 2118 O,

355 2140 412 2174 qui
429 2125 536 2161 transit
550 2138 605 2173 per
616 2125 708 2173 polos
721 2128 744 2160 P
760 2131 792 2160 &
804 2126 838 2160 O
854 2123 965 2157 circuli
983 2127 1117 2160 maximi
1136 2126 1165 2158 G
1179 2126 1203 2158 B
1213 2125 1248 2158 H
1259 2153 1268 2168 ‚
1279 2137 1346 2160 non
1355 2136 1430 2159 eum
1444 2122 1558 2164 modo‘,
1577 2121 1628 2156 sed
1643 2126 1743 2158 etiam

356 2177 439 2210 illius
453 2175 620 2223 parallelos
633 2177 661 2209 A
676 2177 699 2209 E
714 2181 745 2210 ὅ(
758 2177 785 2209 K
797 2176 821 2208 L
832 2179 864 2209 ὃς
882 2172 1032 2209 bifariam
1046 2204 1055 2218 ‚
1070 2180 1102 2212 &
1114 2175 1152 2209 ad
1165 2173 1427 2222 perpendiculum
1444 2172 1526 2206 secat
1547 2185 1554 2207 ε
1569 2183 1642 2207 cum
1653 2175 1742 2208 enim

357 2229 382 2261 P
400 2228 447 2267 G,
462 2224 512 2259 seu
535 2225 680 2259 distantia
693 2222 876 2270 policirculi
894 2223 934 2257 ab
951 2229 1012 2271 ejus
1032 2223 1292 2258 circumferentia
1303 2221 1337 2256 fit
1347 2222 1503 2269 quadrans
1526 2221 1634 2255 circuli
1654 2249 1663 2263 ‚
1685 2233 1742 2255 an-

356 2274 448 2321 gultis
462 2276 484 2307 Β
496 2275 555 2307 erit
565 2274 675 2308 re&ii<.
691 2273 795 2306 Simili
808 2275 933 2305 ratione
946 2273 1079 2321 angulus
1093 2275 1114 2306 F
1131 2275 1193 2307 etit
1211 2274 1332 2307 reclus:
1354 2282 1425 2303 cum
1443 2270 1507 2303 duo
1524 2270 1634 2317 anguli
1645 2272 1666 2305 F
1676 2275 1708 2307 ὃ(
1719 2272 1743 2304 Β

356 2325 527 2358 interiores
539 2321 598 2358 sint
614 2321 748 2368 aequales
762 2320 885 2355 duobus
904 2323 996 2356 reikis
1007 2351 1017 2365 ,
1036 2334 1071 2356 ut
1098 2321 1184 2368 supra
1197 2319 1447 2354 demonstratum
1465 2318 1521 2354 est.

395 2372 585 2418 5.Cixculus
604 2385 639 2408 ut
653 2374 685 2409 N
702 2374 724 2407 E
740 2399 750 2416 ,
769 2373 822 2420 qui
833 2383 891 2419 pet
907 2370 1036 2408 alterius
1055 2373 1084 2408 G
1100 2373 1124 2407 B
1138 2371 1172 2406 H
1191 2369 1285 2418 polos
1298 2379 1365 2405 non
1375 2365 1502 2419 ttanfit?
1521 2366 1657 2416 oblique
1668 2377 1741 2411 curig
