1878 2724
121 181 225 238 magis
238 179 428 238 crediderim
437 130 538 230 aquas
545 127 892 232 &zecugssffiotggsss
901 130 992 225 eslseI}
998 131 1169 220 {diligt}
1175 210 1185 227 ,
1202 192 1239 226 ut
1257 184 1388 221 videtur
1399 156 1516 226 Cart}-¹

119 229 178 270 fio*
191 233 240 269 sn
257 241 366 279 ltaque
704 282 820 316 Prima
838 279 1009 327 Conclufio.

160 377 245 414 Illud
256 377 459 415 verisimilius
474 378 521 414 est
538 390 629 426 aquae
637 377 811 428 particulas
822 376 982 429 oblongas
993 377 1054 415 esse
1063 408 1074 424 ‚
1093 389 1210 416 teretes
1221 409 1231 425 ‚
1245 379 1339 419 laeves
1350 413 1360 428 ,
1369 389 1403 422 ὁ(
1413 385 1514 424 flexi.

113 428 203 466 biles
214 457 224 474 ,
240 441 340 477 quam
352 426 483 463 cubicas
496 456 507 472 ,
519 439 576 463 aut
590 429 744 464 rotundas
758 456 768 471 ,
787 439 845 463 aut
866 428 1017 466 ramosas.

151 478 248 516 Proh.
266 484 301 517 δε
317 476 497 526 explicatur
513 477 674 513 conclusio
687 477 873 512 deminutis
897 488 990 525 aquae
1005 479 1167 526 particulis
1177 509 1187 525 ,
1203 493 1270 517 non
1291 482 1333 517 de
1356 482 1426 532 ipsis
1440 496 1512 521 ato-

116 530 177 564 mis
188 558 199 573 ,
215 526 393 577 dequibus
404 527 486 563 nihil
495 528 575 562 certi
594 526 688 562 statui
699 526 815 575 potest.
828 527 877 561 Ac
889 529 1020 562 minutae
1033 534 1067 565 ὃς
1081 528 1273 566 insensibiles
1287 534 1452 580 particulae
1472 548 1512 571 ex

116 579 236 613 atomis
254 576 406 614 conflatae
425 590 494 613 non
523 587 562 612 ex
573 574 640 611 alio
653 577 756 625 magis
771 574 903 611 definiri
916 575 1043 623 possunt
1055 606 1064 621 ,
1074 589 1174 625 quam
1184 592 1221 614 ex
1231 578 1303 628 ipsis
1316 592 1334 615 a
1352 594 1409 628 [uae
1425 585 1513 632 phae-

116 630 268 665 nomenis
281 655 292 670 ‚
306 637 382 674 quae
399 624 471 661 satis
485 636 562 674 apte
573 625 780 675 explicantur
791 653 801 669 ,
813 623 835 660 si
848 637 885 660 ea
896 624 999 676 figura
1013 639 1113 674 quain
1127 628 1294 664 attulimus
1312 659 1322 674 ‚
1351 633 1513 670 ‚nsttuan-

109 686 169 712 ·tur
184 689 270 718 ;non
286 678 368 711 item
380 673 401 709 fi
414 674 512 710 aliam
524 677 562 710 iis
581 673 716 724 figuram
731 674 920 712 tribuamus.
940 678 985 712 At
1007 675 1030 711 fi
1052 688 1165 712 tenues
1175 707 1185 721 ,
1199 678 1293 714 laeves
1306 708 1315 723 ‚
1330 679 1513 727 flexibiles,

106 724 244 762 dubricae
255 753 266 769 ,
284 736 382 774 atque
392 724 472 760 alias
481 724 552 760 aliis
565 738 658 760 more
676 724 893 775 anguillarum
912 725 1138 762 incumbentes
1149 726 1365 777 supponamus
1376 760 1385 774 ‚
1401 735 1513 767 omnia

105 773 330 823 5phaenomena
344 773 419 810 satis
437 786 509 811 cum
523 774 583 811 hac
598 773 700 824 figura
711 773 925 813 consentient.
940 778 993 811 Sic
1003 778 1092 812 enim
1104 775 1200 813 facile
1211 777 1320 814 fluunt
1330 808 1340 823 ‚
1351 785 1384 817 &
1395 780 1416 817 ὲ
1438 780 1514 816 sub-

113 823 163 859 tili
172 826 244 859 a‘e're
252 835 309 860 aut
320 823 443 860 aethere
452 827 660 860 continenter
671 827 835 874 agitantur
847 854 856 868 ,
869 825 967 873 idque
982 838 1023 860 eo
1037 824 1162 861 facilius
1171 856 1182 872 ,
1202 840 1271 876 quo
1293 827 1365 864 sunt
1380 834 1513 867 tenuio-

110 885 174 910 res,
190 875 279 910 Hinc
290 873 415 923 spiritus
424 875 493 910 vini
514 887 684 922 nunquam
704 872 882 909 concrescit
897 877 930 910 in
944 874 1085 924 glaciem
1105 878 1218 924 :quod
1240 877 1324 912 illius
1345 881 1510 928 particula:

109 922 195 959 adeo
209 934 320 961 tenues
332 922 409 968 sint,
422 935 457 958 ut
477 921 519 958 ab
530 923 585 959 illa
601 922 712 959 subtili
728 926 863 959 materia
877 923 1146 972 quoquoversum
1158 939 1363 965 moveantur.

154 973 319 1017 Secundo,
329 973 404 1010 hinc
418 972 526 1021 liquet
535 985 590 1008 cut
606 985 690 1021 aqua
704 975 737 1008 in
748 985 886 1022 vapores
900 973 1027 1009 facilius
1042 974 1227 1023 explicetur
1241 989 1342 1024 quam
1360 977 1458 1014 oleofi
1471 978 1509 1014 li-

102 1033 230 1070 ,quores
252 1050 263 1066 ,
277 1028 312 1060 &
328 1035 382 1058 cur
399 1035 509 1072 panno
533 1034 590 1058 aut
614 1023 685 1058 aliis
702 1022 894 1071 corporibus
917 1037 986 1059 non
1007 1024 1093 1059 adeo
1133 1026 1320 1061 ertinaciter
1340 1027 1509 1065 adhaereat.

103 1072 202 1107 'Nam
217 1083 256 1106 ea
267 1071 387 1119 quibus
401 1072 525 1107 constat
539 1071 707 1108 filamenta
719 1101 728 1114 ‚
742 1073 899 1108 mediocri
916 1072 1025 1108 calore
1038 1084 1103 1109 evo
1118 1086 1239 1111 vuntur
1255 1089 1263 1110 :
1285 1088 1359 1112 cum
1377 1077 1508 1113 ramosae

107 1124 145 1157 &
159 1122 315 1155 intricatae
326 1120 392 1155 olei
402 1120 564 1169 particulae
572 1124 695 1157 nonita
710 1121 808 1156 facile
831 1120 894 1157 sese
916 1123 1112 1171 expediant,
1128 1122 1182 1158 sed
1195 1124 1290 1159 altius
1309 1125 1506 1175 infigantur,

107 1180 208 1216 atque
230 1171 315 1204 inter
336 1168 366 1204 se
386 1169 605 1218 implicentur,
624 1170 693 1206 fere
709 1181 745 1205 ut
764 1169 918 1206 arborum
939 1173 1042 1207 rami:
1059 1184 1127 1207 non
1139 1174 1221 1207 item
1244 1185 1335 1221 aquae
1345 1176 1508 1223 particulae

107 1216 269 1265 quae'sunt
281 1217 493 1266 simpliciores
506 1247 516 1261 ,
531 1232 666 1267 quaeque
675 1231 851 1268 corporum
865 1231 990 1255 meatus
1006 1225 1040 1257 δε
1053 1219 1241 1268 asperitates
1268 1223 1410 1272 implent
1424 1253 1434 1268 ,
1452 1224 1509 1260 sed

108 1268 254 1301 tenacius
275 1278 386 1302 tamen
401 1269 438 1301 iis
455 1280 525 1302 non
541 1267 784 1304 adhaerescunt:
802 1268 901 1303 facile
919 1267 1024 1304 fluunt
1040 1271 1074 1303 in
1092 1269 1212 1305 declivi
1230 1284 1368 1319 corpore
1381 1302 1390 1317 ‚
1415 1275 1506 1322 quod

107 1327 176 1350 non
189 1316 292 1351 modo
309 1314 368 1352 sint
385 1315 479 1352 laeves
491 1321 524 1353 &
535 1315 667 1352 lubricae
680 1345 690 1361 ,
706 1315 761 1352 sed
776 1320 878 1353 etiam
893 1317 1068 1353 laevitatem
1081 1321 1211 1367 corpori
1222 1323 1274 1355 cui
1288 1320 1395 1358 insunt
1405 1352 1415 1366 ,
1426 1337 1503 1359 om-

105 1366 187 1399 nino
197 1363 349 1401 afferant.
366 1367 457 1401 Hinc
472 1364 528 1401 ubi
544 1379 600 1402 vas
611 1378 695 1414 aqua
709 1393 718 1408 ‚
730 1366 783 1401 vel
796 1366 862 1402 alio
875 1366 1002 1416 liquore
1017 1367 1141 1415 aquoso
1158 1373 1191 1406 δε
1205 1382 1315 1405 macro
1331 1372 1505 1421 impletum

107 1412 225 1448 leniter
240 1414 420 1450 effiinditur
431 1444 441 1458 ‚
451 1427 536 1462 aqua
555 1418 587 1451 in
603 1415 746 1464 guttulas
762 1414 921 1464 separatas
931 1417 1055 1452 decidit
1067 1434 1077 1461 5
1089 1430 1164 1452 cuin
1180 1418 1305 1454 oleosus
1329 1426 1363 1458 δε
1377 1424 1505 1471 pinguis

106 1461 225 1498 humor
237 1462 354 1499 filatim
365 1464 493 1499 decidat
510 1466 620 1512 :quod
635 1476 742 1514 partes
761 1465 883 1501 habeat
895 1465 1010 1509 lentas,
1027 1471 1061 1503 ὃ(
1078 1464 1263 1503 sibimutuo
1274 1470 1443 1519 implexas.

138 1513 232 1548 Hinc
242 1512 348 1561 liquet
366 1522 395 1548 10
413 1525 469 1549 cur
481 1526 564 1561 aqua
575 1516 630 1549 vix
643 1526 717 1549 cum
728 1513 805 1549 oleo
824 1515 949 1551 misceri
964 1514 1059 1563 possit
1074 1530 1082 1552 :
1101 1516 1192 1564 quod
1217 1530 1324 1566 partes
1353 1520 1420 1556 olei
1445 1520 1505 1557 sint

108 1564 292 1597 tenaciores
301 1591 311 1606 ‚
322 1574 422 1609 quam
432 1574 468 1597 ut
481 1561 577 1596 facile
588 1562 630 1596 ab
645 1575 731 1609 aqua
741 1565 892 1600 minutim
902 1565 1095 1599 dividantur.
1125 1579 1151 1601 ι.
1168 1578 1224 1600 cur
1240 1580 1325 1615 aqua
1342 1571 1396 1604 vix
1410 1583 1504 1606 com-

98 1612 207 1659 'primi
217 1622 329 1657 queat,
339 1623 413 1645 cum
426 1621 492 1644 tam
504 1609 599 1645 facile
612 1610 784 1646 dilatetur:
797 1613 884 1658 quod
898 1612 1007 1659 plures
1016 1624 1108 1659 aquae
1121 1625 1226 1661 partes
1239 1627 1312 1662 quae
1322 1616 1379 1652 fibi
1389 1631 1504 1655 mutuo

106 1657 320 1703 incumbunt,
331 1663 366 1695 &
386 1662 440 1693 vix
449 1658 553 1694 ullum
573 1661 669 1694 inane
680 1657 818 1706 spatium
836 1661 1014 1696 admittunt
1032 1690 1042 1704 ‚
1056 1661 1119 1696 hoc
1133 1665 1236 1711 magis
1255 1667 1333 1700 a'e'ris
1353 1666 1504 1714 preinoiii

105 1706 345 1755 resistant‚quo
356 1706 482 1743 densior
497 1713 532 1744 &
549 1710 751 1755 compaffior
765 1708 812 1743 est
829 1721 924 1756 aqua.
959 1711 1048 1746 Nam
1065 1710 1184 1746 millies
1206 1711 1277 1748 fere
1301 1718 1429 1763 gravior
1455 1717 1503 1752 est

106 1758 201 1793 ac're:
216 1756 302 1792 unde
313 1768 348 1792 ut
357 1758 603 1805 comprimatur,
613 1755 790 1792 resistentia
801 1758 919 1793 millies
935 1757 972 1794 fit
981 1763 1092 1807 major.
1116 1769 1144 1805 30
1157 1760 1234 1796 hinc
1249 1761 1287 1798 fit
1296 1776 1334 1799 ut
1355 1777 1440 1813 aqua
1454 1778 1505 1801 ca-

105 1805 173 1842 lida
182 1819 256 1842 cum
270 1805 415 1855 frigescit
430 1834 440 1849 ,
459 1808 513 1842 vix
529 1805 748 1842 extensionem
758 1806 843 1842 suam
859 1820 963 1844 mutet
973 1837 981 1852 ,
1006 1820 1062 1843 aut
1084 1807 1269 1846 sensibiliter
1277 1814 1502 1852 condensetur.

104 1871 148 1903 40
161 1858 215 1890 vix
236 1868 320 1903 aqua
337 1857 449 1904 pennis
467 1857 577 1890 avium
602 1855 789 1891 adhaerescit
801 1885 810 1899 ,
826 1858 915 1905 quod
933 1857 1081 1894 laeviores
1106 1857 1185 1894 sint:
1210 1862 1297 1896 unde
1312 1863 1503 1913 corporibus

102 1917 237 1941 rantum
254 1904 371 1953 asperis
386 1934 396 1949 ‚
409 1917 482 1953 qute
493 1904 612 1941 scilicet
631 1916 738 1954 partes
757 1904 878 1942 fossulis
900 1912 933 1944 &
947 1907 1133 1943 monticulis
1157 1910 1329 1957 inaequales
1354 1912 1503 1958 habent,

102 1966 192 2002 aqua
209 1953 291 1990 solet
310 1953 540 1990 adhaerescere:
555 1955 588 1990 in
601 1954 700 2002 plano
711 1954 818 2003 polito
831 1961 866 1995 &
879 1954 1006 1992 lubrico
1017 1956 1115 1993 facile
1126 1956 1210 1995 fluit.
1223 1961 1276 1994 Sic
1294 1972 1379 2009 aqua
1393 1961 1502 1998 sordes

105 2002 234 2047 abluit,
247 2004 325 2039 dum
341 2015 465 2040 meatus
479 2002 584 2047 subit,
598 2009 633 2041 δε
650 2003 756 2040 sordes
774 2017 847 2042 cum
856 2008 1063 2055 exprimitur,
1078 2005 1182 2043 secum
1205 2008 1320 2055 vehit;
1343 2012 1442 2059 idque
1463 2012 1503 2048 sit

104 2051 322 2096 commodius,
331 2053 390 2088 ubi
402 2053 491 2088 lenta
504 2055 655 2098 materia,
665 2066 702 2089 ut
715 2056 834 2104 sapone
845 2068 962 2104 corpus
975 2055 1176 2092 abluendum
1188 2070 1389 2107 praeparatur.
1410 2064 1500 2098 Nam

106 2100 215 2136 sordes
225 2099 419 2149 plerumque
431 2104 565 2152 pingues
577 2101 672 2139 lentae
685 2107 830 2140 materiae
846 2105 973 2142 facilius
991 2105 1212 2142 adhaerescunt
1223 2137 1232 2152 ‚
1245 2120 1313 2143 tum
1335 2122 1421 2157 aqua
1435 2123 1501 2146 una

103 2162 180 2186 cum
191 2150 331 2186 lentiore
351 2153 486 2186 materia
499 2151 605 2186 sordes
624 2165 755 2201 quoque
769 2167 938 2205 expurgat.
961 2157 1051 2192 Hinc
1076 2154 1190 2191 lixivia
1211 2156 1256 2192 ob
1277 2158 1408 2193 eosdem
1426 2159 1499 2194 usus

107 2199 306 2236 adhibentur
326 2229 335 2244 ‚
372 2199 417 2235 ob
436 2199 600 2237 lentorem
613 2204 767 2239 nimirum
784 2216 860 2241 cum
876 2205 986 2243 sslium
1007 2206 1182 2241 acrimonia
1200 2211 1235 2244 ὅ(
1253 2209 1287 2244 vi
1305 2217 1499 2257 penetrante

105 2251 324 2300 conjunctum.
1155 2275 1158 2277 -

595 2303 776 2338 Solvuntur
794 2303 989 2349 objeffiones.

145 2396 230 2446 Opp.
245 2409 267 2435 1.
279 2402 347 2449 Q
363 2411 470 2450 partes
483 2412 574 2449 aquct
587 2400 648 2437 esse
658 2400 765 2450 figurae
778 2402 900 2438 cubicae
914 2403 1116 2438 contendunt
1126 2431 1134 2445 ‚
1146 2400 1234 2449 quod
1248 2399 1342 2436 aliter
1352 2401 1496 2451 explica-2
