<?xml version="1.0" encoding="UTF-8"?>
<!DOCTYPE html PUBLIC "-//W3C//DTD XHTML 1.0 Transitional//EN"
    "http://www.w3.org/TR/xhtml1/DTD/xhtml1-transitional.dtd">
<html xmlns="http://www.w3.org/1999/xhtml" xml:lang="en" lang="en">
 <head>
  <title>
</title>
<meta http-equiv="Content-Type" content="text/html;charset=utf-8" />
  <meta name='ocr-system' content='tesseract 3.04.00' />
  <meta name='ocr-capabilities' content='ocr_page ocr_carea ocr_par ocr_line ocrx_word'/>
</head>
<body>
  <div class='ocr_page' id='page_1' title='image "./philosophiavetus02duhauoft_0152.png"; bbox 0 0 1878 2724; ppageno 0'>
   <div class='ocr_carea' id='block_1_1' title="bbox 380 139 1776 534">
    <p class='ocr_par' dir='ltr' id='par_1_1' title="bbox 386 139 1447 190">
     <span class='ocr_line' id='line_1_1' title="bbox 386 139 1447 190; baseline -0.003 -11"><span class='ocrx_word' id='word_1_1' title='bbox 386 158 443 190; x_wconf 86' lang='lat'>¹40</span> <span class='ocrx_word' id='word_1_2' title='bbox 687 139 976 177; x_wconf 83' lang='lat' dir='ltr'><strong>PHYSICAE</strong></span> <span class='ocrx_word' id='word_1_3' title='bbox 1030 139 1447 178; x_wconf 71' lang='lat' dir='ltr'>GENERALIS</span> 
     </span>
    </p>

    <p class='ocr_par' dir='ltr' id='par_1_2' title="bbox 380 188 1776 534">
     <span class='ocr_line' id='line_1_2' title="bbox 383 188 1775 239; baseline -0.003 -12"><span class='ocrx_word' id='word_1_4' title='bbox 383 198 417 229; x_wconf 66' lang='grc' dir='ltr'>δε</span> <span class='ocrx_word' id='word_1_5' title='bbox 434 189 579 239; x_wconf 72' lang='lat' dir='ltr'>fragilior</span> <span class='ocrx_word' id='word_1_6' title='bbox 589 191 654 228; x_wconf 78' lang='lat' dir='ltr'>fiat.</span> <span class='ocrx_word' id='word_1_7' title='bbox 677 190 825 239; x_wconf 77' lang='lat' dir='ltr'>Chalybs</span> <span class='ocrx_word' id='word_1_8' title='bbox 843 201 952 225; x_wconf 90' lang='lat' dir='ltr'>autem</span> <span class='ocrx_word' id='word_1_9' title='bbox 961 188 1069 226; x_wconf 88' lang='lat' dir='ltr'>subito</span> <span class='ocrx_word' id='word_1_10' title='bbox 1085 202 1176 237; x_wconf 86' lang='lat' dir='ltr'>aquae</span> <span class='ocrx_word' id='word_1_11' title='bbox 1191 189 1313 239; x_wconf 83' lang='lat' dir='ltr'>frigore</span> <span class='ocrx_word' id='word_1_12' title='bbox 1331 199 1528 239; x_wconf 83' lang='lat' dir='ltr'>temperatus</span> <span class='ocrx_word' id='word_1_13' title='bbox 1551 189 1707 227; x_wconf 79' lang='lat' dir='ltr'>nonnihil</span> <span class='ocrx_word' id='word_1_14' title='bbox 1721 192 1775 228; x_wconf 85' lang='lat' dir='ltr'>in.·</span> 
     </span>
     <span class='ocr_line' id='line_1_3' title="bbox 383 237 1775 290; baseline 0 -13"><span class='ocrx_word' id='word_1_15' title='bbox 383 239 528 277; x_wconf 83' lang='lat' dir='ltr'>tumescit</span> <span class='ocrx_word' id='word_1_16' title='bbox 543 254 551 275; x_wconf 75' lang='lat' dir='ltr'><strong><em>z</em></strong></span> <span class='ocrx_word' id='word_1_17' title='bbox 567 241 655 287; x_wconf 88' lang='lat' dir='ltr'>quod</span> <span class='ocrx_word' id='word_1_18' title='bbox 676 245 739 289; x_wconf 87' lang='lat' dir='ltr'>ejus</span> <span class='ocrx_word' id='word_1_19' title='bbox 755 251 863 287; x_wconf 87' lang='lat' dir='ltr'>partes</span> <span class='ocrx_word' id='word_1_20' title='bbox 874 242 907 274; x_wconf 88' lang='lat' dir='ltr'>vi</span> <span class='ocrx_word' id='word_1_21' title='bbox 927 240 1009 288; x_wconf 88' lang='lat' dir='ltr'>ignis</span> <span class='ocrx_word' id='word_1_22' title='bbox 1021 238 1163 273; x_wconf 82' lang='lat' dir='ltr'>dilatatae</span> <span class='ocrx_word' id='word_1_23' title='bbox 1177 242 1349 288; x_wconf 84' lang='lat' dir='ltr'>repentino</span> <span class='ocrx_word' id='word_1_24' title='bbox 1370 239 1493 290; x_wconf 78' lang='lat' dir='ltr'>frigore</span> <span class='ocrx_word' id='word_1_25' title='bbox 1513 237 1651 276; x_wconf 85' lang='lat' dir='ltr'>fixentur</span> <span class='ocrx_word' id='word_1_26' title='bbox 1665 268 1675 283; x_wconf 85' lang='lat'><strong>,</strong></span> <span class='ocrx_word' id='word_1_27' title='bbox 1691 245 1724 277; x_wconf 90' lang='lat'>&amp;</span> <span class='ocrx_word' id='word_1_28' title='bbox 1738 243 1775 277; x_wconf 87' lang='lat' dir='ltr'>in</span> 
     </span>
     <span class='ocr_line' id='line_1_4' title="bbox 381 287 1775 337; baseline 0 -12"><span class='ocrx_word' id='word_1_29' title='bbox 381 303 422 325; x_wconf 83' lang='lat' dir='ltr'>eo</span> <span class='ocrx_word' id='word_1_30' title='bbox 439 291 520 324; x_wconf 74' lang='lat' dir='ltr'>statu</span> <span class='ocrx_word' id='word_1_31' title='bbox 532 300 760 336; x_wconf 77' lang='lat' dir='ltr'>permaneant,</span> <span class='ocrx_word' id='word_1_32' title='bbox 774 290 807 323; x_wconf 88' lang='lat' dir='ltr'>in</span> <span class='ocrx_word' id='word_1_33' title='bbox 818 300 916 336; x_wconf 89' lang='lat' dir='ltr'>quern</span> <span class='ocrx_word' id='word_1_34' title='bbox 933 291 966 324; x_wconf 90' lang='lat' dir='ltr'>vi</span> <span class='ocrx_word' id='word_1_35' title='bbox 983 287 1100 323; x_wconf 86' lang='lat' dir='ltr'>caloris</span> <span class='ocrx_word' id='word_1_36' title='bbox 1119 287 1266 323; x_wconf 65' lang='lat' dir='ltr'>adduerae</span> <span class='ocrx_word' id='word_1_37' title='bbox 1284 289 1424 325; x_wconf 80' lang='lat' dir='ltr'>fuerunt.</span> <span class='ocrx_word' id='word_1_38' title='bbox 1460 290 1562 337; x_wconf 80' lang='lat' dir='ltr'>Qod</span> <span class='ocrx_word' id='word_1_39' title='bbox 1585 291 1697 337; x_wconf 87' lang='lat' dir='ltr'>utique</span> <span class='ocrx_word' id='word_1_40' title='bbox 1707 302 1775 325; x_wconf 88' lang='lat' dir='ltr'>non</span> 
     </span>
     <span class='ocr_line' id='line_1_5' title="bbox 382 335 1776 386; baseline 0 -13"><span class='ocrx_word' id='word_1_41' title='bbox 382 339 499 373; x_wconf 87' lang='lat' dir='ltr'>accidit</span> <span class='ocrx_word' id='word_1_42' title='bbox 517 350 591 371; x_wconf 85' lang='lat' dir='ltr'>cum</span> <span class='ocrx_word' id='word_1_43' title='bbox 618 335 726 372; x_wconf 82' lang='lat' dir='ltr'>senfim</span> <span class='ocrx_word' id='word_1_44' title='bbox 747 337 954 386; x_wconf 78' lang='lat' dir='ltr'>refrigeratur</span> <span class='ocrx_word' id='word_1_45' title='bbox 974 335 1132 386; x_wconf 81' lang='lat' dir='ltr'>chalybs:</span> <span class='ocrx_word' id='word_1_46' title='bbox 1153 349 1229 372; x_wconf 89' lang='lat' dir='ltr'>nam</span> <span class='ocrx_word' id='word_1_47' title='bbox 1244 348 1350 385; x_wconf 84' lang='lat' dir='ltr'>partes</span> <span class='ocrx_word' id='word_1_48' title='bbox 1373 337 1455 373; x_wconf 88' lang='lat' dir='ltr'>illius</span> <span class='ocrx_word' id='word_1_49' title='bbox 1468 337 1579 374; x_wconf 84' lang='lat' dir='ltr'>sensim</span> <span class='ocrx_word' id='word_1_50' title='bbox 1594 338 1776 383; x_wconf 62' lang='lat' dir='ltr'>rarefadkae,</span> 
     </span>
     <span class='ocr_line' id='line_1_6' title="bbox 383 385 1776 435; baseline 0.002 -14"><span class='ocrx_word' id='word_1_51' title='bbox 383 399 451 421; x_wconf 87' lang='lat' dir='ltr'>tum</span> <span class='ocrx_word' id='word_1_52' title='bbox 471 386 673 422; x_wconf 65' lang='lat' dir='ltr'>condensatae</span> <span class='ocrx_word' id='word_1_53' title='bbox 687 385 820 434; x_wconf 87' lang='lat' dir='ltr'>pristino</span> <span class='ocrx_word' id='word_1_54' title='bbox 829 387 920 422; x_wconf 88' lang='lat' dir='ltr'>statui</span> <span class='ocrx_word' id='word_1_55' title='bbox 929 387 1118 422; x_wconf 86' lang='lat' dir='ltr'>redduntur.</span> <span class='ocrx_word' id='word_1_56' title='bbox 1128 388 1217 422; x_wconf 89' lang='lat' dir='ltr'>Hinc</span> <span class='ocrx_word' id='word_1_57' title='bbox 1228 386 1350 421; x_wconf 88' lang='lat' dir='ltr'>ferrum</span> <span class='ocrx_word' id='word_1_58' title='bbox 1364 388 1504 423; x_wconf 85' lang='lat' dir='ltr'>candens</span> <span class='ocrx_word' id='word_1_59' title='bbox 1520 393 1554 424; x_wconf 76' lang='grc' dir='ltr'>δε</span> <span class='ocrx_word' id='word_1_60' title='bbox 1568 388 1673 423; x_wconf 81' lang='lat' dir='ltr'>statim</span> <span class='ocrx_word' id='word_1_61' title='bbox 1684 400 1776 435; x_wconf 82' lang='lat' dir='ltr'>aquae</span> 
     </span>
     <span class='ocr_line' id='line_1_7' title="bbox 381 433 1776 488; baseline 0.002 -19"><span class='ocrx_word' id='word_1_62' title='bbox 381 433 565 470; x_wconf 82' lang='lat' dir='ltr'>immersum</span> <span class='ocrx_word' id='word_1_63' title='bbox 577 436 673 488; x_wconf 77' lang='lat' dir='ltr'>longe</span> <span class='ocrx_word' id='word_1_64' title='bbox 692 436 738 470; x_wconf 87' lang='lat' dir='ltr'>est</span> <span class='ocrx_word' id='word_1_65' title='bbox 749 437 857 471; x_wconf 81' lang='lat' dir='ltr'>durius</span> <span class='ocrx_word' id='word_1_66' title='bbox 873 442 908 474; x_wconf 78' lang='grc' dir='ltr'>δε</span> <span class='ocrx_word' id='word_1_67' title='bbox 924 434 1068 486; x_wconf 84' lang='lat' dir='ltr'>fragilius</span> <span class='ocrx_word' id='word_1_68' title='bbox 1082 448 1183 482; x_wconf 88' lang='lat' dir='ltr'>quam</span> <span class='ocrx_word' id='word_1_69' title='bbox 1197 434 1218 471; x_wconf 80' lang='lat' dir='ltr'>si</span> <span class='ocrx_word' id='word_1_70' title='bbox 1236 437 1428 484; x_wconf 56' lang='lat' dir='ltr'>experiretur</span> <span class='ocrx_word' id='word_1_71' title='bbox 1450 437 1527 472; x_wconf 88' lang='lat' dir='ltr'>dum</span> <span class='ocrx_word' id='word_1_72' title='bbox 1563 448 1647 472; x_wconf 83' lang='lat' dir='ltr'>artes</span> <span class='ocrx_word' id='word_1_73' title='bbox 1667 436 1776 473; x_wconf 84' lang='lat' dir='ltr'>calore</span> 
     </span>
     <span class='ocr_line' id='line_1_8' title="bbox 380 483 1717 534; baseline 0.003 -15"><span class='ocrx_word' id='word_1_74' title='bbox 380 487 505 534; x_wconf 66' lang='lat' dir='ltr'>agitatae</span> <span class='ocrx_word' id='word_1_75' title='bbox 524 489 557 521; x_wconf 91' lang='lat'>&amp;</span> <span class='ocrx_word' id='word_1_76' title='bbox 572 488 665 522; x_wconf 81' lang='lat' dir='ltr'>renlae</span> <span class='ocrx_word' id='word_1_77' title='bbox 679 484 838 534; x_wconf 85' lang='lat' dir='ltr'>paulatim</span> <span class='ocrx_word' id='word_1_78' title='bbox 850 485 1018 530; x_wconf 83' lang='lat' dir='ltr'>laxentur,</span> <span class='ocrx_word' id='word_1_79' title='bbox 1038 497 1076 520; x_wconf 86' lang='lat' dir='ltr'>ac</span> <span class='ocrx_word' id='word_1_80' title='bbox 1087 483 1178 520; x_wconf 80' lang='lat' dir='ltr'>(itum</span> <span class='ocrx_word' id='word_1_81' title='bbox 1190 488 1290 534; x_wconf 84' lang='lat' dir='ltr'>magis</span> <span class='ocrx_word' id='word_1_82' title='bbox 1303 485 1460 521; x_wconf 90' lang='lat' dir='ltr'>idoneum</span> <span class='ocrx_word' id='word_1_83' title='bbox 1473 496 1535 521; x_wconf 91' lang='lat' dir='ltr'>con</span> <span class='ocrx_word' id='word_1_84' title='bbox 1549 497 1717 533; x_wconf 82' lang='lat' dir='ltr'>equantur.</span> 
     </span>
    </p>
   </div>
   <div class='ocr_carea' id='block_1_2' title="bbox 921 584 1230 630">
    <p class='ocr_par' dir='ltr' id='par_1_3' title="bbox 921 584 1230 630">
     <span class='ocr_line' id='line_1_9' title="bbox 921 584 1230 630; baseline -0.003 -11"><span class='ocrx_word' id='word_1_85' title='bbox 921 584 1058 620; x_wconf 77' lang='lat' dir='ltr'>‘Ultima</span> <span class='ocrx_word' id='word_1_86' title='bbox 1074 585 1101 618; x_wconf 87' lang='lat' dir='ltr'><em>C</em></span> <span class='ocrx_word' id='word_1_87' title='bbox 1102 584 1230 630; x_wconf 79' lang='lat' dir='ltr'>onclufi.</span> 
     </span>
    </p>
   </div>
   <div class='ocr_carea' id='block_1_3' title="bbox 376 680 1778 1274">
    <p class='ocr_par' dir='ltr' id='par_1_4' title="bbox 380 680 1770 769">
     <span class='ocr_line' id='line_1_10' title="bbox 436 680 1770 731; baseline 0 -12"><span class='ocrx_word' id='word_1_88' title='bbox 436 684 520 719; x_wconf 89' lang='lat' dir='ltr'>Non</span> <span class='ocrx_word' id='word_1_89' title='bbox 553 680 711 719; x_wconf 85' lang='lat' dir='ltr'>diffimilis</span> <span class='ocrx_word' id='word_1_90' title='bbox 737 684 868 720; x_wconf 86' lang='lat' dir='ltr'>videtur</span> <span class='ocrx_word' id='word_1_91' title='bbox 900 685 1078 720; x_wconf 86' lang='lat' dir='ltr'>vitrearum</span> <span class='ocrx_word' id='word_1_92' title='bbox 1116 682 1332 731; x_wconf 86' lang='lat' dir='ltr'>lacrymarum</span> <span class='ocrx_word' id='word_1_93' title='bbox 1354 687 1389 720; x_wconf 88' lang='lat'>&amp;</span> <span class='ocrx_word' id='word_1_94' title='bbox 1415 680 1562 731; x_wconf 82' lang='lat' dir='ltr'>chalybis</span> <span class='ocrx_word' id='word_1_95' title='bbox 1597 685 1770 731; x_wconf 75' lang='lat' dir='ltr'>temperati</span> 
     </span>
     <span class='ocr_line' id='line_1_11' title="bbox 380 743 478 769; baseline 0.02 -2"><span class='ocrx_word' id='word_1_96' title='bbox 380 743 478 769; x_wconf 78' lang='lat' dir='ltr'>ratio.</span> 
     </span>
    </p>

    <p class='ocr_par' dir='ltr' id='par_1_5' title="bbox 377 778 1778 1064">
     <span class='ocr_line' id='line_1_12' title="bbox 418 778 1778 831; baseline -0.004 -14"><span class='ocrx_word' id='word_1_97' title='bbox 418 783 582 831; x_wconf 84' lang='lat' dir='ltr'>Lacrymae</span> <span class='ocrx_word' id='word_1_98' title='bbox 606 784 715 817; x_wconf 81' lang='lat' dir='ltr'>vitreae</span> <span class='ocrx_word' id='word_1_99' title='bbox 733 779 815 816; x_wconf 91' lang='lat' dir='ltr'>olim</span> <span class='ocrx_word' id='word_1_100' title='bbox 825 792 863 816; x_wconf 86' lang='lat' dir='ltr'>ex</span> <span class='ocrx_word' id='word_1_101' title='bbox 888 778 1259 818; x_wconf 83' lang='lat' dir='ltr'>duro&amp;craffiorivitro</span> <span class='ocrx_word' id='word_1_102' title='bbox 1267 778 1394 815; x_wconf 88' lang='lat' dir='ltr'>fiebant</span> <span class='ocrx_word' id='word_1_103' title='bbox 1412 793 1420 814; x_wconf 95' lang='lat'><strong>:</strong></span> <span class='ocrx_word' id='word_1_104' title='bbox 1439 791 1525 817; x_wconf 89' lang='lat' dir='ltr'>nunc</span> <span class='ocrx_word' id='word_1_105' title='bbox 1549 780 1677 816; x_wconf 57' lang='lat' dir='ltr'>etiam&amp;</span> <span class='ocrx_word' id='word_1_106' title='bbox 1703 793 1778 830; x_wconf 73' lang='lat' dir='ltr'>cry-</span> 
     </span>
     <span class='ocr_line' id='line_1_13' title="bbox 379 827 1778 879; baseline -0.003 -14"><span class='ocrx_word' id='word_1_107' title='bbox 379 831 508 867; x_wconf 85' lang='lat' dir='ltr'>stallino</span> <span class='ocrx_word' id='word_1_108' title='bbox 520 837 552 868; x_wconf 84' lang='lat'>&amp;</span> <span class='ocrx_word' id='word_1_109' title='bbox 563 844 643 879; x_wconf 85' lang='lat' dir='ltr'>puro</span> <span class='ocrx_word' id='word_1_110' title='bbox 653 831 836 866; x_wconf 78' lang='lat' dir='ltr'>formantur</span> <span class='ocrx_word' id='word_1_111' title='bbox 850 859 860 874; x_wconf 91' lang='lat'>‚</span> <span class='ocrx_word' id='word_1_112' title='bbox 870 830 960 877; x_wconf 87' lang='lat' dir='ltr'>quod</span> <span class='ocrx_word' id='word_1_113' title='bbox 978 828 1083 865; x_wconf 81' lang='lat' dir='ltr'>fusum</span> <span class='ocrx_word' id='word_1_114' title='bbox 1096 828 1177 865; x_wconf 88' lang='lat' dir='ltr'>tubo</span> <span class='ocrx_word' id='word_1_115' title='bbox 1189 831 1296 865; x_wconf 89' lang='lat' dir='ltr'>vitreo</span> <span class='ocrx_word' id='word_1_116' title='bbox 1316 829 1496 865; x_wconf 72' lang='lat' dir='ltr'>extraetum</span> <span class='ocrx_word' id='word_1_117' title='bbox 1510 840 1549 863; x_wconf 86' lang='lat' dir='ltr'>ex</span> <span class='ocrx_word' id='word_1_118' title='bbox 1564 827 1630 862; x_wconf 87' lang='lat' dir='ltr'>olla</span> <span class='ocrx_word' id='word_1_119' title='bbox 1645 857 1656 871; x_wconf 92' lang='lat'>,</span> <span class='ocrx_word' id='word_1_120' title='bbox 1666 841 1778 878; x_wconf 81' lang='lat' dir='ltr'>gutta..</span> 
     </span>
     <span class='ocr_line' id='line_1_14' title="bbox 379 877 1776 928; baseline -0.004 -13"><span class='ocrx_word' id='word_1_121' title='bbox 379 883 438 916; x_wconf 84' lang='lat' dir='ltr'>tim</span> <span class='ocrx_word' id='word_1_122' title='bbox 452 884 483 917; x_wconf 88' lang='lat' dir='ltr'>in</span> <span class='ocrx_word' id='word_1_123' title='bbox 495 880 618 916; x_wconf 75' lang='lat' dir='ltr'>situlam</span> <span class='ocrx_word' id='word_1_124' title='bbox 631 893 716 928; x_wconf 81' lang='lat' dir='ltr'>aqua</span> <span class='ocrx_word' id='word_1_125' title='bbox 728 879 861 928; x_wconf 84' lang='lat' dir='ltr'>plenam</span> <span class='ocrx_word' id='word_1_126' title='bbox 874 878 1025 914; x_wconf 83' lang='lat' dir='ltr'>decidens</span> <span class='ocrx_word' id='word_1_127' title='bbox 1036 908 1046 922; x_wconf 90' lang='lat'>‚</span> <span class='ocrx_word' id='word_1_128' title='bbox 1057 881 1089 915; x_wconf 88' lang='lat' dir='ltr'>in</span> <span class='ocrx_word' id='word_1_129' title='bbox 1101 879 1280 927; x_wconf 83' lang='lat' dir='ltr'>lacarymas</span> <span class='ocrx_word' id='word_1_130' title='bbox 1306 889 1440 926; x_wconf 89' lang='lat' dir='ltr'>propter</span> <span class='ocrx_word' id='word_1_131' title='bbox 1457 879 1600 913; x_wconf 82' lang='lat' dir='ltr'>materiae</span> <span class='ocrx_word' id='word_1_132' title='bbox 1616 877 1776 914; x_wconf 81' lang='lat' dir='ltr'>viscofita-</span> 
     </span>
     <span class='ocr_line' id='line_1_15' title="bbox 379 926 1777 977; baseline -0.004 -13"><span class='ocrx_word' id='word_1_133' title='bbox 379 941 446 965; x_wconf 89' lang='lat' dir='ltr'>tem</span> <span class='ocrx_word' id='word_1_134' title='bbox 460 929 632 977; x_wconf 85' lang='lat' dir='ltr'>effingitur.</span> <span class='ocrx_word' id='word_1_135' title='bbox 648 929 763 964; x_wconf 84' lang='lat' dir='ltr'>Multae</span> <span class='ocrx_word' id='word_1_136' title='bbox 774 941 814 964; x_wconf 88' lang='lat' dir='ltr'>ex</span> <span class='ocrx_word' id='word_1_137' title='bbox 822 928 869 964; x_wconf 83' lang='lat' dir='ltr'>his</span> <span class='ocrx_word' id='word_1_138' title='bbox 880 940 971 975; x_wconf 79' lang='lat' dir='ltr'>aqua:</span> <span class='ocrx_word' id='word_1_139' title='bbox 987 926 1378 976; x_wconf 66' lang='lat' dir='ltr'>frigidiusculaeimmersae</span> <span class='ocrx_word' id='word_1_140' title='bbox 1392 926 1594 975; x_wconf 85' lang='lat' dir='ltr'>franguntur.</span> <span class='ocrx_word' id='word_1_141' title='bbox 1609 927 1674 962; x_wconf 88' lang='lat' dir='ltr'>Sed</span> <span class='ocrx_word' id='word_1_142' title='bbox 1683 940 1777 963; x_wconf 88' lang='lat' dir='ltr'>com-</span> 
     </span>
     <span class='ocr_line' id='line_1_16' title="bbox 378 975 1776 1028; baseline -0.002 -14"><span class='ocrx_word' id='word_1_143' title='bbox 378 978 483 1027; x_wconf 88' lang='lat' dir='ltr'>plures</span> <span class='ocrx_word' id='word_1_144' title='bbox 494 990 549 1014; x_wconf 88' lang='lat' dir='ltr'>aut</span> <span class='ocrx_word' id='word_1_145' title='bbox 561 992 623 1028; x_wconf 85' lang='lat' dir='ltr'>prae</span> <span class='ocrx_word' id='word_1_146' title='bbox 640 982 778 1014; x_wconf 81' lang='lat' dir='ltr'>materia</span> <span class='ocrx_word' id='word_1_147' title='bbox 792 975 888 1012; x_wconf 77' lang='lat' dir='ltr'>cral&#39;sa</span> <span class='ocrx_word' id='word_1_148' title='bbox 903 983 936 1014; x_wconf 74' lang='grc' dir='ltr'>ὃ(</span> <span class='ocrx_word' id='word_1_149' title='bbox 949 976 1136 1021; x_wconf 80' lang='lat' dir='ltr'>viscosa,aut</span> <span class='ocrx_word' id='word_1_150' title='bbox 1150 976 1239 1025; x_wconf 90' lang='lat' dir='ltr'>quod</span> <span class='ocrx_word' id='word_1_151' title='bbox 1254 976 1409 1025; x_wconf 83' lang='lat' dir='ltr'>tepidiori</span> <span class='ocrx_word' id='word_1_152' title='bbox 1423 987 1514 1023; x_wconf 86' lang='lat' dir='ltr'>aquae</span> <span class='ocrx_word' id='word_1_153' title='bbox 1528 978 1776 1025; x_wconf 80' lang='lat' dir='ltr'>immergantur,</span> 
     </span>
     <span class='ocr_line' id='line_1_17' title="bbox 377 1027 668 1064; baseline 0 -1"><span class='ocrx_word' id='word_1_154' title='bbox 377 1027 480 1064; x_wconf 70' lang='lat' dir='ltr'>illaefiae</span> <span class='ocrx_word' id='word_1_155' title='bbox 495 1028 668 1063; x_wconf 82' lang='lat' dir='ltr'>servantur·</span> 
     </span>
    </p>

    <p class='ocr_par' dir='ltr' id='par_1_6' title="bbox 376 1072 1778 1274">
     <span class='ocr_line' id='line_1_18' title="bbox 424 1072 1778 1124; baseline -0.004 -10"><span class='ocrx_word' id='word_1_156' title='bbox 424 1079 598 1114; x_wconf 83' lang='lat' dir='ltr'>Exterioris</span> <span class='ocrx_word' id='word_1_157' title='bbox 619 1077 711 1113; x_wconf 82' lang='lat' dir='ltr'>velut</span> <span class='ocrx_word' id='word_1_158' title='bbox 740 1077 870 1112; x_wconf 85' lang='lat' dir='ltr'>corticis</span> <span class='ocrx_word' id='word_1_159' title='bbox 885 1087 994 1123; x_wconf 85' lang='lat' dir='ltr'>partes</span> <span class='ocrx_word' id='word_1_160' title='bbox 1016 1076 1189 1124; x_wconf 88' lang='lat' dir='ltr'>repentino</span> <span class='ocrx_word' id='word_1_161' title='bbox 1214 1072 1336 1122; x_wconf 81' lang='lat' dir='ltr'>frigore</span> <span class='ocrx_word' id='word_1_162' title='bbox 1351 1085 1507 1121; x_wconf 87' lang='lat' dir='ltr'>correptae</span> <span class='ocrx_word' id='word_1_163' title='bbox 1525 1072 1666 1108; x_wconf 84' lang='lat' dir='ltr'>multum</span> <span class='ocrx_word' id='word_1_164' title='bbox 1681 1073 1778 1109; x_wconf 68' lang='lat' dir='ltr'>indm</span> 
     </span>
     <span class='ocr_line' id='line_1_19' title="bbox 377 1121 1777 1173; baseline -0.005 -11"><span class='ocrx_word' id='word_1_165' title='bbox 377 1139 496 1164; x_wconf 85' lang='lat' dir='ltr'>rantur.</span> <span class='ocrx_word' id='word_1_166' title='bbox 511 1129 586 1163; x_wconf 87' lang='lat' dir='ltr'>Nec</span> <span class='ocrx_word' id='word_1_167' title='bbox 605 1126 771 1161; x_wconf 86' lang='lat' dir='ltr'>tamenira</span> <span class='ocrx_word' id='word_1_168' title='bbox 780 1137 857 1173; x_wconf 84' lang='lat' dir='ltr'>apte</span> <span class='ocrx_word' id='word_1_169' title='bbox 877 1124 936 1160; x_wconf 81' lang='lat' dir='ltr'>fibi</span> <span class='ocrx_word' id='word_1_170' title='bbox 959 1136 1074 1159; x_wconf 85' lang='lat' dir='ltr'>mutuo</span> <span class='ocrx_word' id='word_1_171' title='bbox 1087 1121 1307 1158; x_wconf 72' lang='lat' dir='ltr'>adhaerescunt</span> <span class='ocrx_word' id='word_1_172' title='bbox 1326 1150 1336 1165; x_wconf 91' lang='lat'>‚</span> <span class='ocrx_word' id='word_1_173' title='bbox 1352 1134 1389 1157; x_wconf 90' lang='lat' dir='ltr'>ac</span> <span class='ocrx_word' id='word_1_174' title='bbox 1404 1121 1424 1157; x_wconf 85' lang='lat' dir='ltr'>fi</span> <span class='ocrx_word' id='word_1_175' title='bbox 1440 1122 1599 1170; x_wconf 84' lang='lat' dir='ltr'>paularim</span> <span class='ocrx_word' id='word_1_176' title='bbox 1616 1121 1704 1156; x_wconf 87' lang='lat' dir='ltr'>calor</span> <span class='ocrx_word' id='word_1_177' title='bbox 1724 1134 1777 1158; x_wconf 10' lang='lat' dir='ltr'>rei..</span> 
     </span>
     <span class='ocr_line' id='line_1_20' title="bbox 376 1169 1776 1222; baseline -0.003 -11"><span class='ocrx_word' id='word_1_178' title='bbox 376 1175 514 1212; x_wconf 82' lang='lat' dir='ltr'>misiffet.</span> <span class='ocrx_word' id='word_1_179' title='bbox 527 1179 616 1212; x_wconf 87' lang='lat' dir='ltr'>Dum</span> <span class='ocrx_word' id='word_1_180' title='bbox 630 1173 711 1210; x_wconf 78' lang='lat' dir='ltr'>vero</span> <span class='ocrx_word' id='word_1_181' title='bbox 727 1175 898 1209; x_wconf 84' lang='lat' dir='ltr'>interiores</span> <span class='ocrx_word' id='word_1_182' title='bbox 914 1173 1062 1222; x_wconf 84' lang='lat' dir='ltr'>lacrymae</span> <span class='ocrx_word' id='word_1_183' title='bbox 1083 1183 1189 1221; x_wconf 84' lang='lat' dir='ltr'>partes</span> <span class='ocrx_word' id='word_1_184' title='bbox 1211 1171 1445 1220; x_wconf 81' lang='lat' dir='ltr'>refrigerantur</span> <span class='ocrx_word' id='word_1_185' title='bbox 1462 1183 1499 1205; x_wconf 88' lang='lat' dir='ltr'>ac</span> <span class='ocrx_word' id='word_1_186' title='bbox 1520 1173 1625 1207; x_wconf 88' lang='lat' dir='ltr'>minus</span> <span class='ocrx_word' id='word_1_187' title='bbox 1639 1169 1776 1219; x_wconf 83' lang='lat' dir='ltr'>spatium</span> 
     </span>
     <span class='ocr_line' id='line_1_21' title="bbox 377 1218 1777 1274; baseline -0.002 -16"><span class='ocrx_word' id='word_1_188' title='bbox 377 1227 523 1274; x_wconf 83' lang='lat' dir='ltr'>exigunt,</span> <span class='ocrx_word' id='word_1_189' title='bbox 542 1224 627 1260; x_wconf 84' lang='lat' dir='ltr'>male</span> <span class='ocrx_word' id='word_1_190' title='bbox 640 1223 701 1258; x_wconf 80' lang='lat' dir='ltr'>sibi</span> <span class='ocrx_word' id='word_1_191' title='bbox 712 1223 894 1267; x_wconf 82' lang='lat' dir='ltr'>cohaerent,</span> <span class='ocrx_word' id='word_1_192' title='bbox 910 1235 948 1257; x_wconf 89' lang='lat' dir='ltr'>ac</span> <span class='ocrx_word' id='word_1_193' title='bbox 962 1223 1031 1270; x_wconf 88' lang='lat' dir='ltr'>plus</span> <span class='ocrx_word' id='word_1_194' title='bbox 1046 1234 1141 1269; x_wconf 88' lang='lat' dir='ltr'>aequo</span> <span class='ocrx_word' id='word_1_195' title='bbox 1155 1219 1249 1257; x_wconf 85' lang='lat' dir='ltr'>tensae</span> <span class='ocrx_word' id='word_1_196' title='bbox 1262 1219 1326 1256; x_wconf 86' lang='lat' dir='ltr'>sese</span> <span class='ocrx_word' id='word_1_197' title='bbox 1347 1221 1503 1256; x_wconf 86' lang='lat' dir='ltr'>evolvere</span> <span class='ocrx_word' id='word_1_198' title='bbox 1523 1221 1598 1255; x_wconf 89' lang='lat' dir='ltr'>data</span> <span class='ocrx_word' id='word_1_199' title='bbox 1609 1218 1777 1256; x_wconf 75' lang='lat' dir='ltr'>occasione</span> 
     </span>
    </p>
   </div>
   <div class='ocr_carea' id='block_1_4' title="bbox 379 1275 1775 1368">
    <p class='ocr_par' dir='ltr' id='par_1_7' title="bbox 379 1275 1775 1368">
     <span class='ocr_line' id='line_1_22' title="bbox 379 1275 572 1309; baseline 0 -1"><span class='ocrx_word' id='word_1_200' title='bbox 379 1275 572 1309; x_wconf 86' lang='lat' dir='ltr'>moliuntur.</span> 
     </span>
     <span class='ocr_line' id='line_1_23' title="bbox 421 1315 1775 1368; baseline -0.002 -11"><span class='ocrx_word' id='word_1_201' title='bbox 421 1323 606 1357; x_wconf 86' lang='lat' dir='ltr'>Contextus</span> <span class='ocrx_word' id='word_1_202' title='bbox 622 1322 736 1368; x_wconf 81' lang='lat' dir='ltr'>itaque</span> <span class='ocrx_word' id='word_1_203' title='bbox 752 1320 893 1368; x_wconf 87' lang='lat' dir='ltr'>partium</span> <span class='ocrx_word' id='word_1_204' title='bbox 919 1319 1117 1353; x_wconf 86' lang='lat' dir='ltr'>exteriorum</span> <span class='ocrx_word' id='word_1_205' title='bbox 1133 1330 1204 1365; x_wconf 87' lang='lat' dir='ltr'>quae</span> <span class='ocrx_word' id='word_1_206' title='bbox 1224 1316 1361 1366; x_wconf 89' lang='lat' dir='ltr'>speciem</span> <span class='ocrx_word' id='word_1_207' title='bbox 1387 1321 1419 1353; x_wconf 91' lang='lat'>&amp;</span> <span class='ocrx_word' id='word_1_208' title='bbox 1437 1315 1626 1352; x_wconf 68' lang='lat' dir='ltr'>structuram</span> <span class='ocrx_word' id='word_1_209' title='bbox 1649 1317 1775 1354; x_wconf 81' lang='lat' dir='ltr'>habent</span> 
     </span>
    </p>
   </div>
   <div class='ocr_carea' id='block_1_5' title="bbox 376 1364 1827 1763">
    <p class='ocr_par' dir='ltr' id='par_1_8' title="bbox 376 1364 1827 1763">
     <span class='ocr_line' id='line_1_24' title="bbox 377 1364 1775 1417; baseline -0.004 -10"><span class='ocrx_word' id='word_1_210' title='bbox 377 1372 512 1407; x_wconf 83' lang='lat' dir='ltr'>fornicis</span> <span class='ocrx_word' id='word_1_211' title='bbox 525 1401 534 1415; x_wconf 89' lang='lat'>‚</span> <span class='ocrx_word' id='word_1_212' title='bbox 544 1381 672 1405; x_wconf 80' lang='lat' dir='ltr'>arcuata</span> <span class='ocrx_word' id='word_1_213' title='bbox 682 1369 1023 1417; x_wconf 86' lang='lat' dir='ltr'>partiuminreriorum</span> <span class='ocrx_word' id='word_1_214' title='bbox 1035 1366 1135 1415; x_wconf 83' lang='lat' dir='ltr'>figura</span> <span class='ocrx_word' id='word_1_215' title='bbox 1153 1372 1186 1403; x_wconf 75' lang='grc' dir='ltr'>δι</span> <span class='ocrx_word' id='word_1_216' title='bbox 1199 1368 1347 1401; x_wconf 86' lang='lat' dir='ltr'>omnium</span> <span class='ocrx_word' id='word_1_217' title='bbox 1363 1364 1464 1401; x_wconf 73' lang='lat' dir='ltr'>tensio</span> <span class='ocrx_word' id='word_1_218' title='bbox 1475 1395 1485 1409; x_wconf 84' lang='lat'>‚</span> <span class='ocrx_word' id='word_1_219' title='bbox 1497 1367 1545 1399; x_wconf 87' lang='lat' dir='ltr'>vis</span> <span class='ocrx_word' id='word_1_220' title='bbox 1558 1365 1687 1401; x_wconf 82' lang='lat' dir='ltr'>elastica</span> <span class='ocrx_word' id='word_1_221' title='bbox 1702 1379 1775 1415; x_wconf 71' lang='lat' dir='ltr'>,qua</span> 
     </span>
     <span class='ocr_line' id='line_1_25' title="bbox 377 1413 1775 1471; baseline -0.004 -15"><span class='ocrx_word' id='word_1_222' title='bbox 377 1433 485 1471; x_wconf 85' lang='lat' dir='ltr'>partes</span> <span class='ocrx_word' id='word_1_223' title='bbox 504 1418 687 1468; x_wconf 67' lang='lat' dir='ltr'>comprell&#39;ae</span> <span class='ocrx_word' id='word_1_224' title='bbox 712 1417 775 1453; x_wconf 86' lang='lat' dir='ltr'>sese</span> <span class='ocrx_word' id='word_1_225' title='bbox 791 1421 825 1453; x_wconf 90' lang='lat' dir='ltr'>in</span> <span class='ocrx_word' id='word_1_226' title='bbox 845 1417 963 1453; x_wconf 84' lang='lat' dir='ltr'>starum</span> <span class='ocrx_word' id='word_1_227' title='bbox 973 1415 1151 1451; x_wconf 81' lang='lat' dir='ltr'>naturalem</span> <span class='ocrx_word' id='word_1_228' title='bbox 1160 1415 1264 1450; x_wconf 87' lang='lat' dir='ltr'>solent</span> <span class='ocrx_word' id='word_1_229' title='bbox 1283 1416 1444 1450; x_wconf 84' lang='lat' dir='ltr'>restituere</span> <span class='ocrx_word' id='word_1_230' title='bbox 1462 1443 1471 1457; x_wconf 89' lang='lat'>‚</span> <span class='ocrx_word' id='word_1_231' title='bbox 1497 1427 1534 1448; x_wconf 86' lang='lat' dir='ltr'>ac</span> <span class='ocrx_word' id='word_1_232' title='bbox 1549 1413 1673 1450; x_wconf 84' lang='lat' dir='ltr'>subtilis</span> <span class='ocrx_word' id='word_1_233' title='bbox 1691 1419 1775 1450; x_wconf 83' lang='lat' dir='ltr'>aeris</span> 
     </span>
     <span class='ocr_line' id='line_1_26' title="bbox 377 1463 1775 1518; baseline -0.006 -13"><span class='ocrx_word' id='word_1_234' title='bbox 377 1471 506 1518; x_wconf 88' lang='lat' dir='ltr'>pondus</span> <span class='ocrx_word' id='word_1_235' title='bbox 530 1472 579 1504; x_wconf 87' lang='lat' dir='ltr'>cui</span> <span class='ocrx_word' id='word_1_236' title='bbox 598 1481 670 1503; x_wconf 89' lang='lat' dir='ltr'>cum</span> <span class='ocrx_word' id='word_1_237' title='bbox 686 1479 777 1516; x_wconf 84' lang='lat' dir='ltr'>patet</span> <span class='ocrx_word' id='word_1_238' title='bbox 798 1467 923 1509; x_wconf 86' lang='lat' dir='ltr'>aditus,</span> <span class='ocrx_word' id='word_1_239' title='bbox 941 1465 1059 1501; x_wconf 71' lang='lat' dir='ltr'>frastio</span> <span class='ocrx_word' id='word_1_240' title='bbox 1072 1467 1215 1513; x_wconf 86' lang='lat' dir='ltr'>corporis</span> <span class='ocrx_word' id='word_1_241' title='bbox 1238 1464 1342 1499; x_wconf 84' lang='lat' dir='ltr'>statim</span> <span class='ocrx_word' id='word_1_242' title='bbox 1362 1464 1522 1511; x_wconf 83' lang='lat' dir='ltr'>sequitur,</span> <span class='ocrx_word' id='word_1_243' title='bbox 1541 1463 1624 1499; x_wconf 88' lang='lat' dir='ltr'>hunc</span> <span class='ocrx_word' id='word_1_244' title='bbox 1642 1467 1775 1501; x_wconf 87' lang='lat' dir='ltr'>tamin-</span> 
     </span>
     <span class='ocr_line' id='line_1_27' title="bbox 376 1511 1775 1567; baseline -0.004 -13"><span class='ocrx_word' id='word_1_245' title='bbox 376 1519 506 1555; x_wconf 89' lang='lat' dir='ltr'>solitum</span> <span class='ocrx_word' id='word_1_246' title='bbox 521 1529 694 1567; x_wconf 85' lang='lat' dir='ltr'>procreant</span> <span class='ocrx_word' id='word_1_247' title='bbox 710 1516 875 1552; x_wconf 62' lang='lat' dir='ltr'>effedmm.</span> <span class='ocrx_word' id='word_1_248' title='bbox 892 1517 980 1552; x_wconf 88' lang='lat' dir='ltr'>Nam</span> <span class='ocrx_word' id='word_1_249' title='bbox 992 1514 1049 1550; x_wconf 90' lang='lat' dir='ltr'>ubi</span> <span class='ocrx_word' id='word_1_250' title='bbox 1069 1513 1207 1561; x_wconf 82' lang='lat' dir='ltr'>oblongi</span> <span class='ocrx_word' id='word_1_251' title='bbox 1227 1513 1305 1547; x_wconf 86' lang='lat' dir='ltr'>colli</span> <span class='ocrx_word' id='word_1_252' title='bbox 1322 1525 1393 1561; x_wconf 86' lang='lat' dir='ltr'>pars</span> <span class='ocrx_word' id='word_1_253' title='bbox 1420 1511 1549 1547; x_wconf 84' lang='lat' dir='ltr'>craffior</span> <span class='ocrx_word' id='word_1_254' title='bbox 1576 1513 1629 1548; x_wconf 90' lang='lat' dir='ltr'>vel</span> <span class='ocrx_word' id='word_1_255' title='bbox 1651 1514 1775 1562; x_wconf 86' lang='lat' dir='ltr'>digito-</span> 
     </span>
     <span class='ocr_line' id='line_1_28' title="bbox 376 1562 1774 1617; baseline -0.004 -14"><span class='ocrx_word' id='word_1_256' title='bbox 376 1581 448 1604; x_wconf 87' lang='lat' dir='ltr'>rum</span> <span class='ocrx_word' id='word_1_257' title='bbox 458 1581 521 1617; x_wconf 86' lang='lat' dir='ltr'>ope</span> <span class='ocrx_word' id='word_1_258' title='bbox 531 1566 706 1609; x_wconf 83' lang='lat' dir='ltr'>resecatur,</span> <span class='ocrx_word' id='word_1_259' title='bbox 723 1577 792 1601; x_wconf 87' lang='lat' dir='ltr'>tum</span> <span class='ocrx_word' id='word_1_260' title='bbox 807 1568 928 1601; x_wconf 85' lang='lat' dir='ltr'>vitrum</span> <span class='ocrx_word' id='word_1_261' title='bbox 939 1566 972 1599; x_wconf 91' lang='lat' dir='ltr'>in</span> <span class='ocrx_word' id='word_1_262' title='bbox 987 1562 1206 1598; x_wconf 85' lang='lat' dir='ltr'>tenuissimum</span> <span class='ocrx_word' id='word_1_263' title='bbox 1219 1562 1388 1611; x_wconf 84' lang='lat' dir='ltr'>pulverem</span> <span class='ocrx_word' id='word_1_264' title='bbox 1402 1564 1633 1596; x_wconf 85' lang='lat' dir='ltr'>comminuitur</span> <span class='ocrx_word' id='word_1_265' title='bbox 1652 1576 1660 1598; x_wconf 74' lang='grc' dir='ltr'><strong><em>ε</em></strong></span> <span class='ocrx_word' id='word_1_266' title='bbox 1681 1562 1774 1609; x_wconf 88' lang='lat' dir='ltr'>quod</span> 
     </span>
     <span class='ocr_line' id='line_1_29' title="bbox 377 1609 1774 1665; baseline -0.005 -12"><span class='ocrx_word' id='word_1_267' title='bbox 377 1619 489 1653; x_wconf 81' lang='lat' dir='ltr'>luxatae</span> <span class='ocrx_word' id='word_1_268' title='bbox 503 1628 610 1665; x_wconf 87' lang='lat' dir='ltr'>partes</span> <span class='ocrx_word' id='word_1_269' title='bbox 626 1617 756 1651; x_wconf 83' lang='lat' dir='ltr'>extimae</span> <span class='ocrx_word' id='word_1_270' title='bbox 776 1627 848 1662; x_wconf 79' lang='lat' dir='ltr'>quae</span> <span class='ocrx_word' id='word_1_271' title='bbox 865 1613 970 1649; x_wconf 87' lang='lat' dir='ltr'>subito</span> <span class='ocrx_word' id='word_1_272' title='bbox 985 1612 1106 1662; x_wconf 84' lang='lat' dir='ltr'>frigore</span> <span class='ocrx_word' id='word_1_273' title='bbox 1128 1610 1323 1660; x_wconf 84' lang='lat' dir='ltr'>rigescentes</span> <span class='ocrx_word' id='word_1_274' title='bbox 1339 1622 1501 1646; x_wconf 83' lang='lat' dir='ltr'>texturam</span> <span class='ocrx_word' id='word_1_275' title='bbox 1527 1609 1651 1646; x_wconf 81' lang='lat' dir='ltr'>habent</span> <span class='ocrx_word' id='word_1_276' title='bbox 1675 1610 1774 1660; x_wconf 81' lang='lat' dir='ltr'>spinae</span> 
     </span>
     <span class='ocr_line' id='line_1_30' title="bbox 376 1659 1775 1709; baseline -0.007 -7"><span class='ocrx_word' id='word_1_277' title='bbox 376 1678 533 1702; x_wconf 86' lang='lat' dir='ltr'>contortae</span> <span class='ocrx_word' id='word_1_278' title='bbox 544 1679 612 1700; x_wconf 86' lang='lat' dir='ltr'>non</span> <span class='ocrx_word' id='word_1_279' title='bbox 625 1663 812 1699; x_wconf 85' lang='lat' dir='ltr'>dissimilem</span> <span class='ocrx_word' id='word_1_280' title='bbox 826 1693 836 1708; x_wconf 84' lang='lat'>,</span> <span class='ocrx_word' id='word_1_281' title='bbox 848 1669 882 1700; x_wconf 73' lang='grc' dir='ltr'>δε</span> <span class='ocrx_word' id='word_1_282' title='bbox 895 1673 1022 1699; x_wconf 86' lang='lat' dir='ltr'>meatus</span> <span class='ocrx_word' id='word_1_283' title='bbox 1043 1661 1240 1709; x_wconf 82' lang='lat' dir='ltr'>angustiores</span> <span class='ocrx_word' id='word_1_284' title='bbox 1251 1691 1262 1705; x_wconf 88' lang='lat'>‚</span> <span class='ocrx_word' id='word_1_285' title='bbox 1277 1662 1311 1696; x_wconf 87' lang='lat' dir='ltr'>vi</span> <span class='ocrx_word' id='word_1_286' title='bbox 1329 1659 1379 1696; x_wconf 87' lang='lat' dir='ltr'>sua</span> <span class='ocrx_word' id='word_1_287' title='bbox 1399 1659 1538 1695; x_wconf 73' lang='lat' dir='ltr'>elastica</span> <span class='ocrx_word' id='word_1_288' title='bbox 1548 1671 1654 1708; x_wconf 85' lang='lat' dir='ltr'>partes</span> <span class='ocrx_word' id='word_1_289' title='bbox 1672 1662 1775 1696; x_wconf 72' lang='lat' dir='ltr'>inter„</span> 
     </span>
     <span class='ocr_line' id='line_1_31' title="bbox 377 1709 1827 1763; baseline -0.003 -14"><span class='ocrx_word' id='word_1_290' title='bbox 377 1728 433 1752; x_wconf 76' lang='lat' dir='ltr'>nas</span> <span class='ocrx_word' id='word_1_291' title='bbox 449 1726 602 1763; x_wconf 81' lang='lat' dir='ltr'>premunt</span> <span class='ocrx_word' id='word_1_292' title='bbox 616 1713 636 1749; x_wconf 77' lang='grc' dir='ltr'>ὲ</span> <span class='ocrx_word' id='word_1_293' title='bbox 649 1711 765 1760; x_wconf 87' lang='lat' dir='ltr'>quibus</span> <span class='ocrx_word' id='word_1_294' title='bbox 784 1710 924 1748; x_wconf 83' lang='lat' dir='ltr'>vicissim</span> <span class='ocrx_word' id='word_1_295' title='bbox 933 1712 1212 1760; x_wconf 85' lang='lat' dir='ltr'>repercutiuntur,</span> <span class='ocrx_word' id='word_1_296' title='bbox 1235 1716 1270 1748; x_wconf 86' lang='lat'>&amp;</span> <span class='ocrx_word' id='word_1_297' title='bbox 1281 1722 1394 1745; x_wconf 89' lang='lat' dir='ltr'>omnes</span> <span class='ocrx_word' id='word_1_298' title='bbox 1418 1711 1451 1745; x_wconf 91' lang='lat' dir='ltr'>in</span> <span class='ocrx_word' id='word_1_299' title='bbox 1468 1709 1686 1745; x_wconf 73' lang='lat' dir='ltr'>tenuissimum</span> <span class='ocrx_word' id='word_1_300' title='bbox 1701 1709 1774 1758; x_wconf 85' lang='lat' dir='ltr'>pul-</span> <span class='ocrx_word' id='word_1_301' title='bbox 1823 1715 1827 1717; x_wconf 85' lang='grc'><em>”</em></span> 
     </span>
    </p>
   </div>
   <div class='ocr_carea' id='block_1_6' title="bbox 345 1764 1771 2107">
    <p class='ocr_par' dir='ltr' id='par_1_9' title="bbox 378 1764 787 1801">
     <span class='ocr_line' id='line_1_32' title="bbox 378 1764 787 1801; baseline -0.01 -1"><span class='ocrx_word' id='word_1_302' title='bbox 378 1774 490 1801; x_wconf 81' lang='lat' dir='ltr'>vetem</span> <span class='ocrx_word' id='word_1_303' title='bbox 509 1764 787 1797; x_wconf 87' lang='lat' dir='ltr'>comminuuntur.</span> 
     </span>
    </p>

    <p class='ocr_par' dir='ltr' id='par_1_10' title="bbox 345 1804 1771 2107">
     <span class='ocr_line' id='line_1_33' title="bbox 414 1804 1770 1859; baseline -0.004 -13"><span class='ocrx_word' id='word_1_304' title='bbox 414 1816 529 1859; x_wconf 76' lang='lat' dir='ltr'>Itaque</span> <span class='ocrx_word' id='word_1_305' title='bbox 546 1810 624 1845; x_wconf 87' lang='lat' dir='ltr'>illud</span> <span class='ocrx_word' id='word_1_306' title='bbox 636 1810 676 1843; x_wconf 84' lang='lat' dir='ltr'>est</span> <span class='ocrx_word' id='word_1_307' title='bbox 693 1808 862 1843; x_wconf 82' lang='lat' dir='ltr'>verisimile</span> <span class='ocrx_word' id='word_1_308' title='bbox 880 1807 968 1855; x_wconf 89' lang='lat' dir='ltr'>quod</span> <span class='ocrx_word' id='word_1_309' title='bbox 984 1817 1096 1855; x_wconf 84' lang='lat' dir='ltr'>praeter</span> <span class='ocrx_word' id='word_1_310' title='bbox 1106 1817 1238 1840; x_wconf 81' lang='lat' dir='ltr'>caeteros</span> <span class='ocrx_word' id='word_1_311' title='bbox 1252 1804 1391 1853; x_wconf 81' lang='lat' dir='ltr'>explicat</span> <span class='ocrx_word' id='word_1_312' title='bbox 1409 1808 1451 1840; x_wconf 88' lang='lat' dir='ltr'>D.</span> <span class='ocrx_word' id='word_1_313' title='bbox 1467 1806 1770 1848; x_wconf 78' lang='lat' dir='ltr'>Mariotte,vitrum</span> 
     </span>
     <span class='ocr_line' id='line_1_34' title="bbox 377 1852 1771 1908; baseline -0.009 -11"><span class='ocrx_word' id='word_1_314' title='bbox 377 1865 411 1897; x_wconf 86' lang='lat' dir='ltr'>in</span> <span class='ocrx_word' id='word_1_315' title='bbox 432 1873 514 1908; x_wconf 69' lang='lat' dir='ltr'>aqua</span> <span class='ocrx_word' id='word_1_316' title='bbox 530 1859 597 1894; x_wconf 86' lang='lat' dir='ltr'>fere</span> <span class='ocrx_word' id='word_1_317' title='bbox 614 1860 680 1894; x_wconf 65' lang='lat' dir='ltr'>fere</span> <span class='ocrx_word' id='word_1_318' title='bbox 696 1859 787 1893; x_wconf 83' lang='lat' dir='ltr'>instar</span> <span class='ocrx_word' id='word_1_319' title='bbox 808 1855 955 1905; x_wconf 79' lang='lat' dir='ltr'>chalybis</span> <span class='ocrx_word' id='word_1_320' title='bbox 972 1866 1191 1903; x_wconf 79' lang='lat' dir='ltr'>temperatum</span> <span class='ocrx_word' id='word_1_321' title='bbox 1205 1854 1308 1888; x_wconf 84' lang='lat' dir='ltr'>durius</span> <span class='ocrx_word' id='word_1_322' title='bbox 1319 1852 1409 1896; x_wconf 82' lang='lat' dir='ltr'>fieri,</span> <span class='ocrx_word' id='word_1_323' title='bbox 1424 1854 1501 1888; x_wconf 89' lang='lat' dir='ltr'>dum</span> <span class='ocrx_word' id='word_1_324' title='bbox 1513 1865 1618 1900; x_wconf 82' lang='lat' dir='ltr'>partes</span> <span class='ocrx_word' id='word_1_325' title='bbox 1629 1857 1771 1889; x_wconf 84' lang='lat' dir='ltr'>exterio..</span> 
     </span>
     <span class='ocr_line' id='line_1_35' title="bbox 378 1900 1770 1956; baseline -0.005 -11"><span class='ocrx_word' id='word_1_326' title='bbox 378 1923 427 1945; x_wconf 86' lang='lat' dir='ltr'>res</span> <span class='ocrx_word' id='word_1_327' title='bbox 447 1910 618 1956; x_wconf 77' lang='lat' dir='ltr'>repentino</span> <span class='ocrx_word' id='word_1_328' title='bbox 643 1920 735 1954; x_wconf 80' lang='lat' dir='ltr'>aquae</span> <span class='ocrx_word' id='word_1_329' title='bbox 755 1907 876 1955; x_wconf 80' lang='lat' dir='ltr'>frigore</span> <span class='ocrx_word' id='word_1_330' title='bbox 904 1907 1120 1952; x_wconf 87' lang='lat' dir='ltr'>corripiuntur</span> <span class='ocrx_word' id='word_1_331' title='bbox 1139 1922 1148 1948; x_wconf 80' lang='lat'><em>3</em></span> <span class='ocrx_word' id='word_1_332' title='bbox 1164 1902 1254 1938; x_wconf 84' lang='lat' dir='ltr'>simul</span> <span class='ocrx_word' id='word_1_333' title='bbox 1270 1915 1374 1950; x_wconf 80' lang='lat' dir='ltr'>partes</span> <span class='ocrx_word' id='word_1_334' title='bbox 1391 1903 1566 1938; x_wconf 54' lang='lat' dir='ltr'>‘interiores</span> <span class='ocrx_word' id='word_1_335' title='bbox 1585 1900 1640 1936; x_wconf 86' lang='lat' dir='ltr'>ubi</span> <span class='ocrx_word' id='word_1_336' title='bbox 1665 1903 1770 1938; x_wconf 83' lang='lat' dir='ltr'>adhuc</span> 
     </span>
     <span class='ocr_line' id='line_1_36' title="bbox 379 1949 1770 2007; baseline -0.006 -14"><span class='ocrx_word' id='word_1_337' title='bbox 379 1960 529 2001; x_wconf 82' lang='lat' dir='ltr'>fervent,</span> <span class='ocrx_word' id='word_1_338' title='bbox 546 1962 643 2007; x_wconf 61' lang='lat' dir='ltr'>majus</span> <span class='ocrx_word' id='word_1_339' title='bbox 657 1956 792 2003; x_wconf 67' lang='lat' dir='ltr'>spatium</span> <span class='ocrx_word' id='word_1_340' title='bbox 807 1965 976 2002; x_wconf 82' lang='lat' dir='ltr'>occupant.</span> <span class='ocrx_word' id='word_1_341' title='bbox 1007 1953 1071 1988; x_wconf 78' lang='lat' dir='ltr'>Sed</span> <span class='ocrx_word' id='word_1_342' title='bbox 1090 1965 1163 1987; x_wconf 90' lang='lat' dir='ltr'>cum</span> <span class='ocrx_word' id='word_1_343' title='bbox 1182 1952 1230 1987; x_wconf 86' lang='lat' dir='ltr'>hae</span> <span class='ocrx_word' id='word_1_344' title='bbox 1248 1964 1356 2000; x_wconf 86' lang='lat' dir='ltr'>partes</span> <span class='ocrx_word' id='word_1_345' title='bbox 1371 1953 1539 1987; x_wconf 85' lang='lat' dir='ltr'>interiores</span> <span class='ocrx_word' id='word_1_346' title='bbox 1554 1949 1675 1999; x_wconf 85' lang='lat' dir='ltr'>frigore</span> <span class='ocrx_word' id='word_1_347' title='bbox 1689 1965 1770 2000; x_wconf 88' lang='lat' dir='ltr'>pau-</span> 
     </span>
     <span class='ocr_line' id='line_1_37' title="bbox 379 2000 1771 2052; baseline -0.007 -10"><span class='ocrx_word' id='word_1_348' title='bbox 379 2009 471 2043; x_wconf 84' lang='lat' dir='ltr'>latim</span> <span class='ocrx_word' id='word_1_349' title='bbox 488 2007 722 2041; x_wconf 83' lang='lat' dir='ltr'>contrahuntur</span> <span class='ocrx_word' id='word_1_350' title='bbox 736 2034 746 2048; x_wconf 82' lang='lat'>‚</span> <span class='ocrx_word' id='word_1_351' title='bbox 760 2017 871 2052; x_wconf 88' lang='lat' dir='ltr'>eaeque</span> <span class='ocrx_word' id='word_1_352' title='bbox 896 2015 965 2038; x_wconf 87' lang='lat' dir='ltr'>tum</span> <span class='ocrx_word' id='word_1_353' title='bbox 981 2001 1214 2044; x_wconf 76' lang='lat' dir='ltr'>exterioribus,</span> <span class='ocrx_word' id='word_1_354' title='bbox 1235 2013 1304 2036; x_wconf 86' lang='lat' dir='ltr'>tum</span> <span class='ocrx_word' id='word_1_355' title='bbox 1325 2003 1362 2036; x_wconf 90' lang='lat' dir='ltr'>iis</span> <span class='ocrx_word' id='word_1_356' title='bbox 1382 2013 1452 2048; x_wconf 86' lang='lat' dir='ltr'>quae</span> <span class='ocrx_word' id='word_1_357' title='bbox 1470 2011 1581 2035; x_wconf 86' lang='lat' dir='ltr'>centro</span> <span class='ocrx_word' id='word_1_358' title='bbox 1603 2000 1675 2036; x_wconf 83' lang='lat' dir='ltr'>sunt</span> <span class='ocrx_word' id='word_1_359' title='bbox 1692 2013 1771 2049; x_wconf 86' lang='lat' dir='ltr'>pro-</span> 
     </span>
     <span class='ocr_line' id='line_1_38' title="bbox 345 2047 1767 2107; baseline -0.005 -16"><span class='ocrx_word' id='word_1_360' title='bbox 345 2068 351 2074; x_wconf 89' lang='grc'><em>·</em></span> <span class='ocrx_word' id='word_1_361' title='bbox 379 2060 485 2107; x_wconf 84' lang='lat' dir='ltr'>piores</span> <span class='ocrx_word' id='word_1_362' title='bbox 500 2055 764 2098; x_wconf 71' lang='lat' dir='ltr'>aoolurinantut,</span> <span class='ocrx_word' id='word_1_363' title='bbox 781 2053 892 2101; x_wconf 79' lang='lat' dir='ltr'>saepius</span> <span class='ocrx_word' id='word_1_364' title='bbox 922 2064 1032 2087; x_wconf 84' lang='lat' dir='ltr'>earum</span> <span class='ocrx_word' id='word_1_365' title='bbox 1046 2052 1263 2086; x_wconf 77' lang='lat' dir='ltr'>&#39;continuitate</span> <span class='ocrx_word' id='word_1_366' title='bbox 1279 2052 1458 2099; x_wconf 73' lang='lat' dir='ltr'>interrupta</span> <span class='ocrx_word' id='word_1_367' title='bbox 1476 2047 1570 2084; x_wconf 84' lang='lat' dir='ltr'>bullae</span> <span class='ocrx_word' id='word_1_368' title='bbox 1589 2050 1767 2099; x_wconf 84' lang='lat' dir='ltr'>ampliores</span> 
     </span>
    </p>
   </div>
   <div class='ocr_carea' id='block_1_7' title="bbox 379 2086 1121 2151">
    <p class='ocr_par' dir='ltr' id='par_1_11' title="bbox 379 2086 1121 2151">
     <span class='ocr_line' id='line_1_39' title="bbox 379 2086 1121 2151; baseline -0.004 -11"><span class='ocrx_word' id='word_1_369' title='bbox 379 2117 453 2141; x_wconf 80' lang='lat' dir='ltr'>aere</span> <span class='ocrx_word' id='word_1_370' title='bbox 472 2086 649 2139; x_wconf 51' lang='lat' dir='ltr'>adrcr&#39;ioodum</span> <span class='ocrx_word' id='word_1_371' title='bbox 670 2102 806 2138; x_wconf 88' lang='lat' dir='ltr'>dilatato</span> <span class='ocrx_word' id='word_1_372' title='bbox 823 2102 926 2151; x_wconf 88' lang='lat' dir='ltr'>plenae</span> <span class='ocrx_word' id='word_1_373' title='bbox 939 2112 1121 2137; x_wconf 83' lang='lat' dir='ltr'>remanent.</span> 
     </span>
    </p>
   </div>
   <div class='ocr_carea' id='block_1_8' title="bbox 379 2147 1804 2446">
    <p class='ocr_par' dir='ltr' id='par_1_12' title="bbox 379 2147 1769 2395">
     <span class='ocr_line' id='line_1_40' title="bbox 427 2147 1769 2201; baseline -0.008 -11"><span class='ocrx_word' id='word_1_374' title='bbox 427 2156 518 2190; x_wconf 83' lang='lat' dir='ltr'>Hinc</span> <span class='ocrx_word' id='word_1_375' title='bbox 537 2164 642 2201; x_wconf 86' lang='lat' dir='ltr'>partes</span> <span class='ocrx_word' id='word_1_376' title='bbox 658 2154 833 2187; x_wconf 84' lang='lat' dir='ltr'>exteriores</span> <span class='ocrx_word' id='word_1_377' title='bbox 851 2151 970 2186; x_wconf 86' lang='lat' dir='ltr'>malleo</span> <span class='ocrx_word' id='word_1_378' title='bbox 988 2149 1126 2185; x_wconf 80' lang='lat' dir='ltr'>contusae</span> <span class='ocrx_word' id='word_1_379' title='bbox 1142 2162 1209 2184; x_wconf 88' lang='lat' dir='ltr'>non</span> <span class='ocrx_word' id='word_1_380' title='bbox 1219 2147 1423 2198; x_wconf 75' lang='lat' dir='ltr'>franguntur3</span> <span class='ocrx_word' id='word_1_381' title='bbox 1433 2147 1522 2196; x_wconf 87' lang='lat' dir='ltr'>quod</span> <span class='ocrx_word' id='word_1_382' title='bbox 1540 2160 1584 2182; x_wconf 85' lang='lat' dir='ltr'>eae</span> <span class='ocrx_word' id='word_1_383' title='bbox 1601 2160 1706 2195; x_wconf 81' lang='lat' dir='ltr'>partes</span> <span class='ocrx_word' id='word_1_384' title='bbox 1717 2151 1769 2185; x_wconf 87' lang='lat' dir='ltr'>in..</span> 
     </span>
     <span class='ocr_line' id='line_1_41' title="bbox 379 2196 1768 2246; baseline -0.006 -9"><span class='ocrx_word' id='word_1_385' title='bbox 379 2202 437 2238; x_wconf 81' lang='lat' dir='ltr'>star</span> <span class='ocrx_word' id='word_1_386' title='bbox 467 2202 598 2237; x_wconf 85' lang='lat' dir='ltr'>fornicis</span> <span class='ocrx_word' id='word_1_387' title='bbox 626 2201 694 2236; x_wconf 81' lang='lat' dir='ltr'>aliae</span> <span class='ocrx_word' id='word_1_388' title='bbox 712 2202 780 2236; x_wconf 83' lang='lat' dir='ltr'>aliis</span> <span class='ocrx_word' id='word_1_389' title='bbox 799 2204 923 2236; x_wconf 71' lang='lat' dir='ltr'>innexae</span> <span class='ocrx_word' id='word_1_390' title='bbox 940 2199 1003 2234; x_wconf 88' lang='lat' dir='ltr'>sese</span> <span class='ocrx_word' id='word_1_391' title='bbox 1019 2210 1186 2234; x_wconf 85' lang='lat' dir='ltr'>tueantur:</span> <span class='ocrx_word' id='word_1_392' title='bbox 1200 2197 1251 2232; x_wconf 88' lang='lat' dir='ltr'>sed</span> <span class='ocrx_word' id='word_1_393' title='bbox 1268 2198 1415 2246; x_wconf 82' lang='lat' dir='ltr'>lacrymae</span> <span class='ocrx_word' id='word_1_394' title='bbox 1445 2196 1627 2246; x_wconf 84' lang='lat' dir='ltr'>pedunculo</span> <span class='ocrx_word' id='word_1_395' title='bbox 1645 2196 1768 2233; x_wconf 85' lang='lat' dir='ltr'>inflexo</span> 
     </span>
     <span class='ocr_line' id='line_1_42' title="bbox 381 2245 1769 2299; baseline -0.006 -12"><span class='ocrx_word' id='word_1_396' title='bbox 381 2259 415 2290; x_wconf 89' lang='lat'>&amp;</span> <span class='ocrx_word' id='word_1_397' title='bbox 431 2251 709 2299; x_wconf 79' lang='lat' dir='ltr'>difi·upto‚eaedern</span> <span class='ocrx_word' id='word_1_398' title='bbox 721 2263 825 2299; x_wconf 81' lang='lat' dir='ltr'>partes</span> <span class='ocrx_word' id='word_1_399' title='bbox 845 2262 882 2284; x_wconf 88' lang='lat' dir='ltr'>ea</span> <span class='ocrx_word' id='word_1_400' title='bbox 902 2248 1079 2284; x_wconf 83' lang='lat' dir='ltr'>inflexione</span> <span class='ocrx_word' id='word_1_401' title='bbox 1089 2249 1231 2282; x_wconf 68' lang='lat' dir='ltr'>addustae</span> <span class='ocrx_word' id='word_1_402' title='bbox 1250 2248 1343 2283; x_wconf 81' lang='lat' dir='ltr'>instar</span> <span class='ocrx_word' id='word_1_403' title='bbox 1361 2246 1608 2293; x_wconf 80' lang='lat' dir='ltr'>elateriimagna</span> <span class='ocrx_word' id='word_1_404' title='bbox 1620 2245 1769 2280; x_wconf 77' lang='lat' dir='ltr'>celerita-</span> 
     </span>
     <span class='ocr_line' id='line_1_43' title="bbox 381 2293 1767 2348; baseline -0.004 -12"><span class='ocrx_word' id='word_1_405' title='bbox 381 2314 413 2336; x_wconf 88' lang='lat' dir='ltr'>te</span> <span class='ocrx_word' id='word_1_406' title='bbox 428 2301 632 2335; x_wconf 79' lang='lat' dir='ltr'>restituuntur</span> <span class='ocrx_word' id='word_1_407' title='bbox 649 2315 655 2335; x_wconf 88' lang='lat'>:</span> <span class='ocrx_word' id='word_1_408' title='bbox 671 2300 754 2334; x_wconf 86' lang='lat' dir='ltr'>adeo</span> <span class='ocrx_word' id='word_1_409' title='bbox 764 2312 799 2335; x_wconf 90' lang='lat' dir='ltr'>ut</span> <span class='ocrx_word' id='word_1_410' title='bbox 811 2312 880 2348; x_wconf 69' lang='lat' dir='ltr'>quae</span> <span class='ocrx_word' id='word_1_411' title='bbox 891 2311 997 2348; x_wconf 87' lang='lat' dir='ltr'>partes</span> <span class='ocrx_word' id='word_1_412' title='bbox 1011 2309 1101 2333; x_wconf 88' lang='lat' dir='ltr'>erant</span> <span class='ocrx_word' id='word_1_413' title='bbox 1119 2296 1204 2332; x_wconf 86' lang='lat' dir='ltr'>male</span> <span class='ocrx_word' id='word_1_414' title='bbox 1214 2297 1371 2344; x_wconf 70' lang='lat' dir='ltr'>colligatae</span> <span class='ocrx_word' id='word_1_415' title='bbox 1389 2301 1422 2332; x_wconf 84' lang='lat'>&amp;</span> <span class='ocrx_word' id='word_1_416' title='bbox 1438 2304 1561 2329; x_wconf 82' lang='lat' dir='ltr'>tantum</span> <span class='ocrx_word' id='word_1_417' title='bbox 1576 2293 1632 2328; x_wconf 84' lang='lat' dir='ltr'>sibi</span> <span class='ocrx_word' id='word_1_418' title='bbox 1651 2307 1767 2331; x_wconf 76' lang='lat' dir='ltr'>mutuo</span> 
     </span>
     <span class='ocr_line' id='line_1_44' title="bbox 380 2349 770 2395; baseline 0.005 -11"><span class='ocrx_word' id='word_1_419' title='bbox 380 2352 553 2395; x_wconf 67' lang='lat' dir='ltr'>contiguae,</span> <span class='ocrx_word' id='word_1_420' title='bbox 564 2349 770 2386; x_wconf 78' lang='lat' dir='ltr'>divellantur.</span> 
     </span>
    </p>

    <p class='ocr_par' dir='ltr' id='par_1_13' title="bbox 418 2390 1804 2446">
     <span class='ocr_line' id='line_1_45' title="bbox 418 2390 1804 2446; baseline -0.004 -15"><span class='ocrx_word' id='word_1_421' title='bbox 418 2400 498 2431; x_wconf 81' lang='lat' dir='ltr'>Fieri</span> <span class='ocrx_word' id='word_1_422' title='bbox 517 2401 613 2433; x_wconf 75' lang='lat' dir='ltr'>eriam</span> <span class='ocrx_word' id='word_1_423' title='bbox 640 2399 747 2446; x_wconf 85' lang='lat' dir='ltr'>potest</span> <span class='ocrx_word' id='word_1_424' title='bbox 761 2410 795 2435; x_wconf 85' lang='lat' dir='ltr'>ut</span> <span class='ocrx_word' id='word_1_425' title='bbox 813 2411 869 2434; x_wconf 80' lang='lat' dir='ltr'>aer</span> <span class='ocrx_word' id='word_1_426' title='bbox 889 2397 967 2433; x_wconf 82' lang='lat' dir='ltr'>dato</span> <span class='ocrx_word' id='word_1_427' title='bbox 980 2396 1069 2433; x_wconf 83' lang='lat' dir='ltr'>aditu</span> <span class='ocrx_word' id='word_1_428' title='bbox 1092 2398 1253 2435; x_wconf 85' lang='lat' dir='ltr'>turmatim</span> <span class='ocrx_word' id='word_1_429' title='bbox 1267 2396 1418 2442; x_wconf 82' lang='lat' dir='ltr'>irrumpat</span> <span class='ocrx_word' id='word_1_430' title='bbox 1431 2404 1484 2437; x_wconf 82' lang='lat' dir='ltr'>,ur</span> <span class='ocrx_word' id='word_1_431' title='bbox 1507 2391 1543 2428; x_wconf 87' lang='lat' dir='ltr'>fit</span> <span class='ocrx_word' id='word_1_432' title='bbox 1568 2395 1600 2427; x_wconf 89' lang='lat' dir='ltr'>in</span> <span class='ocrx_word' id='word_1_433' title='bbox 1620 2390 1767 2428; x_wconf 77' lang='lat' dir='ltr'>machina</span> <span class='ocrx_word' id='word_1_434' title='bbox 1802 2442 1804 2444; x_wconf 25' lang='grc' dir='ltr'>Ι</span> 
     </span>
    </p>
   </div>
  </div>
 </body>
</html>
