1878 2724
68 181 163 235 plum
173 211 182 228 ,
192 187 226 222 δε
236 189 419 216 convexum
435 180 516 216 orbe
529 182 699 218 chartaceo
712 182 866 218 inclusum
880 212 890 227 ,
908 184 1005 231 idque
1017 193 1168 218 corneam
1178 184 1318 218 tunicam
1332 149 1447 232 repsig

71 231 382 280 sentat.Crystallini
396 230 468 266 loco
478 230 524 264 est
535 230 603 266 lens
622 231 734 266 itidem
749 244 906 275 convexa,
922 231 974 266 seu
988 234 1106 267 vitrum
1121 232 1314 279 pellucidum
1331 234 1362 266 in
1376 245 1446 268 me-

72 283 130 317 dio
140 280 258 318 denfius
272 308 281 322 ,
297 291 394 327 quam
411 282 444 314 in
459 282 610 315 extremis
625 279 751 325 3charta
762 292 848 315 retro
865 279 965 328 posita
985 293 1139 329 organum
1158 279 1247 329 ipsius
1269 280 1349 315 visus
1362 309 1370 323 ,
1383 280 1447 315 sive

72 329 108 369 sit
118 333 241 374 retina,
256 328 317 363 five
335 327 368 363 fit
386 328 552 364 choroides
568 358 578 372 ,
591 327 685 363 nobis
700 328 854 372 exhibet3
872 341 975 377 eaque
999 330 1165 364 adducitur
1183 357 1192 371 ,
1207 340 1261 362 aut
1279 331 1448 364 retrahitur

73 381 121 414 uti
138 378 288 419 libuerit,
303 377 379 411 dum
396 377 544 411 distincta
559 377 681 426 objeffi
700 379 806 425 imago
820 379 853 412 in
867 390 905 412 ea
923 380 1128 426 depingatur.
1148 379 1260 425 Qare
1272 390 1307 410 ea
1325 378 1451 412 machi-

72 439 114 463 na
128 425 167 461 fic
177 429 211 462 in
227 425 358 461 fenestra
369 426 544 460 collocatur
556 438 590 460 ut
601 427 679 459 radii
689 438 726 461 ex
739 426 875 472 objectis
888 426 1042 460 illustratis
1062 429 1093 460 iu
1119 429 1237 461 vitrum
1253 430 1391 461 anterius
1413 426 1451 460 il-

72 474 146 524 lapsi
160 503 169 517 ,
185 487 252 510 tuni
267 474 387 509 lentem
398 474 610 521 crystallinam
628 473 796 510 subeuntes
812 503 821 517 ,
839 475 1018 510 distinctam
1031 478 1062 510 in
1080 475 1206 518 charta,
1227 487 1296 521 quae
1312 476 1449 511 fundum

71 523 159 559 oculi
174 522 375 572 tepraesentat
386 551 395 566 ,
409 526 456 557 rei
473 523 630 570 pststuram
648 523 819 559 delineent.

114 581 165 616 3⁰.
188 571 326 621 Idipsum
339 583 377 606 ex
388 572 539 606 struetura
552 571 635 606 oculi
651 571 688 606 fit
707 572 924 608 manifestum.
958 574 1007 608 Sit
1028 575 1116 607 enim
1131 572 1299 621 objectum
1318 574 1346 608 A
1362 575 1384 606 B
1399 573 1428 606 C
1441 601 1450 615 ,

75 631 144 656 tum
159 621 243 656 illius
259 622 381 668 pictura
399 623 459 655 erit
472 621 629 663 distincta,
645 633 716 655 cum
734 622 851 669 puncta
866 622 906 663 A,
922 623 957 664 B,
969 623 1016 664 C,
1034 624 1065 656 in
1085 622 1185 656 fundo
1198 622 1283 656 oculi
1296 634 1325 664 a,
1337 621 1369 664 b,
1382 621 1452 665 c,sic

73 671 244 718 pingentur
259 699 269 713 ‚
287 680 322 704 ut
336 669 439 716 plures
452 670 533 703 radii
550 668 592 703 ab
611 682 809 717 unoquoque
830 672 949 717 puano
964 699 974 714 ‚
990 682 1025 705 ut
1043 672 1070 705 A
1082 699 1091 713 ‚
1113 671 1271 718 prochti,
1303 672 1337 705 in
1355 683 1452 705 unum

72 719 188 753 itidem
204 719 358 766 primirum
370 730 387 751 a
398 746 408 760 ,
424 729 549 754 coeant.
573 719 662 753 Nam
681 721 788 752 tunica
803 731 919 753 cornea
937 722 970 762 E,
984 722 1009 761 1,
1022 722 1046 753 E
1058 747 1068 761 ,
1080 720 1185 753 radios
1198 718 1239 752 ab
1259 718 1376 754 eodem
1391 719 1452 753 ob-

73 768 150 816 jecti
171 770 290 814 pumsto
309 768 336 801 A
352 768 545 814 prodeuntes
573 766 742 815 infringit,
761 772 793 803 &
810 769 946 801 nimium
961 769 1165 814 divergentes
1183 767 1326 815 colligit,
1347 779 1381 802 ut
1396 780 1452 815 pcr

74 815 225 850 foramen
237 827 328 850 uveae
341 814 391 849 {eu
404 816 576 862 pupillam,
588 817 633 858 O,
647 818 681 852 O
691 844 700 858 ‚
713 815 814 850 subire
825 813 953 862 poffint.
974 817 1058 849 Vide
1066 817 1255 864 fizperiorem
1263 815 1413 861 figuram.

111 871 164 908 4⁰.
188 863 400 912 Crystallinus
414 866 436 897 f
446 867 469 899 P
481 866 501 898 F
512 892 522 905 ‚
536 865 640 897 radios
658 866 715 910 qui
730 863 771 897 ab
785 865 901 897 eodem
916 866 1038 910 punCto
1050 866 1088 905 A,
1102 864 1275 911 prodeunt,
1287 864 1325 898 sic
1340 864 1453 899 infrin-

73 914 122 961 git
134 940 143 956 ‚
157 915 238 947 utin
248 912 363 946 eodem
375 913 522 959 ρυηᾶοει
532 939 545 954 ,
555 911 746 960 colligantur
761 940 771 954 ,
783 917 816 948 &
831 910 886 946 fiat
900 911 989 946 velut
1005 911 1138 959 quidam
1160 912 1324 958 penicillus
1334 941 1344 956 ,
1358 924 1393 947 ut
1405 914 1454 948 lo-

73 972 214 1007 quuntur
225 989 234 1003 ,
247 974 268 995 o
279 972 297 994 a
308 974 328 994 o
339 975 346 996 :
358 959 462 1007 ficque
476 960 633 1009 puanum
648 962 676 996 A
686 989 695 1003 ‚
707 961 852 996 distin&
869 963 1016 1008 pingatur
1031 963 1064 994 in
1090 960 1195 995 fundo
1215 960 1301 996 oculi
1314 974 1342 995 a.
1362 962 1452 998 Con-

74 1008 140 1044 fusa
152 1021 261 1044 autem
277 1008 354 1043 visio
373 1009 475 1043 futura
487 1009 533 1043 est
546 1037 555 1051 ‚
576 1007 596 1043 fi
609 1009 689 1042 radii
707 1008 748 1043 ab
767 1010 882 1043 eodem
908 1009 1029 1058 objeffi
1047 1012 1167 1056 punito
1193 1011 1390 1057 prodeuntes
1405 1013 1453 1045 di„

74 1056 177 1093 versas
188 1060 220 1092 in
231 1057 316 1091 oculi
325 1056 424 1091 fundo
435 1068 538 1104 partes
548 1067 723 1105 occupent:
738 1069 772 1091 ut
784 1070 855 1091 cum
866 1056 937 1091 solis
949 1059 1027 1092 radii
1038 1070 1092 1106 pet
1106 1058 1252 1092 fenestrae
1268 1060 1381 1093 rimam
1393 1059 1454 1094 ob-

73 1106 154 1142 scuri
164 1105 302 1140 cubiculi
312 1107 527 1153 excipiuntur:
540 1104 561 1140 si
577 1107 656 1139 rima
671 1105 769 1153 paulo
787 1105 833 1140 est
845 1108 1002 1153 apertior,
1017 1106 1078 1141 hoc
1089 1105 1284 1154 splendidior
1299 1108 1428 1153 quidem
1444 1138 1454 1150 ,

73 1155 127 1190 sed
140 1156 238 1202 magis
249 1152 432 1200 perturbata
442 1153 534 1197 solis,
555 1153 608 1188 vel
627 1153 748 1202 objetsti
763 1156 871 1200 imago
889 1154 994 1189 futura
1014 1155 1066 1191 est.
1086 1157 1174 1190 Nam
1195 1154 1312 1203 fingnla
1328 1156 1453 1203 objecti

76 1205 194 1252 puncta
207 1201 340 1236 radiosas
352 1203 532 1250 pyramides
550 1201 681 1236 vibrant
694 1214 810 1249 3atque
821 1201 960 1248 ejusdem
972 1206 1081 1251 puncti
1094 1202 1196 1251 plures
1210 1205 1289 1237 radii
1300 1205 1333 1238 in
1347 1206 1454 1240 diver-

73 1251 110 1287 fis
129 1251 253 1286 tabellae
267 1249 415 1299 opposita:
428 1252 552 1298 punctis
566 1253 799 1298 imprimuntur.
825 1252 904 1294 Qio
921 1263 1028 1286 autem
1051 1251 1199 1287 foramen
1217 1265 1274 1299 pcr
1292 1254 1381 1300 quod
1402 1254 1452 1288 lu-

75 1312 152 1336 men
163 1300 340 1335 admittitur
351 1328 361 1343 ,
380 1299 425 1333 est
439 1300 671 1347 angustius,hoc
681 1302 844 1346 pauciores
864 1300 944 1333 radii
955 1299 1090 1336 subeunt
1099 1329 1108 1344 ‚
1124 1306 1156 1336 &
1169 1300 1287 1335 facilius
1299 1314 1455 1352 coguntur

75 1352 111 1385 in
121 1349 267 1384 ordinem
280 1365 289 1392 3
304 1360 439 1394 tumque
457 1349 602 1383 distincita
615 1348 661 1382 est
674 1346 796 1396 objeffi
813 1350 922 1393 imago
932 1378 942 1393 ,
960 1348 1012 1383 sed
1025 1349 1203 1397 languidior
1217 1364 1224 1385 :
1242 1363 1321 1385 unus
1332 1354 1454 1401 quippe

71 1409 130 1433 aut
148 1397 228 1431 alter
243 1397 397 1432 duntaxat
411 1397 514 1432 radius
529 1409 567 1432 ex
580 1409 645 1431 uno
659 1395 780 1446 objecti
799 1398 918 1444 punCto
938 1410 994 1445 per
1009 1398 1153 1433 rimulam
1164 1397 1260 1434 subit.

110 1445 162 1481 Est
176 1448 305 1492 itaque,
322 1457 358 1480 ut
372 1446 510 1480 diximus
523 1474 532 1488 ,
554 1445 674 1494 pupilla
695 1446 787 1480 instat
805 1445 972 1481 foraminis
985 1475 994 1488 ,
1009 1447 1096 1493 quod
1116 1458 1262 1495 aptatum
1281 1448 1324 1483 est
1343 1451 1375 1483 in
1394 1448 1456 1483 ob-

75 1494 152 1530 scuri
162 1493 296 1529 cubiculi
311 1494 452 1529 fenestra
462 1523 471 1537 ,
483 1506 536 1529 aut
546 1496 678 1542 pariete.
690 1495 775 1530 Cum
789 1496 944 1528 remotius
962 1495 1008 1529 est
1019 1494 1183 1543 objedtum
1192 1525 1201 1539 ,
1215 1507 1269 1530 aut
1281 1499 1377 1531 nimis
1393 1500 1463 1532 exi.-

76 1555 139 1592 gua
149 1542 219 1577 luce
231 1542 409 1590 perfusum,
428 1542 555 1590 pupillae
567 1543 715 1577 foramen
733 1541 864 1577 subinde
877 1542 1048 1578 dilatatur:
1062 1556 1172 1579 contra
1191 1543 1247 1578 ubi
1264 1547 1397 1580 vicinius
1410 1546 1461 1582 est

77 1590 327 1640 objecstum,aut
338 1591 512 1626 admodum
525 1590 638 1626 illustre
657 1603 697 1638 pu
723 1590 775 1625 illa
793 1591 1011 1635 contrahitur,
1029 1604 1068 1626 ne
1081 1591 1211 1628 confusa
1231 1595 1339 1642 imago
1354 1606 1456 1643 appa..

77 1651 147 1674 reat
159 1652 249 1676 :cum
264 1638 382 1673 scilicet
397 1639 499 1686 plures
510 1652 608 1687 quam
623 1652 679 1687 par
704 1651 740 1684 it,
755 1640 968 1675 admittuntur
984 1641 1061 1674 radii
1075 1669 1084 1684 ‚
1095 1643 1149 1688 qui
1159 1643 1233 1690 cogi
1245 1643 1276 1677 in
1293 1644 1454 1687 ordinem,

75 1699 132 1724 aut
150 1690 183 1724 in
201 1688 315 1723 eadem
333 1686 455 1723 tabella
465 1689 605 1724 ordinari
616 1699 789 1737 nequeunt.

569 1788 594 1820 S
596 1786 750 1822 blvuntnr
760 1786 949 1833 objeilloness

114 1885 198 1934 Opp.
218 1897 248 1920 10
265 1886 424 1919 foramen
432 1893 522 1918 uveae
535 1885 567 1918 in
579 1883 672 1919 nobis
684 1884 727 1919 est
739 1887 876 1933 apertius
887 1915 896 1929 ‚
917 1897 1013 1934 quam
1030 1885 1114 1922 oculi
1129 1888 1366 1921 concameratio
1388 1889 1456 1920 exi-

80 1943 136 1981 gat
149 1949 160 1975 ς
173 1944 266 1979 atque
278 1933 350 1968 huic
363 1934 493 1980 propior
513 1933 556 1967 est
572 1936 693 1977 retina,
713 1933 766 1968 seu
786 1933 905 1969 tabella
919 1933 1063 1983 opposita
1075 1964 1085 1979 ,
1098 1947 1195 1982 quam
1215 1946 1249 1969 ut
1267 1938 1298 1969 in
1319 1946 1356 1969 ea
1376 1936 1458 1969 radii

81 1979 203 2028 poffint
216 1992 289 2028 apte
303 1979 445 2027 disponi,
457 1990 512 2014 aut
523 1981 674 2026 penicillo
683 1981 849 2019 delineari.
859 1986 932 2018 Nec
944 1984 1074 2017 demum
1085 1995 1120 2018 ut
1135 1986 1166 2017 in
1179 1982 1302 2018 occ-lufo
1323 1982 1457 2018 cubicu-

80 2029 115 2064 lo
133 2027 251 2063 tabella
267 2057 276 2072 ,
298 2027 337 2062 fic
361 2025 547 2062 membrana
563 2031 597 2063 in
615 2029 716 2063 fundo
739 2030 826 2064 oculi
848 2029 945 2064 affixa
962 2032 1064 2078 potest
1110 2033 1217 2078 ropius
1240 2031 1393 2065 accedere
1413 2031 1455 2065 ad

80 2076 291 2125 crystallinum
304 2105 313 2120 ,
325 2081 371 2110 uti
386 2077 544 2110 cernimus
560 2078 590 2110 in
604 2076 701 2112 oculo
709 2076 877 2114 artificiali.
907 2081 994 2115 Nam
1008 2092 1074 2126 quo
1087 2045 1215 2128 longius
1231 2078 1397 2128 obje&um
1409 2080 1458 2114 di-

80 2126 158 2168 stat,
176 2125 238 2160 hoc
258 2126 367 2160 charta
389 2125 517 2172 propius
543 2124 622 2159 lenti
637 2153 647 2167 ,
664 2125 714 2159 seu
729 2128 870 2161 interiori
889 2130 974 2162 vitro
991 2129 1033 2163 est
1049 2127 1231 2165 adhibenda
1243 2156 1252 2171 ,
1281 2134 1314 2164 ὃ(
1327 2139 1457 2162 contra-

83 2175 168 2208 &ior
184 2175 293 2222 imago
309 2173 412 2208 futura
428 2173 485 2208 est.
505 2171 586 2220 Ergo
603 2172 679 2208 vifio
695 2187 759 2208 non
776 2187 816 2209 eo
831 2177 929 2210 modo
947 2190 1012 2224 quo
1027 2178 1182 2220 diximus,
1199 2176 1362 2225 perficitur
1374 2204 1383 2219 ,
1394 2175 1458 2210 sola

81 2225 233 2259 nimirum
246 2223 404 2256 radiorum
417 2220 609 2256 refracffione
622 2224 655 2257 in
668 2222 768 2257 fundo
780 2224 874 2260 oculi.
895 2227 1013 2271 Neque
1036 2225 1183 2273 exempla
1203 2237 1274 2272 quae
1295 2225 1457 2259 attulimus

84 2271 159 2306 huic
189 2271 382 2318 explicandae
401 2269 472 2304 satis
497 2269 564 2305 sunt
584 2271 721 2315 idonea,
739 2283 837 2320 atque
856 2275 997 2310 omnino
1017 2274 1057 2308 ad
1086 2273 1204 2322 species
1228 2273 1457 2309 intentionales

84 2319 340 2366 confugiendum
355 2319 493 2356 videtur.

121 2367 211 2416 Resp.
226 2366 437 2452 Specieslilllas
448 2397 457 2413 ‚
471 2380 678 2419 quaecumque
691 2367 840 2419 fint,ipsa
851 2370 971 2410 vitione
981 2370 1041 2409 effe
1054 2370 1251 2457 obscurcipres
1269 2399 1280 2414 ,
1297 2376 1332 2409 ὅ(
1349 2373 1458 2408 omni-

273 2430 330 2452 Um·
399 2426 411 2452 '-
564 2442 578 2452 f
1202 2433 1218 2455 C
1228 2432 1245 2456 C
1257 2431 1274 2455 C
