1878 2724
623 145 649 180 P
668 144 698 182 Α
715 141 750 181 R
767 142 790 180 S
823 143 855 180 T
868 143 976 182 ΒΚΤ
989 144 1005 179 1
1019 142 1059 180 Α.
1466 151 1488 183 6

151 193 402 244 'Araneipulices
413 195 547 242 quiuno
563 192 642 230 saltu
655 196 689 230 in
701 195 840 243 praedam
858 205 953 230 ruunt
963 221 974 238 ,
992 193 1186 244 plerumque
1199 191 1363 243 praelongo
1384 191 1440 230 filo
1454 161 1521 230 sus-¹

115 246 300 294 penduntur
309 273 319 289 ,
334 256 402 293 quo
414 243 457 278 ab
468 244 548 280 illisu
557 242 587 278 se
598 254 741 280 tuentur.

152 295 221 340 Qi
233 295 515 340 telasiertexunt,
531 294 670 329 totidem
681 290 779 327 oculis
795 291 922 340 praediti
939 291 1091 328 videntur
1107 305 1115 327 ε
1132 290 1183 326 sed
1202 304 1313 328 tamen
1329 305 1402 327 cum
1419 292 1516 342 digiti

116 345 218 378 oculis
229 355 341 378 eorum
360 343 578 378 admoventur
590 370 600 386 ‚
619 341 730 391 fugam
744 343 797 375 vix
814 340 976 389 capessunt
990 358 1000 385 3
1021 354 1058 377 ac
1077 340 1163 377 fone
1185 343 1207 376 ii
1224 356 1290 377 non
1315 341 1465 377 involant
1483 345 1516 379 in

115 392 236 427 muscas
248 421 257 436 ‚
273 391 328 428 nifi
343 405 415 427 cum
426 391 538 427 muscae
556 393 588 426 in
601 403 716 426 eorum
727 392 808 425 retia
825 389 855 424 se
870 391 1044 425 induerunt
1057 404 1064 426 :
1079 393 1102 425 ii
1112 391 1322 426 nihilominus
1336 390 1446 425 oculos
1458 391 1516 426 ha-

115 439 197 476 bent
215 441 284 476 fere
306 442 425 476 eodem
437 442 539 476 modo
549 439 712 489 dispositos
723 451 821 487 atque
832 442 940 474 aranei
956 440 1088 488 pulices.
1101 442 1182 475 Sunt
1194 442 1327 487 quidam
1337 443 1445 474 aranei
1460 442 1517 488 qui

115 503 181 525 ova
192 492 226 526 in
236 489 459 526 membranula
472 491 613 539 quadam
626 489 772 525 involuta
783 487 890 524 secum
900 489 1042 525 vehunt:
1061 489 1137 525 cum
1152 501 1189 523 ea
1209 490 1330 525 divulsa
1346 489 1392 523 est
1411 516 1419 531 ‚
1434 490 1516 526 hanc

114 541 211 575 anxie
220 551 364 587 quaerunt
379 569 390 583 ‚
403 541 575 588 &corpori
587 539 642 574 suo
653 538 879 588 agglutinant,
904 550 1003 586 atque
1022 540 1069 573 ita
1091 540 1164 573 ovis
1184 538 1243 574 suis
1268 538 1432 574 incubant·
1453 540 1518 575 Alii

115 588 247 624 velut-in
257 589 398 624 reticulis
410 590 428 625 ὲ
441 588 586 623 trabibus
598 587 788 637 suspendunt
803 600 874 622 ova·
889 587 971 622 Illud
987 588 1088 635 ipsum
1100 588 1120 623 Ξι
1137 591 1179 624 D.
1202 588 1354 622 Sedileau
1375 587 1437 622 fuit
1455 588 1518 623 ob-

114 636 273 673 servatum
285 640 317 673 in
327 637 442 682 asellis,
454 652 484 675 v.
501 639 761 686 cloportes.Nam
775 638 917 672 foeminae
929 637 1171 672 membranulas
1183 636 1237 671 sub
1251 636 1428 672 abdomine
1439 665 1449 681 ,
1461 650 1517 674 aut

115 698 231 722 ventre
241 699 360 736 gerunt
373 717 383 732 ‚
402 700 475 735 qua.-
487 687 597 722 multis
611 689 682 723 ovis
696 686 806 722 mense
822 688 947 721 Martio
958 715 968 730 ‚
989 699 1045 722 aut
1062 686 1166 736 Aprili
1182 686 1283 735 plenae
1295 685 1364 722 sunt
1378 700 1386 721 :
1401 697 1519 722 exeun-

117 747 150 771 te
160 738 253 772 Maio
272 736 329 774 vel
346 739 583 786 ineunteJunio
599 736 808 772 excluduntur
822 735 923 770 foetus
936 747 1002 770 tam
1017 737 1131 779 multi,
1152 748 1187 770 ut
1203 735 1378 783 aliquando
1396 749 1434 779 72
1456 736 1517 772 huc

114 785 191 820 illuc
204 797 358 835 vagantes
370 788 706 823 numeraverit.Mitto
714 797 847 821 araneos
859 785 1046 832 plerumque
1060 787 1078 822 ὲ
1087 785 1144 821 filo
1153 784 1325 833 multiplici
1337 785 1516 832 pendentes

114 847 156 870 ex
167 833 283 870 arbore
294 834 404 870 delabi
417 852 426 879 3
439 833 494 870 ubi
507 834 600 870 alteri
610 833 718 869 arbori
732 863 742 878 ‚
761 846 816 869 aut
833 833 936 869 obvio
951 836 1069 881 cuique
1091 836 1218 882 corpori
1243 832 1372 869 adhaesit
1398 833 1490 870 filum
1503 863 1517 880 ,

113 884 178 925 hoc
196 895 350 931 tanquam
363 895 465 933 ponte
478 884 641 920 interdum
650 896 785 919 araneus
805 895 925 930 aquam
944 885 1064 932 trajicit
1077 912 1088 929 ,
1100 896 1155 918 aut
1169 886 1208 918 in
1217 882 1315 919 aliam
1329 882 1517 920 conscendit

113 931 276 967 arborem.
1273 976 1276 977 ⁷

148 983 226 1018 2.In
237 993 278 1017 eo
287 993 421 1029 quoque
435 980 529 1017 censu
548 980 661 1017 haberi
671 979 795 1031 possunt
813 992 851 1015 ea
868 979 1062 1016 animalcula
1072 993 1144 1028 quae
1154 983 1187 1016 in
1201 980 1292 1015 caseo
1305 980 1445 1029 plurima
1457 994 1515 1018 oc'.

112 1042 262 1073 currunt,
274 1029 372 1079 vulgo
382 1033 473 1065 mites
485 1031 582 1066 dieta.
593 1033 671 1066 Haec
682 1043 756 1066 cum
771 1033 814 1064 ita
826 1028 884 1064 fint
897 1031 1024 1064 minuta
1035 1041 1069 1064 ut
1083 1030 1250 1065 oculorum
1261 1032 1364 1065 aciem
1378 1031 1515 1079 fugiant,

114 1091 226 1115 tamen
243 1078 445 1126 microscopii
459 1077 521 1127 ope
538 1091 605 1114 tam
621 1091 739 1127 magna
748 1090 905 1126 apparent
917 1107 927 1122 ,
947 1090 982 1113 ut
993 1091 1105 1126 ⁴partes
1127 1091 1209 1127 pene
1227 1085 1342 1114 omn‹s
1362 1081 1515 1116 distinete

112 1129 350 1176 conspiciantur
364 1130 452 1164 :imo
463 1134 495 1164 δε
507 1140 621 1163 eorum
633 1140 697 1163 ova
716 1126 771 1162 sub
782 1125 950 1174 aspestum
966 1131 1122 1171 veniunt,
1142 1141 1181 1163 ex
1199 1127 1316 1175 quibus
1334 1130 1434 1164 foetus
1456 1131 1514 1166 suis

112 1177 260 1225 partibus
278 1177 425 1212 instrusti
441 1176 667 1214 excluduntur.
679 1180 727 1214 -Et
742 1188 852 1212 tamen
872 1179 923 1211 vix
938 1188 1037 1212 ovum
1053 1177 1101 1212 -est
1116 1177 1429 1227 quadringentesima
1444 1192 1515 1229 pars

113 1227 204 1276 hujus
222 1226 345 1274 reptilis
356 1255 365 1270 ‚
380 1227 469 1273 quod
485 1239 557 1260 cum
573 1228 626 1262 vix
643 1225 847 1261 centesimam
867 1237 997 1275 partem
1009 1227 1102 1275 digiti
1133 1225 1184 1260 sua
1211 1227 1436 1275 profunditate
1459 1241 1516 1263 cx-

113 1287 233 1323 aequet,
242 1276 334 1324 digiti
352 1275 454 1310 cubici
467 1277 645 1311 cavitatem
655 1275 771 1311 millies
781 1274 871 1310 mille
882 1275 970 1323 hujus
983 1278 1109 1323 generis
1120 1276 1314 1311 animalcula
1331 1279 1382 1312 vix
1395 1278 1514 1326 imple-

113 1323 197 1360 bunt
208 1353 217 1368 ‚
231 1336 266 1359 ut
276 1324 401 1373 colligit
413 1327 457 1361 D.
474 1326 603 1361 Hooice.
632 1327 671 1360 Et
686 1336 797 1360 tamen
808 1325 1019 1372 microscopio
1035 1324 1088 1360 vel
1106 1325 1206 1359 exiles
1225 1325 1377 1370 mactiae,
1396 1332 1429 1364 ὃ(
1443 1340 1516 1362 ctu-

114 1386 186 1408 rum
199 1373 323 1408 articuli
336 1402 343 1418 ‚
364 1386 400 1408 ac
418 1373 477 1421 pili
495 1372 551 1422 ipfi
560 1373 805 1422 conspiciuntur.
827 1374 928 1409 Crura
939 1374 1018 1408 οὲὶο
1034 1387 1100 1409 non
1113 1373 1272 1410 diffimilia
1283 1375 1403 1410 Cancri
1416 1379 1515 1411 cruri-

114 1421 374 1467 bus-,fctustacea
389 1421 459 1458 sunt
474 1451 484 1465 ,
499 1422 630 1458 lori-cata
645 1452 655 1466 ,
670 1429 702 1460 &
724 1421 883 1471 perspicua
896 1423 982 1472 pelle
995 1423 1104 1458 vestita
1121 1441 1132 1468 ·,
1150 1436 1189 1458 ex
1200 1426 1296 1460 tremi
1314 1437 1440 1461 crurum
1454 1439 1514 1462 un-

138 1472 235 1507 uiculi
248 1472 425 1507 admodum
437 1470 566 1507 subtiles
578 1478 610 1510 &
620 1474 858 1520 acuti3quatuor
876 1485 917 1508 ex
932 1472 1073 1507 cruribus
1088 1475 1133 1508 ita
1148 1472 1218 1509 sunt
1230 1485 1391 1522 aptata‚ut
1403 1487 1513 1511 antror

112 1484 181 1556 {im
195 1532 309 1570 corpus
328 1532 545 1570 promoveant
560 1539 569 1565 3
593 1534 732 1569 quatuor
754 1521 878 1569 reliqua
908 1521 1077 1557 retrorsum
1101 1523 1254 1558 videntur
1279 1523 1310 1557 id
1332 1523 1515 1562 inflectere.

149 1570 279 1618 Corpus
291 1581 325 1604 ut
343 1572 375 1604 in
388 1568 560 1619 majoribus
578 1568 842 1607 animantibusin
855 1582 917 1605 tres
932 1583 1038 1619 partes
1058 1570 1208 1606 tribuitur
1220 1600 1229 1613 ,
1248 1574 1280 1607 in
1297 1585 1393 1621 caput
1406 1602 1415 1616 ,
1441 1574 1514 1609 tho-

113 1630 222 1654 racem
232 1648 241 1662 ‚
254 1624 288 1656 &
301 1630 460 1654 ventrem.
475 1619 538 1654 Sed
549 1619 743 1655 venter-aliis
753 1620 895 1668 partibus
908 1620 1004 1669 longe
1021 1619 1065 1654 est
1080 1623 1194 1670 maj0r3
1208 1621 1321 1656 thorax
1334 1623 1513 1658 admodum

113 1669 262 1718 angustus
275 1685 284 1712 3
295 1680 391 1716 caput
401 1667 592 1717 oblongum·
605 1668 728 1703 Colore
742 1698 751 1713 ‚
764 1675 795 1706 &
808 1669 908 1718 figura
920 1668 1060 1704 multum
1070 1671 1150 1705 inter
1163 1669 1192 1704 se
1202 1669 1354 1706 differunt
1368 1672 1432 1707 haec
1441 1676 1513 1707 ani-

113 1717 263 1753 malcula:
276 1718 482 1766 idquevpenes
492 1728 642 1752 naturam
650 1730 731 1752 mat:
739 1720 840 1753 riaeex
854 1731 916 1766 qua
926 1719 1052 1754 aluntur
1060 1748 1069 1762 ‚
1081 1730 1134 1753 aut
1143 1722 1329 1768 gignuntur.
1342 1721 1412 1756 Alia
1425 1724 1512 1757 enim

113 1765 261 1814 oblonga
273 1795 282 1810 ‚
301 1766 362 1800 alia
381 1779 464 1814 pene
475 1766 626 1801 rotunda.
647 1767 716 1802 Alia
735 1767 808 1816 pilis
818 1767 935 1803 hirsuta
945 1797 954 1812 ‚
967 1769 1029 1802 alia
1041 1768 1197 1812 candida,
1206 1769 1351 1816 quaedam
1361 1769 1513 1819 subnigra

113 1816 274 1851 videntur.
287 1816 396 1862 Atque
409 1817 492 1852 iniis
506 1813 709 1865 potiffimum
722 1816 843 1852 scatent
855 1816 1046 1866 corporibus
1058 1830 1125 1866 quae
1142 1817 1254 1853 mollia
1268 1817 1358 1863 sunt,
1371 1819 1512 1864 mucosa,
1531 1849 1534 1854 .
1568 1846 1573 1851 .

114 1865 278 1914 putredini
297 1867 451 1912 proxima.
655 1899 662 1906 ,

149 1914 185 1948 Id
200 1912 281 1949 'vero
295 1926 361 1948 non
372 1925 496 1950 temere
506 1914 672 1964 suspicatur
683 1919 728 1953 D.
742 1915 860 1952 Home
872 1943 882 1958 ,
905 1914 1049 1964 ejusdem
1068 1929 1152 1966 pene
1172 1928 1290 1952 naturae
1307 1915 1367 1952 esse
1387 1918 1514 1966 reptilia

114 1975 188 2010 quae
204 1962 264 1996 huc
275 1961 350 1997 illuc
359 1967 498 1999 errantia
507 1968 540 2000 in
557 1967 655 2000 mutis
673 1965 1083 2015 identidem-deprehendit
1098 1984 1106 2009 3
1126 1968 1203 2002 octo
1218 1969 1304 2002 enim
1326 1964 1397 2002 sunt
1419 1968 1514 2016 pedi-

115 2010 175 2046 bus
192 2011 343 2045 instructa
358 2039 367 2053 ‚
381 2024 497 2047 ventre
515 2013 639 2061 amplo,
649 2016 782 2060 pe&ore
792 2015 940 2061 angusto,
958 2017 1065 2063 capite
1083 2015 1248 2063 oblongo:
1266 2015 1365 2049 crusta
1378 2029 1513 2063 quoque

114 2072 171 2094 aut
179 2060 314 2094 testacea
326 2059 416 2094 velut
431 2061 530 2096 lorica
541 2064 746 2097 muniuntur:
761 2062 923 2109 unguiculi
935 2064 1055 2111 pedum
1065 2064 1149 2097 adeo
1164 2063 1233 2098 sunt
1260 2065 1345 2098 acuti
1359 2069 1391 2101 &
1407 2063 1513 2108 firmi,
1533 2094 1534 2097 ,

115 2108 241 2143 utnihil
253 2110 369 2156 magis:
382 2108 441 2143 hos
451 2112 538 2145 enim
553 2122 719 2145 murorum
737 2114 822 2158 poris
835 2109 985 2160 infigunt.
998 2113 1106 2162 Caput
1119 2112 1165 2147 est
1176 2111 1407 2162 oblongum,ex
1422 2125 1512 2149 utro-

115 2170 162 2205 qu
192 2162 257 2204 ejus
275 2156 376 2191 latere
392 2158 458 2193 duo
471 2159 554 2194 oculi
567 2158 708 2208 subnigri
732 2161 934 2201 prominent..

164 2170 243 2241 illud
258 2208 369 2253 itaque
380 2220 446 2242 non
457 2207 613 2243 abhorret
623 2208 643 2243 a
652 2207 827 2249 verisimili,
840 2208 1199 2256 ejusmodianimalcula
1215 2223 1286 2258 quae
1298 2208 1358 2245 huc
1369 2208 1446 2245 illuc
1455 2224 1513 2246 va-

114 2267 232 2305 gantur
244 2283 253 2297 ,
265 2257 296 2289 in
314 2254 405 2289 caseo
420 2285 429 2299 ,
451 2256 555 2292 farina
567 2287 577 2302 ‚
591 2256 762 2292 seminibus
777 2285 785 2299 ,
799 2257 894 2292 doliis
904 2288 913 2302 ,
927 2264 960 2296 &
974 2262 1005 2294 in
1019 2260 1233 2306 quorumdam
1246 2259 1429 2294 animalium
1443 2260 1513 2309 pel-

113 2304 198 2340 libus
214 2318 277 2338 ova
289 2302 340 2338 sua
350 2305 514 2351 deponere
529 2336 537 2345 ,
553 2319 589 2341 ac
601 2309 778 2342 mutatione
790 2306 864 2351 soli,
875 2319 928 2342 aut
941 2310 1081 2356 regionis
1095 2308 1190 2344 foetus
1203 2307 1465 2343 exclusoscolore
1477 2315 1512 2347 ὃς

114 2354 185 2388 ahis
197 2351 361 2389 nonnullis
375 2352 603 2390 affectionibus
613 2354 751 2404 dispares
762 2355 946 2404 parentibus
963 2357 1102 2394 excludi.
1114 2360 1233 2403 Neque
1248 2358 1278 2391 id
1291 2359 1407 2392 mirum
1419 2358 1512 2393 vide-

111 2405 140 2438 ri
151 2402 251 2439 debet
262 2416 274 2439 :.
287 2401 388 2438 solum
400 2406 489 2439 enim
503 2404 582 2441 illud
595 2418 662 2443 non
679 2406 909 2444 tantummodo
923 2405 1019 2445 fovet
1027 2420 1104 2456 ova,
1114 2418 1171 2443 aut
1183 2405 1401 2451 .exclud1't,·.sed
1411 2409 1512 2444 etiam

1160 2457 1186 2492 s
1204 2454 1270 2492 sss
1287 2459 1310 2505 1¹3
