1878 2724
462 114 820 153 TRACTATUS
853 115 1169 155 SECUNDUS.
1295 119 1302 124 ’
1458 130 1469 152 x

129 178 206 204 nam
229 167 319 202 Deus
347 163 500 213 aequabili
529 171 563 204 δε
579 164 712 215 fimplici
731 165 831 201 modo
859 178 1020 214 operatur.
1474 132 1509 162 η
1543 161 1551 169 “

163 217 252 264 Resp.
268 215 299 249 id
315 214 563 263 reprehensione
577 229 644 251 non
662 227 793 259 carere,
820 215 908 263 quod
931 227 1033 251 certas
1057 226 1204 250 motuum
1231 214 1318 264 leges
1342 225 1382 249 ex
1398 213 1510 250 divina

125 263 390 301 immutabilitate
402 264 539 300 deducat
557 279 565 301 :
586 277 659 300 cum
676 263 697 299 ὲ
708 263 874 298 liberrima
883 267 949 300 Dei
959 265 1142 308 voluntate,
1155 276 1191 298 ut
1202 262 1508 312 fiateturfflrofluant,

118 313 230 361 =Qod
254 311 332 349 vero
345 313 436 348 addit
450 326 566 363 praeter
581 326 634 348 eas
654 316 850 349 mutationes
867 341 878 356 ‚
899 325 978 361 quas
997 317 1031 349 in
1044 313 1107 350 hoc
1127 313 1249 348 mundo
1266 313 1479 361 conspicimus
1498 341 1509 356 ,

123 374 180 398 aut
191 363 393 398 revelatione
402 362 512 399 divina
529 364 713 412 accepimus
725 391 734 405 ,
752 374 891 410 quaeque
905 365 985 397 citra
1000 363 1164 399 Creatoris
1185 364 1400 398 mutationem
1414 362 1508 398 faelae

123 411 196 447 sunt
213 441 223 456 ,
246 412 366 448 nullam
382 411 479 448 aliam
496 413 529 447 in
544 415 610 458 ejus
621 410 773 460 operibus
784 412 914 446 admitti
923 423 1093 460 oportere,
1113 423 1154 446 ne
1166 414 1241 447 Deo
1260 411 1527 456 inconstantiam¹¹

124 459 268 499 tribuere
284 462 451 496 videamur
469 490 479 504 ,
503 461 535 495 id
557 459 629 496 sane
642 462 700 495 vix
722 460 892 494 ferendum
917 473 999 508 puto
1016 475 1024 496 :
1042 459 1130 508 quasi
1145 459 1293 496 voluntas
1311 461 1422 495 divina
1441 473 1508 496 non

124 506 162 545 fit
169 512 273 558 prima
283 512 429 545 omnium
444 509 532 545 causa
548 525 556 549 ς
579 519 636 543 aut
653 506 674 542 si
689 508 766 556 quid
783 520 898 556 praeter
908 507 1057 544 ufitatum
1076 521 1195 544 naturae
1218 509 1368 544 ordinem
1389 509 1505 543 molia-

123 569 175 593 tut
188 588 198 602 ,
217 557 267 594 sua
277 558 333 593 sibi
352 561 434 593 ratio
444 571 511 594 non
519 557 640 591 constet
655 585 665 600 ,
689 569 745 592 aut
760 557 976 592 inconstantiae
994 560 1083 606 argui
1095 557 1199 606 poffit.
1218 560 1332 601 Quare
1349 557 1413 592 liaec
1425 561 1508 592 ratio

120 606 439 649 abimmutabilirate
450 608 515 642 Dei
533 604 699 654 desumpta
720 609 922 655 praetermitti
941 606 1100 655 potuilset.
1123 607 1185 641 Sed
1204 606 1291 641 forte
1308 605 1370 640 alia
1389 608 1421 640 ei
1440 619 1507 641 non

120 657 232 704 prae'sto
255 667 342 700 erat,
370 668 434 703 qua
455 655 487 690 id
505 654 711 704 persuaderet
726 685 736 700 ,
754 656 844 703 quod
863 657 1011 704 principii
1038 656 1112 691 loco
1125 655 1238 699 sumit,
1266 655 1404 689 eandem
1422 653 1506 690 sem,

119 716 331 753 perrmanere
353 716 463 741 motus
491 705 721 752 quantitatem.
752 703 878 741 Verum
912 704 999 754 leges
1033 705 1112 754 ipsas
1136 717 1215 753 quas
1235 703 1329 740 affert
1349 732 1360 747 ,
1396 705 1507 744 videa-

119 765 202 791 mus,

155 804 262 839 Prima
273 803 319 838 est
333 833 341 847 ‚
371 807 456 852 cujus
476 801 654 838 identidem
676 805 902 848 meminimus,
928 804 1065 839 eandem
1083 815 1151 838 rem
1167 804 1198 838 in
1224 815 1264 838 eo
1290 802 1372 841 statu
1388 804 1420 837 iu
1437 812 1504 848 quo

119 851 183 896 est,
203 864 359 900 quantum
376 851 503 901 potest,
523 854 660 887 omnino
682 864 897 900 pci‘nianere3
917 865 1025 900 neque
1039 854 1126 888 enim
1147 852 1234 888 suum
1254 862 1360 886 mutat
1377 851 1504 892 statum,

118 899 174 936 nifi
190 902 322 938 aliarum
336 914 440 936 rerum
458 899 596 936 occursu.
618 902 669 935 Sic
684 913 756 948 quae
767 914 815 936 res
826 903 983 949 quadrata
997 903 1040 936 est
1050 930 1058 944 ‚
1075 913 1148 936 eam
1158 900 1291 950 figuram
1304 902 1437 941 retinet,
1453 905 1504 934 ni-

116 949 138 986 fi
153 950 280 986 aliunde
294 953 431 986 mutatio
448 951 582 987 accidat.
591 950 711 986 Eadem
721 953 849 986 ratione
862 964 936 986 cum
951 962 1000 985 res
1010 950 1165 998 quiescit,
1183 963 1220 984 ex
1240 949 1338 998 seipsa
1351 960 1417 985 non
1432 963 1506 984 mo-

116 999 247 1036 vebitur
261 1030 272 1044 ‚
292 999 345 1036 sed
367 1000 496 1034 aliunde
513 1011 619 1033 motus
641 1000 769 1035 initium
787 1002 915 1049 capiet:
934 1012 1007 1048 quae
1023 1000 1137 1034 ¹‘tidem
1162 1011 1316 1035 movetur
1328 1026 1338 1041 ‚
1358 1012 1423 1033 non
1439 999 1504 1032 ces-

115 1049 185 1094 sati,
203 1049 257 1085 nisi
274 1049 350 1097 quid
369 1049 453 1084 aliud
471 1060 599 1084 motum
609 1060 662 1083 aut
673 1046 770 1093 sistat,
782 1061 838 1085 aut
850 1061 1049 1092 remoretur,
1067 1049 1166 1097 idque
1182 1051 1215 1084 in
1233 1049 1386 1097 projectis
1397 1050 1502 1083 mani.

116 1099 235 1135 festum
259 1101 310 1135 est.

148 1150 246 1184 Hanc
255 1151 368 1196 utique
380 1158 499 1183 natura:
514 1145 620 1194 legem
642 1158 708 1180 non
721 1149 881 1196 rejicimus
894 1176 902 1189 ‚
921 1157 1021 1194 eaque
1039 1146 1199 1194 superiore
1210 1145 1390 1193 quaestione
1404 1144 1501 1180 fusius

114 1197 252 1246 probata
270 1198 326 1233 est.
364 1197 527 1243 Qiamvis
544 1194 691 1243 plerique
715 1197 920 1232 contendant
938 1195 1050 1230 motus
1074 1197 1354 1229 continuationem
1383 1196 1500 1242 princi.

114 1248 160 1294 pii
171 1247 245 1281 loco
258 1241 367 1281 assumi
377 1258 442 1280 uon
458 1242 631 1293 oportuisse
643 1272 652 1287 ‚
671 1241 746 1278 cum
759 1243 956 1293 probatione
970 1246 1141 1293 indigeret.
1165 1243 1228 1278 Sed
1247 1244 1287 1278 de
1298 1242 1345 1277 his
1358 1241 1430 1278 satis
1444 1247 1500 1278 ὠ-

113 1295 202 1345 piose
221 1296 368 1332 diximus.

149 1345 294 1380 Secunda
331 1342 456 1388 naturae]
470 1340 521 1376 lex
539 1343 571 1375 in
596 1354 637 1376 eo
653 1339 752 1390 posita
773 1342 838 1386 est,
864 1353 900 1377 ut
919 1353 990 1390 pars
1016 1353 1152 1390 quaeque
1170 1340 1314 1375 materiae
1334 1351 1403 1386 qua:
1426 1353 1499 1375 mo-

112 1405 207 1429 vetur
220 1422 230 1437 ,
254 1395 376 1428 redtam
398 1393 514 1426 lineam
534 1390 666 1426 affeQet
684 1419 694 1433 ‚
720 1390 796 1425 licet
808 1391 947 1426 aliorum
970 1403 1144 1440 corporum
1160 1389 1287 1424 occursu
1313 1387 1394 1436 saepe
1411 1388 1430 1424 ἐι
1448 1401 1501 1424 re-

114 1445 168 1478 sto
179 1444 293 1477 itinere
306 1441 481 1476 deflectere
494 1467 503 1481 ‚
524 1444 557 1476 &
577 1442 610 1475 in
623 1438 739 1474 orbem
749 1442 800 1489 agi
811 1439 1025 1488 compellatur
1039 1455 1047 1476 ε
1067 1444 1153 1487 cujus
1167 1438 1302 1486 quidem
1314 1437 1392 1486 legis
1412 1441 1497 1473 ratio

113 1505 179 1527 uon
192 1490 233 1525 ab
245 1490 510 1526 immutabilitate
527 1492 589 1524 Dei
605 1489 652 1523 est
668 1489 844 1537 repetenda
859 1517 868 1532 ,
889 1501 925 1524 ut
935 1490 1061 1525 videtur
1075 1487 1241 1531 Cartesio,
1263 1486 1317 1522 sed
1334 1487 1424 1533 quod
1442 1500 1499 1522 na.

113 1552 181 1576 tura
196 1539 417 1589 simplicissima
431 1541 482 1572 via
498 1566 508 1579 ,
528 1540 712 1573 &maxime
729 1537 959 1585 compendiosa
984 1538 1216 1587 progrediatur.
1239 1537 1317 1571 Hoc
1333 1536 1447 1582 utique
1461 1539 1495 1572 in

110 1589 207 1627 rebus
228 1602 297 1636 quae
314 1589 478 1636 gravitatis
507 1598 573 1620 non
595 1585 665 1621 sunt
682 1597 831 1632 expertes
845 1614 855 1629 ,
870 1598 906 1620 ut
923 1598 1047 1622 certum
1066 1586 1282 1633 supponimus.

146 1640 280 1681 Tertia,
292 1648 410 1672 natura:
429 1635 480 1670 lex
499 1634 538 1668 ad
551 1636 1039 1670 motuum.communicationem
1059 1635 1217 1682 pertinet,
1235 1643 1338 1680 eaque
1348 1634 1380 1666 in
1392 1631 1498 1680 plures

110 1688 283 1724 diducitur.
306 1688 351 1721 Ac
367 1683 471 1733 primo
492 1681 511 1716 fi
534 1695 648 1730 corpus
665 1695 792 1721 motum
811 1685 843 1718 in
856 1682 942 1717 aliud
956 1685 1094 1718 incurrat
1106 1711 1115 1725 ,
1128 1686 1215 1730 qu'us
1230 1686 1332 1729 major
1346 1679 1382 1715 fit
1393 1683 1497 1729 quies,

109 1735 162 1770 seu
173 1736 342 1770 resistentia
359 1762 369 1776 ,
390 1732 490 1779 quam
510 1730 546 1766 fit
567 1732 695 1766 alterius
715 1744 842 1768 motus:
859 1733 1087 1767 determinatio
1109 1731 1243 1777 quidem
1257 1731 1339 1764 moti
1356 1733 1498 1779 corporis

108 1783 307 1826 mutabitur,
329 1782 379 1818 sed
397 1782 482 1817 idem
498 1792 606 1815 tamen
617 1792 724 1815 motus
743 1776 949 1829 permanebit
973 1795 980 1816 :
1001 1793 1036 1817 ut
1053 1793 1124 1816 cum
1141 1791 1181 1814 ex
1198 1779 1269 1813 duri
1283 1783 1318 1816 ἃ
1330 1777 1413 1815 firmi
1426 1792 1497 1816 cor-

105 1835 200 1882 poris.
212 1832 341 1868 occursu
354 1844 467 1880 corpus
486 1827 665 1867 reflectitur
679 1844 686 1866 :
703 1841 814 1866 manet
830 1831 954 1880 quippe
967 1831 1053 1865 idem
1071 1840 1178 1867 motus
1190 1857 1201 1872 ‚
1225 1826 1278 1867 sed
1294 1826 1356 1862 alia
1372 1828 1415 1863 est
1429 1834 1494 1876 ejus

106 1883 350 1921 determinatio.

106 1963 110 1966 Δ
144 1929 276 1977 Quodsi
287 1943 403 1978 corpus
415 1930 571 1979 agitatum
585 1932 618 1965 in
631 1928 714 1964 aliud
729 1926 830 1963 molle
840 1930 990 1971 incurrat,
1001 1927 1107 1962 statim
1121 1929 1155 1963 in
1169 1926 1246 1963 illud
1260 1938 1392 1963 omnem
1406 1925 1495 1962 suum

111 1974 235 2014 motum
249 1980 470 2023 transferet,ac
488 1990 621 2026 repente
638 1976 762 2013 sistetur.
787 1976 850 2012 Sed
866 1976 924 2011 ubi
942 1977 1054 2012 durum
1068 1978 1110 2012 est
1120 1988 1234 2025 corpus
1252 2005 1262 2019 ‚
1281 1988 1341 2012 nec
1351 1975 1404 2011 suo
1419 1975 1493 2010 loco

110 2028 270 2063 dimoveri
281 2029 382 2076 potest
395 2057 405 2072 ‚
425 2039 550 2064 motum
567 2038 736 2076 propterea
748 2039 816 2062 non
828 2025 976 2069 destruit,
993 2026 1046 2063 sed
1059 2026 1158 2061 solam
1171 2025 1283 2060 motus
1298 2025 1494 2060 determina-

117 2088 258 2113 nonen]-

145 2128 231 2162 Cum
248 2136 358 2160 autem
370 2135 475 2172 partes
485 2125 574 2173 liujus
586 2125 721 2161 universi
737 2125 776 2161 sic
794 2125 813 2162 a
831 2128 908 2161 Deo
920 2125 1041 2162 fuerint
1058 2125 1140 2161 inter
1151 2125 1180 2161 se
1195 2127 1354 2162 devinciae
1364 2153 1374 2167 ,
1387 2134 1422 2158 ut
1433 2122 1491 2157 fibi

98 2187 224 2212 ⁴‹ivnutuo
235 2175 473 2209 communicare
487 2173 556 2208 suos
578 2186 683 2209 morus
694 2175 810 2223 poffint
822 2204 831 2219 ,
845 2187 947 2209 certas
964 2175 1039 2211 huic
1049 2176 1336 2211 communicationi
1350 2201 1359 2216 ,
1379 2184 1416 2206 ex
1428 2183 1491 2218 qua

109 2237 223 2260 ornnes
241 2236 348 2257 rerum
365 2224 562 2258 mutationes
578 2223 720 2270 pendent
733 2253 742 2265 ‚
769 2223 907 2273 praefixit
924 2224 1009 2272 leges
1024 2251 1033 2265 ‚
1063 2236 1131 2270 quae
1150 2224 1262 2258 violari
1283 2221 1373 2257 nullo
1390 2220 1490 2255 modo

98 2272 242 2322 possunt.
259 2274 317 2308 Vis
332 2284 440 2306 autem
452 2274 556 2307 omnis
570 2271 785 2320 corporisfive
797 2284 888 2321 agat,
912 2272 975 2307 five
989 2271 1122 2315 resistat,
1145 2275 1175 2307 in
1194 2283 1234 2305 eo
1255 2269 1352 2317 posita
1368 2269 1430 2312 est,
1453 2279 1488 2303 ut

110 2334 266 2370 quantum
284 2321 407 2370 potest,
419 2322 450 2354 in
462 2333 501 2355 eo
514 2321 592 2355 statu
608 2322 639 2355 in
651 2333 718 2367 quo
729 2322 835 2355 existit
846 2350 855 2363 ‚
875 2322 1056 2369 perseveret
1071 2349 1080 2362 .,
1099 2320 1161 2355 sive
1172 2319 1327 2366 quiescat,
1340 2317 1404 2353 sive
1422 2331 1489 2359 mo-

98 2382 242 2407 -veaturz
258 2383 294 2406 ac
306 2369 414 2415 vieilla
424 2372 582 2419 praecipue
595 2382 633 2405 ex
651 2369 757 2414 mole,
775 2380 831 2405 aut
850 2367 945 2405 maffa
961 2371 1125 2416 corporis,
1145 2374 1177 2406 δε
1195 2368 1361 2406 celeritate
1378 2367 1490 2412 moesis
