1878 2724
434 126 781 167 TRACTATUS
837 127 1114 164 TERTIUS.
1397 146 1416 169 2

71 190 125 221 mg
133 180 300 233 aperiunt5
315 188 350 215 ut
368 178 480 215 vinum
493 178 603 213 album
619 206 630 221 ‚
648 178 735 212 radix
752 175 955 226 petroselini,
976 175 1074 225 vulgo
1099 176 1141 211 du
1159 175 1255 226 perfil
1272 207 1283 223 ‚
1300 183 1361 216 ἃς,
1389 148 1454 216 1-141}

71 231 276 269 adversantur
292 229 675 278 adstringentia,quorum
687 229 756 261 vim
769 239 834 260 non
854 237 918 260 tam
933 227 965 261 in
979 225 1213 274 frigore‚quam
1225 229 1257 261 in
1272 240 1358 262 certa
1372 230 1452 264 cras.

73 279 142 318 firi-e
160 309 171 324 ,
197 291 253 314 aut
267 277 367 326 figura
378 307 388 322 ‚
404 289 461 312 aut
477 288 602 312 textura
620 277 757 323 partium
771 273 906 323 politam
923 275 1072 310 existimo
1089 289 1097 310 :
1114 275 1196 308 adeo
1213 287 1247 310 ut
1260 277 1360 312 nostri
1379 291 1452 313 cor-

72 332 160 378 poris
173 327 349 377 partesvel
362 326 460 364 instar
473 337 649 361 cuneorum
671 324 892 371 constringant
905 352 914 367 ‚
933 323 987 360 vel
1002 335 1037 358 ut
1056 322 1191 358 funiculi
1204 336 1453 373 contorqueant.

71 371 156 426 Qiae
166 377 289 412 austera
308 375 377 412 sunt
389 405 399 420 ‚
414 381 448 412 &
460 375 555 409 cruda
570 403 580 418 ‚
600 384 635 408 ut
645 373 783 421 cydonia
796 399 806 414 ,
821 373 875 406 des
893 375 993 416 coins,
1008 372 1150 421 mespyla
1160 401 1169 416 ‚
1182 373 1237 407 des
1250 373 1355 417 neffles
1369 403 1378 415 ,
1397 389 1454 411 ve-

70 427 242 463 hementer
258 426 456 474 adstringunt
474 441 483 468 3
501 423 652 459 efferatos
671 422 822 457 humores
837 423 987 457 co'e‘rcent
1008 420 1066 457 :fic
1077 433 1187 456 crocus
1202 425 1310 457 martis
1322 421 1376 458 seu
1389 424 1454 459 fer⁴

68 477 184 511 rumin
197 473 375 510 subflavum
393 474 562 522 pulverem
571 473 805 507 comminutum
822 470 1013 505 reverberio
1031 481 1158 519 paratus
1175 499 1184 513 ,
1206 471 1291 518 galla
1305 500 1314 514 ,
1339 477 1373 509 δε
1390 473 1454 508 alia

67 523 246 572 hujusmodi
264 522 495 570 constringunt.
504 524 562 558 Vis
571 520 768 568 adstringens
783 524 815 555 ὃ(
828 518 952 567 stiptica
963 521 996 553 in
1008 519 1188 563 vitriolo‚&
1197 521 1335 569 aerugine
1348 524 1453 557 maxi..

66 585 122 610 me
135 571 588 620 conspicitur:unde¹aciditate
600 567 649 603 sua
660 596 671 611 ,
685 579 741 602 aut
754 571 861 616 potius
875 567 1063 615 stipcititate
1076 571 1214 603 nimium
1225 567 1383 617 sanguinis
1395 582 1450 605 aut

68 621 243 658 humorum
262 619 398 655 fluorem
420 629 529 654 arcent
545 632 553 654 :
581 629 643 652 una
658 628 729 665 pars
749 618 896 664 aeruginis
909 615 1029 664 ‚vulgo
1046 617 1129 650 verd
1136 618 1174 652 de
1183 620 1272 666 gris,
1289 629 1361 653 cum
1375 619 1452 653 dua-

69 669 130 704 bus
144 668 285 712 vitrioli‚
305 668 388 702 illius
401 681 432 703 v.
445 679 494 716 gr.
517 666 669 701 drachma
686 677 761 700 cum
777 664 900 700 duabus
917 665 1040 699 virrioli
1056 665 1159 701 multa
1176 678 1258 713 aqua
1269 695 1278 710 ‚
1296 679 1374 715 puta
1394 680 1429 703 10
1441 695 1452 711 ‚

67 729 124 753 aut
135 731 175 753 ιι.
185 729 277 764 aquae
289 715 454 751 bullientis
469 714 557 750 libris
566 714 790 758 infunduntur,
802 720 836 751 &
849 711 1154 758 diffolvuntur,hanc
1169 727 1284 761 aquam
1300 715 1453 763 ophthal-

67 767 161 809 rniae,
178 764 231 799 seu
245 764 413 800 oculorum
426 763 684 800 inflammattoni
696 763 815 798 utiliter
825 760 974 797 adhiberi
990 761 1070 810 saepe
1086 765 1210 811 experti
1226 762 1333 798 sumus
1350 767 1453 812 :quin

66 819 101 851 δι
122 813 288 850 veteribus
308 812 470 848 ulceribus
482 811 679 849 utilissimam
701 812 763 847 effe
777 814 939 851 novimus,
966 813 1113 850 Sedcum
1124 811 1225 847 oculis
1236 813 1446 858 admovetur,

66 867 170 909 major
180 875 268 910 aquae
276 864 441 910 quantitas*
454 861 634 898 adhibetur.
650 860 826 897 Nonnulla
837 860 907 895 sunt
918 872 991 907 quae
1003 863 1071 896 vim
1086 873 1193 896 acrem
1207 866 1241 898 δε
1258 862 1452 911 adstringen-

67 921 135 946 tem
150 939 161 954 ,
177 911 313 946 calidam
331 910 421 946 simul
447 916 481 948 &
497 909 607 945 ficcam
623 908 801 952 obtinent,
824 919 861 943 ut
871 908 943 944 aloe
956 939 966 953 ,
989 910 1140 958 myrrha,
1163 910 1295 955 allium,
1315 923 1452 959 quaeque

64 971 239 1008 gangraeuae
251 958 566 995 sanandaezadhiberi
581 957 705 1003 solent}
719 960 768 994 cui
786 970 921 1006 quoque
935 958 1000 994 usui
1010 959 1055 994 est
1069 958 1195 1007 spiritus
1207 961 1287 996 vini.

89 1010 149 1043 'Ac
167 1007 275 1044 nescio
289 1020 330 1043 an
346 1019 502 1056 quaetum
519 1018 636 1056 magna
653 1008 793 1043 utilitate
808 1005 956 1042 adversus
978 1009 1065 1043 canis
1089 1006 1195 1042 rabidi
1211 1008 1349 1043 morsum
1365 1007 1451 1044 usur.

65 1068 182 1104 patitur
196 1056 336 1105 praesidia
348 1085 357 1100 ‚
374 1059 410 1092 in
419 1057 503 1091 hunc
516 1056 643 1092 censum
657 1067 726 1093 non
740 1057 989 1093 veniannNam
1001 1059 1037 1091 in
1047 1055 1197 1092 omnibus
1210 1057 1359 1093 formulis
1371 1070 1453 1104 quas

63 1107 97 1139 in
109 1105 191 1141 hanc
201 1117 270 1140 rem
287 1104 453 1140 nobiscum
464 1107 717 1140 communicavit
730 1105 777 1140 D.
801 1105 858 1138 Du
879 1105 969 1147 clos,
986 1105 1085 1140 video
1099 1105 1226 1149 allium,
1245 1117 1361 1150 rutam,
1379 1106 1452 1141 bel-

65 1151 277 1193 lidemsalem
291 1165 497 1188 communem
507 1153 666 1189 adhiberi.
678 1151 880 1201 Manipulum
893 1163 928 1190 ν’.
939 1166 987 1202 gr.
1002 1152 1131 1188 bellidis
1143 1150 1286 1188 silvestris
1296 1183 1305 1198 ‚
1318 1168 1349 1190 v.
1364 1168 1451 1188 mar.

61 1205 188 1249 guerite
198 1230 207 1245 ,
220 1212 295 1237 rutae
304 1203 505 1237 tantumdem
521 1232 530 1245 ‚
552 1204 610 1237 tria
622 1201 689 1236 allii
703 1204 819 1249 capita,
841 1201 1000 1250 pugillum
1012 1201 1082 1237 salis
1098 1203 1303 1238 contundunt
1317 1205 1348 1238 in
1362 1216 1452 1238 mor-

66 1251 148 1284 tario
166 1265 174 1286 :
190 1249 241 1284 sex
255 1252 362 1285 uncias
373 1252 441 1285 vini
454 1250 650 1293 affiindunt3
665 1252 778 1285 vinum
791 1252 999 1298 exprimunt3
1018 1250 1117 1297 idque
1136 1251 1348 1287 hauriendum
1368 1263 1450 1299 prae-

65 1297 160 1336 bent.
182 1300 282 1345 Qiod
293 1298 314 1332 si
321 1303 385 1347 jam
398 1310 476 1334 unus
489 1309 545 1334 aut
556 1298 638 1333 alter
651 1297 856 1347 paroxysmus
869 1310 989 1347 aegrum
1007 1297 1159 1336 invaserit
1170 1327 1179 1341 ‚
1202 1301 1296 1334 uncia
1308 1299 1451 1347 polypo-
1468 1320 1471 1321 ν

65 1347 109 1381 dii
124 1349 269 1394 quercini
280 1348 442 1396 adjicitur:
457 1359 539 1395 aqua
553 1345 625 1382 salsa
636 1346 749 1382 vulnus
760 1345 970 1383 abluendum.
987 1346 1051 1383 Alii
1068 1346 1225 1382 bellidum
1235 1349 1450 1396 manipulum,

66 1397 268 1431 tantumdem
285 1394 393 1433 salviae
404 1426 414 1439 ‚
431 1398 574 1443 quinque
583 1407 639 1430 aut
650 1395 702 1430 sex
716 1406 793 1430 rutae
811 1395 1020 1439 summitates,
1034 1395 1099 1430 allii
1113 1394 1249 1431 bulbum
1264 1409 1336 1431 cum
1347 1396 1450 1445 pugil-

65 1442 180 1478 losalis
192 1455 363 1479 conterunt
372 1461 380 1489 ς
390 1443 543 1492 scyphum
559 1446 628 1479 vini
643 1443 709 1478 albi
723 1443 894 1479 affundunt
904 1461 913 1488 3
922 1445 954 1478 id
965 1442 1164 1492 percolatum
1175 1447 1382 1494 exprimitur:
1396 1456 1448 1480 at-

65 1504 129 1540 que
140 1493 256 1527 eodem
270 1504 353 1541 pene
366 1493 502 1527 redeunt
514 1492 576 1526 alia
595 1505 665 1539 quae
676 1492 752 1527 huic
765 1492 883 1527 morbo
901 1494 1170 1539 commendantur
1181 1495 1324 1529 remedia
1348 1511 1357 1538 3
1379 1507 1448 1541 quae

64 1553 183 1589 magna
196 1554 235 1576 ex
246 1553 337 1588 parte
348 1540 409 1576 sale
419 1541 545 1576 volatili
557 1539 734 1577 abundant:
750 1553 787 1575 ea
801 1544 921 1589 quippe
932 1541 1066 1577 fluorem
1081 1542 1448 1589 sanguinis'tuentur,aur

65 1601 187 1624 novam
199 1591 357 1625 inducunt
371 1589 661 1625 fermentationem
677 1604 688 1632 5
705 1601 776 1637 quae
788 1590 928 1625 *inustam
945 1589 966 1625 a
982 1602 1114 1626 veneno
1133 1593 1219 1625 canis
1236 1590 1338 1626 rabidi
1354 1592 1448 1626 effer-

65 1636 260 1673 vescentiam
277 1637 387 1672 elidit-2v
608 1680 613 1682 .
708 1650 711 1651 ⁷
766 1662 770 1665 -
958 1680 965 1683 ἡ
1219 1680 1221 1682 q

102 1687 176 1720 Fors
189 1684 288 1720 etiam
299 1686 345 1720 est
357 1697 394 1722 ut
408 1687 554 1734 quaedam
572 1685 632 1721 sint
649 1683 900 1733 agglutinantia,
923 1685 1028 1733 sicque
1045 1688 1163 1722 veneni
1183 1685 1325 1722 furorem
1337 1687 1448 1723 infrin-

64 1745 154 1782 gant.
180 1734 280 1770 Unde
298 1747 336 1769 ex
347 1735 416 1770 allii
430 1735 522 1770 succo
534 1733 764 1770 tenacissimum
780 1734 892 1782 gluten
903 1741 935 1772 &
948 1733 1035 1782 quasi
1045 1746 1239 1770 caementum
1250 1733 1402 1771 efficitur.

80 1783 129 1817 Ac
139 1782 223 1818 forte
233 1786 382 1818 venenati
397 1783 514 1818 morsus
530 1785 646 1830 viperae
656 1794 729 1817 cum
744 1781 928 1830 sanguinem
938 1796 974 1817 ac
984 1782 1108 1818 succum
1122 1796 1278 1818 nerveum
1289 1784 1446 1828 inficiant,

64 1842 134 1866 non
145 1831 211 1865 alio
225 1833 326 1880 magis
337 1831 479 1879 praesidio
493 1831 637 1867 sanantur
651 1859 659 1873 ‚
671 1830 768 1878 quam
785 1830 846 1865 sale
857 1831 986 1866 volatili
998 1842 1036 1865 ex
1048 1831 1110 1880 ipsa
1126 1834 1234 1879 vipera
1245 1836 1391 1868 extracti:
1412 1847 1448 1869 ut

65 1891 167 1926 nuper
177 1882 300 1929 juvenis
311 1881 441 1927 quidam
452 1892 599 1928 expertus
611 1880 721 1927 est:qui
733 1891 765 1914 ur
778 1878 798 1914 a
810 1879 1226 1928 viroClariffiaccepimus‚a
1241 1883 1352 1929 vipera
1365 1896 1447 1917 mor-

64 1926 115 1962 sus
127 1927 228 1963 tribus
241 1929 398 1964 drachmis
410 1929 479 1964 salis
489 1928 629 1963 volatilis
641 1931 756 1976 viperae
769 1927 899 1977 sumptis
916 1928 1007 1964 nullo
1016 1928 1147 1964 affectus
1164 1929 1211 1963 est
1226 1931 1447 1968 incommodo,

104 1974 224 2009 Lentos
235 1976 385 2011 humores
398 1979 600 2025 detergentia
615 1977 788 2024 expediunt
806 1991 813 2013 :
832 1990 869 2011 ac
888 1977 1079 2026 plerumque
1108 1990 1146 2012 ea
1167 1977 1235 2013 sunt
1258 1991 1366 2013 amara
1379 2008 1389 2023 ,
1411 1986 1446 2017 ὃς

69 2021 165 2057 forte
178 2024 319 2058 constant
340 2026 500 2071 particulis
521 2025 699 2060 duriusculis
713 2053 723 2068 ,
741 2025 875 2073 asperis,
887 2029 987 2061 acutis
1002 2040 1009 2062 :
1028 2026 1110 2061 adeo
1122 2027 1263 2071 utwinstar
1283 2027 1446 2076 scoparum

70 2069 176 2106 sordes
192 2084 229 2105 ex
243 2071 401 2107 ulceribus
414 2102 423 2115 ,
434 2085 488 2108 aut
501 2086 671 2121 corporum
687 2074 849 2110 meatibus
859 2087 1021 2111 everrant.
1035 2078 1115 2110 Haec
1126 2077 1173 2110 vis
1183 2077 1218 2111 in
1229 2074 1448 2121 abfinthio,ci-

70 2119 190 2154 choreo
200 2149 208 2162 ,
227 2132 263 2153 ac
277 2119 404 2155 forsitan
417 2123 448 2155 in
467 2125 584 2156 cortice
600 2125 780 2157 Peruviano
791 2126 891 2170 viget,
906 2138 935 2159 v.
951 2125 1154 2170 quinqni7m.‘

107 2169 231 2202 Contra
246 2169 430 2216 emplastica
441 2176 473 2206 ὃ(
485 2171 642 2218 glutinosa
661 2171 900 2220 detergentibus
916 2172 1058 2221 opposita
1075 2185 1180 2222 partes
1201 2172 1325 2208 habent
1336 2185 1444 2208 ramo-

72 2216 118 2251 ὣς
131 2246 139 2260 ,
155 2215 279 2251 flexiles
296 2248 299 2253 ,
316 2218 430 2252 molles
442 2247 450 2260 ‚
471 2230 597 2253 tenaces
611 2231 738 2262 tamen,
756 2233 824 2267 quae
840 2221 936 2257 facile
953 2224 1037 2257 inter
1052 2222 1083 2256 se
1097 2222 1280 2257 cohaereant
1294 2249 1303 2263 ,
1322 2226 1355 2257 &
1373 2221 1444 2258 aliis

71 2265 261 2313 corpo-ribus
273 2266 430 2302 insideant
444 2296 452 2309 ,
462 2279 574 2301 eorum
585 2279 707 2301 meatus
721 2269 889 2304 occludam
902 2299 913 2313 ,
927 2269 1086 2306 fluxiones
1100 2269 1276 2316 impediant
1290 2296 1300 2310 ,
1325 2269 1444 2317 suppu-

69 2317 234 2349 rationem
244 2327 476 2364 promoveant,
494 2315 625 2362 suntque
640 2317 869 2351 maturantibus
883 2321 1039 2365 proxima,
1054 2318 1208 2353 mediocri
1221 2327 1256 2350 ut
1272 2316 1443 2363 plurimum

68 2366 206 2399 materia
219 2393 229 2408 ‚
245 2371 278 2402 &
291 2365 395 2400 calore
406 2376 587 2414 temperato
598 2365 766 2402 donantur.
787 2367 876 2402 Hinc
889 2379 1075 2418 corruptum
1093 2365 1261 2402 humorem
1279 2367 1441 2415 mitigant,

1162 2412 1275 2460 uhi]-
