<?xml version="1.0" encoding="UTF-8"?>
<!DOCTYPE html PUBLIC "-//W3C//DTD XHTML 1.0 Transitional//EN"
    "http://www.w3.org/TR/xhtml1/DTD/xhtml1-transitional.dtd">
<html xmlns="http://www.w3.org/1999/xhtml" xml:lang="en" lang="en">
 <head>
  <title>
</title>
<meta http-equiv="Content-Type" content="text/html;charset=utf-8" />
  <meta name='ocr-system' content='tesseract 3.04.00' />
  <meta name='ocr-capabilities' content='ocr_page ocr_carea ocr_par ocr_line ocrx_word'/>
</head>
<body>
  <div class='ocr_page' id='page_1' title='image "./philosophiavetus02duhauoft_0408.png"; bbox 0 0 1878 2724; ppageno 0'>
   <div class='ocr_carea' id='block_1_1' title="bbox 404 123 1848 1522">
    <p class='ocr_par' dir='ltr' id='par_1_1' title="bbox 417 123 1490 175">
     <span class='ocr_line' id='line_1_1' title="bbox 417 123 1490 175; baseline -0.002 -9"><span class='ocrx_word' id='word_1_1' title='bbox 417 136 472 175; x_wconf 76' lang='lat'>396</span> <span class='ocrx_word' id='word_1_2' title='bbox 720 123 1162 164; x_wconf 73' lang='lat' dir='ltr'>PHYSICAEPARS</span> <span class='ocrx_word' id='word_1_3' title='bbox 1200 123 1490 164; x_wconf 65' lang='lat' dir='ltr'>SECUNDA?</span> 
     </span>
    </p>

    <p class='ocr_par' dir='ltr' id='par_1_2' title="bbox 411 173 1797 514">
     <span class='ocr_line' id='line_1_2' title="bbox 413 173 1795 224; baseline -0.001 -12"><span class='ocrx_word' id='word_1_4' title='bbox 413 179 496 212; x_wconf 81' lang='lat' dir='ltr'>alter</span> <span class='ocrx_word' id='word_1_5' title='bbox 506 176 545 213; x_wconf 80' lang='lat' dir='ltr'>ad</span> <span class='ocrx_word' id='word_1_6' title='bbox 556 175 695 211; x_wconf 80' lang='lat' dir='ltr'>anstrum</span> <span class='ocrx_word' id='word_1_7' title='bbox 713 175 881 224; x_wconf 82' lang='lat' dir='ltr'>vergebat.</span> <span class='ocrx_word' id='word_1_8' title='bbox 902 175 1019 212; x_wconf 86' lang='lat' dir='ltr'>Nullus</span> <span class='ocrx_word' id='word_1_9' title='bbox 1040 187 1108 210; x_wconf 85' lang='lat' dir='ltr'>erat</span> <span class='ocrx_word' id='word_1_10' title='bbox 1121 176 1252 211; x_wconf 85' lang='lat' dir='ltr'>circulus</span> <span class='ocrx_word' id='word_1_11' title='bbox 1271 176 1423 212; x_wconf 84' lang='lat' dir='ltr'>candidus</span> <span class='ocrx_word' id='word_1_12' title='bbox 1437 173 1558 220; x_wconf 78' lang='lat' dir='ltr'>3nubes</span> <span class='ocrx_word' id='word_1_13' title='bbox 1576 174 1609 210; x_wconf 86' lang='lat' dir='ltr'>in</span> <span class='ocrx_word' id='word_1_14' title='bbox 1621 175 1795 211; x_wconf 75' lang='lat' dir='ltr'>contrarias</span> 
     </span>
     <span class='ocr_line' id='line_1_3' title="bbox 414 222 1794 273; baseline 0.001 -15"><span class='ocrx_word' id='word_1_15' title='bbox 414 237 521 273; x_wconf 81' lang='lat' dir='ltr'>partes</span> <span class='ocrx_word' id='word_1_16' title='bbox 532 223 716 260; x_wconf 79' lang='lat' dir='ltr'>ferebantur</span> <span class='ocrx_word' id='word_1_17' title='bbox 728 253 740 268; x_wconf 87' lang='lat'>,</span> <span class='ocrx_word' id='word_1_18' title='bbox 752 223 804 258; x_wconf 90' lang='lat' dir='ltr'>sed</span> <span class='ocrx_word' id='word_1_19' title='bbox 818 224 993 273; x_wconf 80' lang='lat' dir='ltr'>superiores</span> <span class='ocrx_word' id='word_1_20' title='bbox 1008 224 1145 259; x_wconf 84' lang='lat' dir='ltr'>lentiore</span> <span class='ocrx_word' id='word_1_21' title='bbox 1156 235 1248 259; x_wconf 85' lang='lat' dir='ltr'>motu</span> <span class='ocrx_word' id='word_1_22' title='bbox 1263 223 1439 272; x_wconf 81' lang='lat' dir='ltr'>agebantur</span> <span class='ocrx_word' id='word_1_23' title='bbox 1452 241 1461 266; x_wconf 79' lang='lat'>3</span> <span class='ocrx_word' id='word_1_24' title='bbox 1479 236 1550 272; x_wconf 88' lang='lat' dir='ltr'>pars</span> <span class='ocrx_word' id='word_1_25' title='bbox 1565 222 1686 259; x_wconf 87' lang='lat' dir='ltr'>summa</span> <span class='ocrx_word' id='word_1_26' title='bbox 1698 236 1794 259; x_wconf 74' lang='lat' dir='ltr'>coro⁴</span> 
     </span>
     <span class='ocr_line' id='line_1_4' title="bbox 415 270 1795 320; baseline -0.001 -12"><span class='ocrx_word' id='word_1_27' title='bbox 415 286 463 308; x_wconf 79' lang='lat' dir='ltr'>nae</span> <span class='ocrx_word' id='word_1_28' title='bbox 479 286 511 319; x_wconf 78' lang='lat'>5²-</span> <span class='ocrx_word' id='word_1_29' title='bbox 521 286 565 320; x_wconf 79' lang='lat' dir='ltr'>gr.</span> <span class='ocrx_word' id='word_1_30' title='bbox 579 271 668 318; x_wconf 89' lang='lat' dir='ltr'>supra</span> <span class='ocrx_word' id='word_1_31' title='bbox 681 272 888 307; x_wconf 80' lang='lat' dir='ltr'>horizontem</span> <span class='ocrx_word' id='word_1_32' title='bbox 906 270 1092 308; x_wconf 78' lang='lat' dir='ltr'>eminebat:</span> <span class='ocrx_word' id='word_1_33' title='bbox 1106 272 1178 307; x_wconf 87' lang='lat' dir='ltr'>solis</span> <span class='ocrx_word' id='word_1_34' title='bbox 1196 276 1229 306; x_wconf 90' lang='lat' dir='ltr'>in</span> <span class='ocrx_word' id='word_1_35' title='bbox 1249 273 1359 306; x_wconf 86' lang='lat' dir='ltr'>medio</span> <span class='ocrx_word' id='word_1_36' title='bbox 1373 271 1465 320; x_wconf 79' lang='lat' dir='ltr'>politi</span> <span class='ocrx_word' id='word_1_37' title='bbox 1485 272 1626 307; x_wconf 82' lang='lat' dir='ltr'>altitudo</span> <span class='ocrx_word' id='word_1_38' title='bbox 1643 283 1711 306; x_wconf 85' lang='lat' dir='ltr'>erat</span> <span class='ocrx_word' id='word_1_39' title='bbox 1725 272 1795 307; x_wconf 89' lang='lat' dir='ltr'>fere</span> 
     </span>
     <span class='ocr_line' id='line_1_5' title="bbox 418 319 1794 369; baseline 0.001 -15"><span class='ocrx_word' id='word_1_40' title='bbox 418 334 451 355; x_wconf 83' lang='lat'>12</span> <span class='ocrx_word' id='word_1_41' title='bbox 464 322 636 369; x_wconf 76' lang='lat' dir='ltr'>graduum:</span> <span class='ocrx_word' id='word_1_42' title='bbox 650 320 730 355; x_wconf 83' lang='lat' dir='ltr'>alter</span> <span class='ocrx_word' id='word_1_43' title='bbox 746 333 783 355; x_wconf 82' lang='lat' dir='ltr'>ex</span> <span class='ocrx_word' id='word_1_44' title='bbox 807 319 915 369; x_wconf 87' lang='lat' dir='ltr'>spuriis</span> <span class='ocrx_word' id='word_1_45' title='bbox 932 320 1049 355; x_wconf 89' lang='lat' dir='ltr'>solibus</span> <span class='ocrx_word' id='word_1_46' title='bbox 1063 320 1195 369; x_wconf 75' lang='lat' dir='ltr'>longam</span> <span class='ocrx_word' id='word_1_47' title='bbox 1209 319 1357 355; x_wconf 87' lang='lat' dir='ltr'>trahebat</span> <span class='ocrx_word' id='word_1_48' title='bbox 1382 321 1515 354; x_wconf 87' lang='lat' dir='ltr'>caudam</span> <span class='ocrx_word' id='word_1_49' title='bbox 1527 348 1536 364; x_wconf 87' lang='lat'>‚</span> <span class='ocrx_word' id='word_1_50' title='bbox 1551 332 1650 367; x_wconf 90' lang='lat' dir='ltr'>quam</span> <span class='ocrx_word' id='word_1_51' title='bbox 1668 320 1794 355; x_wconf 85' lang='lat' dir='ltr'>forma-</span> 
     </span>
     <span class='ocr_line' id='line_1_6' title="bbox 412 367 1797 417; baseline 0 -12"><span class='ocrx_word' id='word_1_52' title='bbox 412 372 465 405; x_wconf 68' lang='lat' dir='ltr'>vit</span> <span class='ocrx_word' id='word_1_53' title='bbox 475 368 577 404; x_wconf 83' lang='lat' dir='ltr'>nubes</span> <span class='ocrx_word' id='word_1_54' title='bbox 589 367 606 403; x_wconf 66' lang='lat' dir='ltr'>a</span> <span class='ocrx_word' id='word_1_55' title='bbox 622 369 854 405; x_wconf 80' lang='lat' dir='ltr'>Borea&#39;delata.</span> <span class='ocrx_word' id='word_1_56' title='bbox 872 371 952 404; x_wconf 88' lang='lat' dir='ltr'>Haec</span> <span class='ocrx_word' id='word_1_57' title='bbox 965 368 1022 404; x_wconf 86' lang='lat' dir='ltr'>ubi</span> <span class='ocrx_word' id='word_1_58' title='bbox 1034 368 1163 405; x_wconf 80' lang='lat' dir='ltr'>disculsa</span> <span class='ocrx_word' id='word_1_59' title='bbox 1174 369 1255 411; x_wconf 52' lang='lat' dir='ltr'>fuitg</span> <span class='ocrx_word' id='word_1_60' title='bbox 1271 369 1371 403; x_wconf 79' lang='lat' dir='ltr'>cauda</span> <span class='ocrx_word' id='word_1_61' title='bbox 1384 370 1530 404; x_wconf 89' lang='lat' dir='ltr'>evanuit.</span> <span class='ocrx_word' id='word_1_62' title='bbox 1556 369 1590 402; x_wconf 88' lang='lat' dir='ltr'>ld</span> <span class='ocrx_word' id='word_1_63' title='bbox 1609 380 1689 404; x_wconf 87' lang='lat' dir='ltr'>vero</span> <span class='ocrx_word' id='word_1_64' title='bbox 1714 368 1797 417; x_wconf 82' lang='lat' dir='ltr'>saepe</span> 
     </span>
     <span class='ocr_line' id='line_1_7' title="bbox 412 416 1796 467; baseline 0 -15"><span class='ocrx_word' id='word_1_65' title='bbox 412 421 525 453; x_wconf 86' lang='lat' dir='ltr'>evenit</span> <span class='ocrx_word' id='word_1_66' title='bbox 536 429 570 452; x_wconf 90' lang='lat' dir='ltr'>ut</span> <span class='ocrx_word' id='word_1_67' title='bbox 586 416 662 451; x_wconf 82' lang='lat' dir='ltr'>halo</span> <span class='ocrx_word' id='word_1_68' title='bbox 679 418 836 465; x_wconf 84' lang='lat' dir='ltr'>paulatim</span> <span class='ocrx_word' id='word_1_69' title='bbox 856 419 1036 466; x_wconf 85' lang='lat' dir='ltr'>angustior,</span> <span class='ocrx_word' id='word_1_70' title='bbox 1050 424 1084 455; x_wconf 90' lang='lat'><strong>&amp;</strong></span> <span class='ocrx_word' id='word_1_71' title='bbox 1099 417 1240 467; x_wconf 81' lang='lat' dir='ltr'>parhelia</span> <span class='ocrx_word' id='word_1_72' title='bbox 1258 428 1348 452; x_wconf 79' lang='lat' dir='ltr'>extra</span> <span class='ocrx_word' id='word_1_73' title='bbox 1367 416 1523 452; x_wconf 87' lang='lat' dir='ltr'>halonem</span> <span class='ocrx_word' id='word_1_74' title='bbox 1540 417 1710 452; x_wconf 83' lang='lat' dir='ltr'>videantur</span> <span class='ocrx_word' id='word_1_75' title='bbox 1731 445 1742 461; x_wconf 95' lang='lat'>,</span> <span class='ocrx_word' id='word_1_76' title='bbox 1760 422 1796 455; x_wconf 73' lang='grc' dir='ltr'>δι</span> 
     </span>
     <span class='ocr_line' id='line_1_8' title="bbox 411 465 1032 514; baseline 0.002 -14"><span class='ocrx_word' id='word_1_77' title='bbox 411 466 535 513; x_wconf 83' lang='lat' dir='ltr'>aliquot</span> <span class='ocrx_word' id='word_1_78' title='bbox 545 466 695 501; x_wconf 79' lang='lat' dir='ltr'>horarum</span> <span class='ocrx_word' id='word_1_79' title='bbox 706 465 806 514; x_wconf 85' lang='lat' dir='ltr'>spatio</span> <span class='ocrx_word' id='word_1_80' title='bbox 816 465 1032 514; x_wconf 83' lang='lat' dir='ltr'>perseverent.</span> 
     </span>
    </p>

    <p class='ocr_par' dir='ltr' id='par_1_3' title="bbox 406 512 1848 1140">
     <span class='ocr_line' id='line_1_9' title="bbox 447 512 1848 563; baseline 0.001 -13"><span class='ocrx_word' id='word_1_81' title='bbox 447 529 479 561; x_wconf 84' lang='lat'>4.</span> <span class='ocrx_word' id='word_1_82' title='bbox 509 513 674 550; x_wconf 78' lang='lat' dir='ltr'>Interdum</span> <span class='ocrx_word' id='word_1_83' title='bbox 687 515 827 562; x_wconf 86' lang='lat' dir='ltr'>parhelia</span> <span class='ocrx_word' id='word_1_84' title='bbox 841 517 921 550; x_wconf 88' lang='lat' dir='ltr'>iniis</span> <span class='ocrx_word' id='word_1_85' title='bbox 931 524 1087 563; x_wconf 82' lang='lat' dir='ltr'>apparent</span> <span class='ocrx_word' id='word_1_86' title='bbox 1099 513 1196 556; x_wconf 88' lang='lat' dir='ltr'>locis,</span> <span class='ocrx_word' id='word_1_87' title='bbox 1210 512 1266 548; x_wconf 87' lang='lat' dir='ltr'>nbi</span> <span class='ocrx_word' id='word_1_88' title='bbox 1279 513 1371 549; x_wconf 79' lang='lat' dir='ltr'>nullae</span> <span class='ocrx_word' id='word_1_89' title='bbox 1382 514 1450 550; x_wconf 89' lang='lat' dir='ltr'>sunt</span> <span class='ocrx_word' id='word_1_90' title='bbox 1463 512 1577 557; x_wconf 88' lang='lat' dir='ltr'>nubes,</span> <span class='ocrx_word' id='word_1_91' title='bbox 1594 525 1631 548; x_wconf 92' lang='lat' dir='ltr'>ac</span> <span class='ocrx_word' id='word_1_92' title='bbox 1649 513 1795 550; x_wconf 87' lang='lat' dir='ltr'>serenum</span> <span class='ocrx_word' id='word_1_93' title='bbox 1847 528 1848 531; x_wconf 50' lang='lat'>¹</span> 
     </span>
     <span class='ocr_line' id='line_1_10' title="bbox 415 562 1796 609; baseline 0 -11"><span class='ocrx_word' id='word_1_94' title='bbox 415 564 459 598; x_wconf 85' lang='lat' dir='ltr'>est</span> <span class='ocrx_word' id='word_1_95' title='bbox 467 563 596 600; x_wconf 85' lang='lat' dir='ltr'>coelum.</span> <span class='ocrx_word' id='word_1_96' title='bbox 616 565 668 597; x_wconf 85' lang='lat' dir='ltr'>Sic</span> <span class='ocrx_word' id='word_1_97' title='bbox 678 575 763 598; x_wconf 89' lang='lat' dir='ltr'>anno</span> <span class='ocrx_word' id='word_1_98' title='bbox 776 571 842 608; x_wconf 84' lang='lat'>1671</span> <span class='ocrx_word' id='word_1_99' title='bbox 856 592 866 607; x_wconf 88' lang='lat'><em>‚</em></span> <span class='ocrx_word' id='word_1_100' title='bbox 880 564 933 598; x_wconf 83' lang='lat' dir='ltr'>die</span> <span class='ocrx_word' id='word_1_101' title='bbox 953 566 989 599; x_wconf 82' lang='lat'>25</span> <span class='ocrx_word' id='word_1_102' title='bbox 1009 564 1092 598; x_wconf 84' lang='lat' dir='ltr'>Maii</span> <span class='ocrx_word' id='word_1_103' title='bbox 1105 562 1183 596; x_wconf 88' lang='lat' dir='ltr'>hora</span> <span class='ocrx_word' id='word_1_104' title='bbox 1196 577 1210 609; x_wconf 86' lang='lat'><em>5</em></span> <span class='ocrx_word' id='word_1_105' title='bbox 1235 565 1393 598; x_wconf 85' lang='lat' dir='ltr'>matutina</span> <span class='ocrx_word' id='word_1_106' title='bbox 1412 563 1549 597; x_wconf 86' lang='lat' dir='ltr'>Carnuti</span> <span class='ocrx_word' id='word_1_107' title='bbox 1570 574 1692 597; x_wconf 85' lang='lat' dir='ltr'>corona</span> <span class='ocrx_word' id='word_1_108' title='bbox 1712 565 1796 599; x_wconf 86' lang='lat' dir='ltr'>circa</span> 
     </span>
     <span class='ocr_line' id='line_1_11' title="bbox 412 610 1796 659; baseline -0.001 -13"><span class='ocrx_word' id='word_1_109' title='bbox 412 611 515 647; x_wconf 86' lang='lat' dir='ltr'>solem</span> <span class='ocrx_word' id='word_1_110' title='bbox 529 612 592 647; x_wconf 78' lang='lat' dir='ltr'>visa</span> <span class='ocrx_word' id='word_1_111' title='bbox 607 612 650 647; x_wconf 77' lang='lat' dir='ltr'>est</span> <span class='ocrx_word' id='word_1_112' title='bbox 661 638 670 653; x_wconf 85' lang='lat'><strong>,</strong></span> <span class='ocrx_word' id='word_1_113' title='bbox 685 613 720 646; x_wconf 89' lang='lat' dir='ltr'>in</span> <span class='ocrx_word' id='word_1_114' title='bbox 739 624 803 658; x_wconf 88' lang='lat' dir='ltr'>qua</span> <span class='ocrx_word' id='word_1_115' title='bbox 828 613 895 648; x_wconf 87' lang='lat' dir='ltr'>duo</span> <span class='ocrx_word' id='word_1_116' title='bbox 909 612 1052 659; x_wconf 88' lang='lat' dir='ltr'>parhelia</span> <span class='ocrx_word' id='word_1_117' title='bbox 1068 625 1100 657; x_wconf 79' lang='lat'>23</span> <span class='ocrx_word' id='word_1_118' title='bbox 1121 611 1190 646; x_wconf 84' lang='lat' dir='ltr'>fere</span> <span class='ocrx_word' id='word_1_119' title='bbox 1213 610 1364 659; x_wconf 78' lang='lat' dir='ltr'>gradibus</span> <span class='ocrx_word' id='word_1_120' title='bbox 1379 612 1398 647; x_wconf 76' lang='grc' dir='ltr'>ὲ</span> <span class='ocrx_word' id='word_1_121' title='bbox 1417 611 1482 646; x_wconf 90' lang='lat' dir='ltr'>sole</span> <span class='ocrx_word' id='word_1_122' title='bbox 1499 622 1625 646; x_wconf 86' lang='lat' dir='ltr'>remota</span> <span class='ocrx_word' id='word_1_123' title='bbox 1640 623 1796 659; x_wconf 73' lang='lat' dir='ltr'>apparue-</span> 
     </span>
     <span class='ocr_line' id='line_1_12' title="bbox 415 659 1795 708; baseline -0.002 -13"><span class='ocrx_word' id='word_1_124' title='bbox 415 672 499 696; x_wconf 85' lang='lat' dir='ltr'>runt.</span> <span class='ocrx_word' id='word_1_125' title='bbox 535 660 610 695; x_wconf 87' lang='lat' dir='ltr'>Sole</span> <span class='ocrx_word' id='word_1_126' title='bbox 634 659 726 695; x_wconf 87' lang='lat' dir='ltr'>altius</span> <span class='ocrx_word' id='word_1_127' title='bbox 745 660 834 708; x_wconf 85' lang='lat' dir='ltr'>supra</span> <span class='ocrx_word' id='word_1_128' title='bbox 850 661 1054 696; x_wconf 86' lang='lat' dir='ltr'>horizontem</span> <span class='ocrx_word' id='word_1_129' title='bbox 1074 659 1262 694; x_wconf 89' lang='lat' dir='ltr'>ascendente</span> <span class='ocrx_word' id='word_1_130' title='bbox 1280 660 1355 694; x_wconf 87' lang='lat' dir='ltr'>halo</span> <span class='ocrx_word' id='word_1_131' title='bbox 1367 659 1476 695; x_wconf 69' lang='lat' dir='ltr'>senfin]</span> <span class='ocrx_word' id='word_1_132' title='bbox 1492 660 1594 694; x_wconf 67' lang='lat' dir='ltr'>factus</span> <span class='ocrx_word' id='word_1_133' title='bbox 1611 660 1654 693; x_wconf 90' lang='lat' dir='ltr'>est</span> <span class='ocrx_word' id='word_1_134' title='bbox 1665 671 1795 695; x_wconf 87' lang='lat' dir='ltr'>contra-</span> 
     </span>
     <span class='ocr_line' id='line_1_13' title="bbox 417 707 1793 757; baseline 0.001 -14"><span class='ocrx_word' id='word_1_135' title='bbox 417 711 498 744; x_wconf 66' lang='lat' dir='ltr'>&amp;ior</span> <span class='ocrx_word' id='word_1_136' title='bbox 509 738 518 752; x_wconf 87' lang='lat'>,</span> <span class='ocrx_word' id='word_1_137' title='bbox 532 709 635 744; x_wconf 87' lang='lat' dir='ltr'>donec</span> <span class='ocrx_word' id='word_1_138' title='bbox 644 708 788 756; x_wconf 82' lang='lat' dir='ltr'>par-helia</span> <span class='ocrx_word' id='word_1_139' title='bbox 797 714 865 757; x_wconf 83' lang='lat' dir='ltr'>jam</span> <span class='ocrx_word' id='word_1_140' title='bbox 879 709 1004 756; x_wconf 84' lang='lat' dir='ltr'>aliquot</span> <span class='ocrx_word' id='word_1_141' title='bbox 1017 707 1166 757; x_wconf 82' lang='lat' dir='ltr'>gradibus</span> <span class='ocrx_word' id='word_1_142' title='bbox 1179 707 1220 742; x_wconf 88' lang='lat' dir='ltr'>ab</span> <span class='ocrx_word' id='word_1_143' title='bbox 1233 707 1298 756; x_wconf 88' lang='lat' dir='ltr'>ipsa</span> <span class='ocrx_word' id='word_1_144' title='bbox 1309 720 1427 744; x_wconf 84' lang='lat' dir='ltr'>corona</span> <span class='ocrx_word' id='word_1_145' title='bbox 1439 708 1602 743; x_wconf 81' lang='lat' dir='ltr'>distarent.</span> <span class='ocrx_word' id='word_1_146' title='bbox 1635 710 1738 744; x_wconf 89' lang='lat' dir='ltr'>Unius</span> <span class='ocrx_word' id='word_1_147' title='bbox 1750 721 1793 745; x_wconf 69' lang='lat' dir='ltr'>ex</span> 
     </span>
     <span class='ocr_line' id='line_1_14' title="bbox 414 755 1794 806; baseline 0.001 -15"><span class='ocrx_word' id='word_1_148' title='bbox 414 758 567 806; x_wconf 86' lang='lat' dir='ltr'>parheliis</span> <span class='ocrx_word' id='word_1_149' title='bbox 579 758 679 792; x_wconf 82' lang='lat' dir='ltr'>cauda</span> <span class='ocrx_word' id='word_1_150' title='bbox 688 771 714 804; x_wconf 82' lang='lat'>¹5</span> <span class='ocrx_word' id='word_1_151' title='bbox 724 768 778 792; x_wconf 88' lang='lat' dir='ltr'>aut</span> <span class='ocrx_word' id='word_1_152' title='bbox 789 771 828 793; x_wconf 87' lang='lat'>20</span> <span class='ocrx_word' id='word_1_153' title='bbox 836 758 950 806; x_wconf 83' lang='lat' dir='ltr'>gradus</span> <span class='ocrx_word' id='word_1_154' title='bbox 959 757 1112 806; x_wconf 83' lang='lat' dir='ltr'>patebat,</span> <span class='ocrx_word' id='word_1_155' title='bbox 1125 768 1227 803; x_wconf 82' lang='lat' dir='ltr'>eaque</span> <span class='ocrx_word' id='word_1_156' title='bbox 1249 755 1287 791; x_wconf 82' lang='lat' dir='ltr'>sic</span> <span class='ocrx_word' id='word_1_157' title='bbox 1295 769 1363 791; x_wconf 89' lang='lat' dir='ltr'>erat</span> <span class='ocrx_word' id='word_1_158' title='bbox 1373 757 1488 792; x_wconf 80' lang='lat' dir='ltr'>inflexa</span> <span class='ocrx_word' id='word_1_159' title='bbox 1497 785 1507 800; x_wconf 92' lang='lat'>,</span> <span class='ocrx_word' id='word_1_160' title='bbox 1524 768 1559 791; x_wconf 92' lang='lat' dir='ltr'>ut</span> <span class='ocrx_word' id='word_1_161' title='bbox 1575 768 1698 805; x_wconf 78' lang='lat' dir='ltr'>partem</span> <span class='ocrx_word' id='word_1_162' title='bbox 1707 756 1794 793; x_wconf 84' lang='lat' dir='ltr'>illius</span> 
     </span>
     <span class='ocr_line' id='line_1_15' title="bbox 414 802 1795 854; baseline 0.001 -13"><span class='ocrx_word' id='word_1_163' title='bbox 414 807 523 842; x_wconf 89' lang='lat' dir='ltr'>circuli</span> <span class='ocrx_word' id='word_1_164' title='bbox 533 806 659 841; x_wconf 86' lang='lat' dir='ltr'>candidi</span> <span class='ocrx_word' id='word_1_165' title='bbox 669 835 679 849; x_wconf 90' lang='lat'>‚</span> <span class='ocrx_word' id='word_1_166' title='bbox 689 810 774 854; x_wconf 85' lang='lat' dir='ltr'>cujus</span> <span class='ocrx_word' id='word_1_167' title='bbox 789 806 876 854; x_wconf 88' lang='lat' dir='ltr'>supra</span> <span class='ocrx_word' id='word_1_168' title='bbox 885 808 1107 849; x_wconf 86' lang='lat' dir='ltr'>meminimus,</span> <span class='ocrx_word' id='word_1_169' title='bbox 1120 808 1244 852; x_wconf 88' lang='lat' dir='ltr'>quique</span> <span class='ocrx_word' id='word_1_170' title='bbox 1257 806 1300 840; x_wconf 88' lang='lat' dir='ltr'>est</span> <span class='ocrx_word' id='word_1_171' title='bbox 1310 805 1473 841; x_wconf 89' lang='lat' dir='ltr'>horizonti</span> <span class='ocrx_word' id='word_1_172' title='bbox 1483 802 1795 853; x_wconf 79' lang='lat' dir='ltr'>parallelu5,efficere</span> 
     </span>
     <span class='ocr_line' id='line_1_16' title="bbox 414 853 1795 901; baseline 0 -12"><span class='ocrx_word' id='word_1_173' title='bbox 414 855 588 890; x_wconf 85' lang='lat' dir='ltr'>videretur.</span> <span class='ocrx_word' id='word_1_174' title='bbox 600 857 733 889; x_wconf 86' lang='lat' dir='ltr'>Interim</span> <span class='ocrx_word' id='word_1_175' title='bbox 744 858 776 890; x_wconf 86' lang='lat' dir='ltr'>in</span> <span class='ocrx_word' id='word_1_176' title='bbox 787 857 823 888; x_wconf 84' lang='lat' dir='ltr'>iis</span> <span class='ocrx_word' id='word_1_177' title='bbox 840 854 980 898; x_wconf 85' lang='lat' dir='ltr'>locis‚in</span> <span class='ocrx_word' id='word_1_178' title='bbox 997 853 1114 901; x_wconf 91' lang='lat' dir='ltr'>quibus</span> <span class='ocrx_word' id='word_1_179' title='bbox 1126 854 1283 901; x_wconf 83' lang='lat' dir='ltr'>parhelia,</span> <span class='ocrx_word' id='word_1_180' title='bbox 1295 853 1506 901; x_wconf 83' lang='lat' dir='ltr'>apparebant,</span> <span class='ocrx_word' id='word_1_181' title='bbox 1523 854 1637 889; x_wconf 78' lang='lat' dir='ltr'>coelum</span> <span class='ocrx_word' id='word_1_182' title='bbox 1649 853 1795 890; x_wconf 86' lang='lat' dir='ltr'>serenum</span> 
     </span>
     <span class='ocr_line' id='line_1_17' title="bbox 415 901 1791 951; baseline 0.001 -13"><span class='ocrx_word' id='word_1_183' title='bbox 415 915 504 946; x_wconf 88' lang='lat' dir='ltr'>erat,</span> <span class='ocrx_word' id='word_1_184' title='bbox 522 902 577 939; x_wconf 79' lang='lat' dir='ltr'>nili</span> <span class='ocrx_word' id='word_1_185' title='bbox 596 903 685 951; x_wconf 89' lang='lat' dir='ltr'>quod</span> <span class='ocrx_word' id='word_1_186' title='bbox 703 902 804 937; x_wconf 89' lang='lat' dir='ltr'>nubes</span> <span class='ocrx_word' id='word_1_187' title='bbox 817 903 997 938; x_wconf 84' lang='lat' dir='ltr'>identidem</span> <span class='ocrx_word' id='word_1_188' title='bbox 1007 902 1175 938; x_wconf 88' lang='lat' dir='ltr'>subeuntes</span> <span class='ocrx_word' id='word_1_189' title='bbox 1199 902 1281 936; x_wconf 86' lang='lat' dir='ltr'>hanc</span> <span class='ocrx_word' id='word_1_190' title='bbox 1296 902 1498 937; x_wconf 83' lang='lat' dir='ltr'>serenitatem</span> <span class='ocrx_word' id='word_1_191' title='bbox 1519 901 1791 951; x_wconf 77' lang='lat' dir='ltr'>interpellabant-t</span> 
     </span>
     <span class='ocr_line' id='line_1_18' title="bbox 415 949 1793 1000; baseline -0.002 -14"><span class='ocrx_word' id='word_1_192' title='bbox 415 964 490 987; x_wconf 89' lang='lat' dir='ltr'>cum</span> <span class='ocrx_word' id='word_1_193' title='bbox 506 964 577 1000; x_wconf 89' lang='lat' dir='ltr'>pars</span> <span class='ocrx_word' id='word_1_194' title='bbox 597 963 723 986; x_wconf 85' lang='lat' dir='ltr'>coronae</span> <span class='ocrx_word' id='word_1_195' title='bbox 745 953 898 994; x_wconf 89' lang='lat' dir='ltr'>interior,</span> <span class='ocrx_word' id='word_1_196' title='bbox 915 962 949 986; x_wconf 92' lang='lat' dir='ltr'>ut</span> <span class='ocrx_word' id='word_1_197' title='bbox 966 951 1035 987; x_wconf 87' lang='lat' dir='ltr'>fere</span> <span class='ocrx_word' id='word_1_198' title='bbox 1054 950 1175 998; x_wconf 86' lang='lat' dir='ltr'>semper</span> <span class='ocrx_word' id='word_1_199' title='bbox 1199 951 1316 993; x_wconf 84' lang='lat' dir='ltr'>accidit</span> <span class='ocrx_word' id='word_1_200' title='bbox 1332 978 1343 992; x_wconf 88' lang='lat'><strong><em>,</em></strong></span> <span class='ocrx_word' id='word_1_201' title='bbox 1365 950 1528 985; x_wconf 85' lang='lat' dir='ltr'>obscurior</span> <span class='ocrx_word' id='word_1_202' title='bbox 1542 949 1625 985; x_wconf 75' lang='lat' dir='ltr'>effer.</span> <span class='ocrx_word' id='word_1_203' title='bbox 1645 953 1718 987; x_wconf 89' lang='lat' dir='ltr'>Nec</span> <span class='ocrx_word' id='word_1_204' title='bbox 1734 952 1793 987; x_wconf 87' lang='lat' dir='ltr'>du-</span> 
     </span>
     <span class='ocr_line' id='line_1_19' title="bbox 406 997 1793 1048; baseline 0.001 -14"><span class='ocrx_word' id='word_1_205' title='bbox 406 999 505 1035; x_wconf 61' lang='lat' dir='ltr'>‘bium</span> <span class='ocrx_word' id='word_1_206' title='bbox 516 1002 559 1035; x_wconf 87' lang='lat' dir='ltr'>est</span> <span class='ocrx_word' id='word_1_207' title='bbox 575 1002 654 1047; x_wconf 91' lang='lat' dir='ltr'>quin</span> <span class='ocrx_word' id='word_1_208' title='bbox 668 1002 692 1033; x_wconf 88' lang='lat' dir='ltr'>ii</span> <span class='ocrx_word' id='word_1_209' title='bbox 704 1011 838 1048; x_wconf 83' lang='lat' dir='ltr'>vapores</span> <span class='ocrx_word' id='word_1_210' title='bbox 853 999 909 1034; x_wconf 89' lang='lat' dir='ltr'>ubi</span> <span class='ocrx_word' id='word_1_211' title='bbox 925 1000 1069 1048; x_wconf 86' lang='lat' dir='ltr'>parhelia</span> <span class='ocrx_word' id='word_1_212' title='bbox 1081 999 1272 1041; x_wconf 85' lang='lat' dir='ltr'>formantur,</span> <span class='ocrx_word' id='word_1_213' title='bbox 1287 997 1424 1033; x_wconf 88' lang='lat' dir='ltr'>nubibus</span> <span class='ocrx_word' id='word_1_214' title='bbox 1441 997 1500 1034; x_wconf 78' lang='lat' dir='ltr'>sint</span> <span class='ocrx_word' id='word_1_215' title='bbox 1520 998 1719 1035; x_wconf 84' lang='lat' dir='ltr'>sublimiores</span> <span class='ocrx_word' id='word_1_216' title='bbox 1734 1028 1743 1043; x_wconf 90' lang='lat'>‚</span> <span class='ocrx_word' id='word_1_217' title='bbox 1757 1006 1793 1038; x_wconf 73' lang='grc' dir='ltr'>δε</span> 
     </span>
     <span class='ocr_line' id='line_1_20' title="bbox 410 1046 1792 1096; baseline 0.001 -13"><span class='ocrx_word' id='word_1_218' title='bbox 410 1049 502 1085; x_wconf 76' lang='lat' dir='ltr'>forte</span> <span class='ocrx_word' id='word_1_219' title='bbox 519 1047 770 1096; x_wconf 81' lang='lat' dir='ltr'>tranquilliores.</span> <span class='ocrx_word' id='word_1_220' title='bbox 791 1049 892 1084; x_wconf 91' lang='lat' dir='ltr'>Unde</span> <span class='ocrx_word' id='word_1_221' title='bbox 908 1048 973 1083; x_wconf 84' lang='lat' dir='ltr'>haec</span> <span class='ocrx_word' id='word_1_222' title='bbox 989 1048 1134 1096; x_wconf 84' lang='lat' dir='ltr'>parhelia</span> <span class='ocrx_word' id='word_1_223' title='bbox 1149 1060 1216 1082; x_wconf 89' lang='lat' dir='ltr'>non</span> <span class='ocrx_word' id='word_1_224' title='bbox 1229 1046 1283 1082; x_wconf 87' lang='lat' dir='ltr'>nisi</span> <span class='ocrx_word' id='word_1_225' title='bbox 1296 1047 1367 1095; x_wconf 84' lang='lat' dir='ltr'>post</span> <span class='ocrx_word' id='word_1_226' title='bbox 1380 1047 1493 1082; x_wconf 83' lang='lat' dir='ltr'>horam</span> <span class='ocrx_word' id='word_1_227' title='bbox 1512 1060 1634 1083; x_wconf 87' lang='lat' dir='ltr'>nonam</span> <span class='ocrx_word' id='word_1_228' title='bbox 1655 1051 1792 1085; x_wconf 87' lang='lat' dir='ltr'>omnino</span> 
     </span>
     <span class='ocr_line' id='line_1_21' title="bbox 408 1096 1153 1140; baseline 0 -9"><span class='ocrx_word' id='word_1_229' title='bbox 408 1097 573 1133; x_wconf 75' lang='lat' dir='ltr'>desierunt</span> <span class='ocrx_word' id='word_1_230' title='bbox 583 1126 592 1140; x_wconf 90' lang='lat'>,</span> <span class='ocrx_word' id='word_1_231' title='bbox 611 1109 685 1131; x_wconf 88' lang='lat' dir='ltr'>cum</span> <span class='ocrx_word' id='word_1_232' title='bbox 695 1096 796 1131; x_wconf 88' lang='lat' dir='ltr'>nubes</span> <span class='ocrx_word' id='word_1_233' title='bbox 805 1096 920 1132; x_wconf 85' lang='lat' dir='ltr'>coelum</span> <span class='ocrx_word' id='word_1_234' title='bbox 935 1096 1153 1131; x_wconf 86' lang='lat' dir='ltr'>obduxerunt.</span> 
     </span>
    </p>

    <p class='ocr_par' dir='ltr' id='par_1_4' title="bbox 404 1144 1792 1522">
     <span class='ocr_line' id='line_1_22' title="bbox 454 1144 1792 1195; baseline 0.002 -16"><span class='ocrx_word' id='word_1_235' title='bbox 454 1159 487 1192; x_wconf 76' lang='grc' dir='ltr'>ς,</span> <span class='ocrx_word' id='word_1_236' title='bbox 511 1148 621 1180; x_wconf 82' lang='lat' dir='ltr'>Fixam</span> <span class='ocrx_word' id='word_1_237' title='bbox 636 1173 646 1187; x_wconf 80' lang='lat'><strong>‚</strong></span> <span class='ocrx_word' id='word_1_238' title='bbox 661 1151 695 1182; x_wconf 68' lang='grc' dir='ltr'>ὃς</span> <span class='ocrx_word' id='word_1_239' title='bbox 713 1148 909 1181; x_wconf 85' lang='lat' dir='ltr'>tenaciorem</span> <span class='ocrx_word' id='word_1_240' title='bbox 924 1144 984 1180; x_wconf 82' lang='lat' dir='ltr'>effe</span> <span class='ocrx_word' id='word_1_241' title='bbox 996 1146 1080 1192; x_wconf 86' lang='lat' dir='ltr'>hujus</span> <span class='ocrx_word' id='word_1_242' title='bbox 1094 1147 1238 1180; x_wconf 86' lang='lat' dir='ltr'>Meteori</span> <span class='ocrx_word' id='word_1_243' title='bbox 1259 1148 1444 1188; x_wconf 80' lang='lat' dir='ltr'>materiam,</span> <span class='ocrx_word' id='word_1_244' title='bbox 1466 1144 1542 1180; x_wconf 88' lang='lat' dir='ltr'>hine</span> <span class='ocrx_word' id='word_1_245' title='bbox 1566 1147 1664 1181; x_wconf 85' lang='lat' dir='ltr'>etiam</span> <span class='ocrx_word' id='word_1_246' title='bbox 1684 1146 1792 1195; x_wconf 70' lang='lat' dir='ltr'>poffu-</span> 
     </span>
     <span class='ocr_line' id='line_1_23' title="bbox 414 1193 1791 1243; baseline -0.001 -13"><span class='ocrx_word' id='word_1_247' title='bbox 414 1208 484 1230; x_wconf 87' lang='lat' dir='ltr'>mus</span> <span class='ocrx_word' id='word_1_248' title='bbox 497 1196 654 1243; x_wconf 87' lang='lat' dir='ltr'>conjicere</span> <span class='ocrx_word' id='word_1_249' title='bbox 668 1221 677 1232; x_wconf 90' lang='lat'><em>‚</em></span> <span class='ocrx_word' id='word_1_250' title='bbox 696 1195 783 1240; x_wconf 85' lang='lat' dir='ltr'>quod</span> <span class='ocrx_word' id='word_1_251' title='bbox 800 1209 829 1241; x_wconf 87' lang='lat'>25</span> <span class='ocrx_word' id='word_1_252' title='bbox 847 1196 927 1241; x_wconf 82' lang='lat' dir='ltr'>Maij</span> <span class='ocrx_word' id='word_1_253' title='bbox 942 1193 1082 1242; x_wconf 85' lang='lat' dir='ltr'>ejusdem</span> <span class='ocrx_word' id='word_1_254' title='bbox 1092 1196 1166 1228; x_wconf 88' lang='lat' dir='ltr'>anni</span> <span class='ocrx_word' id='word_1_255' title='bbox 1176 1196 1257 1228; x_wconf 84' lang='lat' dir='ltr'>circa</span> <span class='ocrx_word' id='word_1_256' title='bbox 1270 1195 1475 1228; x_wconf 86' lang='lat' dir='ltr'>undecimam</span> <span class='ocrx_word' id='word_1_257' title='bbox 1491 1193 1512 1229; x_wconf 65' lang='lat' dir='ltr'>*a</span> <span class='ocrx_word' id='word_1_258' title='bbox 1528 1194 1663 1228; x_wconf 87' lang='lat' dir='ltr'>meridie</span> <span class='ocrx_word' id='word_1_259' title='bbox 1677 1195 1791 1231; x_wconf 84' lang='lat' dir='ltr'>horam</span> 
     </span>
     <span class='ocr_line' id='line_1_24' title="bbox 414 1241 1791 1292; baseline -0.001 -15"><span class='ocrx_word' id='word_1_260' title='bbox 414 1256 489 1278; x_wconf 88' lang='lat' dir='ltr'>cum</span> <span class='ocrx_word' id='word_1_261' title='bbox 502 1256 541 1292; x_wconf 86' lang='lat'>45</span> <span class='ocrx_word' id='word_1_262' title='bbox 551 1244 682 1278; x_wconf 86' lang='lat' dir='ltr'>minutis</span> <span class='ocrx_word' id='word_1_263' title='bbox 696 1241 762 1277; x_wconf 86' lang='lat' dir='ltr'>visa</span> <span class='ocrx_word' id='word_1_264' title='bbox 781 1241 817 1277; x_wconf 87' lang='lat' dir='ltr'>sit</span> <span class='ocrx_word' id='word_1_265' title='bbox 832 1242 947 1289; x_wconf 84' lang='lat' dir='ltr'>duplex</span> <span class='ocrx_word' id='word_1_266' title='bbox 959 1241 1150 1289; x_wconf 83' lang='lat' dir='ltr'>paraselene,</span> <span class='ocrx_word' id='word_1_267' title='bbox 1164 1255 1237 1276; x_wconf 87' lang='lat' dir='ltr'>curn</span> <span class='ocrx_word' id='word_1_268' title='bbox 1247 1242 1323 1276; x_wconf 82' lang='lat' dir='ltr'>luna</span> <span class='ocrx_word' id='word_1_269' title='bbox 1335 1242 1508 1290; x_wconf 87' lang='lat' dir='ltr'>plurimum</span> <span class='ocrx_word' id='word_1_270' title='bbox 1520 1242 1560 1275; x_wconf 86' lang='lat' dir='ltr'>ad</span> <span class='ocrx_word' id='word_1_271' title='bbox 1580 1243 1719 1278; x_wconf 86' lang='lat' dir='ltr'>austrum</span> <span class='ocrx_word' id='word_1_272' title='bbox 1731 1245 1791 1278; x_wconf 89' lang='lat' dir='ltr'>de-</span> 
     </span>
     <span class='ocr_line' id='line_1_25' title="bbox 413 1288 1788 1340; baseline 0.001 -14"><span class='ocrx_word' id='word_1_273' title='bbox 413 1292 547 1327; x_wconf 79' lang='lat' dir='ltr'>clinatet</span> <span class='ocrx_word' id='word_1_274' title='bbox 559 1320 570 1336; x_wconf 84' lang='lat'>‚</span> <span class='ocrx_word' id='word_1_275' title='bbox 582 1296 615 1328; x_wconf 72' lang='grc' dir='ltr'>δε</span> <span class='ocrx_word' id='word_1_276' title='bbox 633 1290 797 1326; x_wconf 83' lang='lat' dir='ltr'>horizonti</span> <span class='ocrx_word' id='word_1_277' title='bbox 809 1292 939 1339; x_wconf 86' lang='lat' dir='ltr'>propior</span> <span class='ocrx_word' id='word_1_278' title='bbox 949 1289 1046 1333; x_wconf 80' lang='lat' dir='ltr'>effet3</span> <span class='ocrx_word' id='word_1_279' title='bbox 1061 1290 1160 1325; x_wconf 85' lang='lat' dir='ltr'>altera</span> <span class='ocrx_word' id='word_1_280' title='bbox 1174 1302 1212 1324; x_wconf 88' lang='lat' dir='ltr'>ex</span> <span class='ocrx_word' id='word_1_281' title='bbox 1228 1292 1264 1324; x_wconf 89' lang='lat' dir='ltr'>iis</span> <span class='ocrx_word' id='word_1_282' title='bbox 1279 1303 1396 1338; x_wconf 88' lang='lat' dir='ltr'>nempe</span> <span class='ocrx_word' id='word_1_283' title='bbox 1414 1288 1592 1325; x_wconf 85' lang='lat' dir='ltr'>Orientalis</span> <span class='ocrx_word' id='word_1_284' title='bbox 1615 1293 1788 1340; x_wconf 85' lang='lat' dir='ltr'>quinquies</span> 
     </span>
     <span class='ocr_line' id='line_1_26' title="bbox 405 1338 1792 1389; baseline -0.002 -14"><span class='ocrx_word' id='word_1_285' title='bbox 405 1340 483 1376; x_wconf 32' lang='lat' dir='ltr'>&#39;fere</span> <span class='ocrx_word' id='word_1_286' title='bbox 496 1345 598 1389; x_wconf 83' lang='lat' dir='ltr'>major</span> <span class='ocrx_word' id='word_1_287' title='bbox 612 1339 715 1374; x_wconf 86' lang='lat' dir='ltr'>lunari</span> <span class='ocrx_word' id='word_1_288' title='bbox 727 1338 827 1388; x_wconf 83' lang='lat' dir='ltr'>globo</span> <span class='ocrx_word' id='word_1_289' title='bbox 845 1338 1043 1387; x_wconf 78' lang='lat' dir='ltr'>apparebat3</span> <span class='ocrx_word' id='word_1_290' title='bbox 1061 1350 1164 1386; x_wconf 83' lang='lat' dir='ltr'>eaque</span> <span class='ocrx_word' id='word_1_291' title='bbox 1181 1350 1249 1374; x_wconf 85' lang='lat' dir='ltr'>erat</span> <span class='ocrx_word' id='word_1_292' title='bbox 1269 1340 1444 1373; x_wconf 84' lang='lat' dir='ltr'>admodum</span> <span class='ocrx_word' id='word_1_293' title='bbox 1463 1338 1588 1382; x_wconf 85' lang='lat' dir='ltr'>lucida,</span> <span class='ocrx_word' id='word_1_294' title='bbox 1616 1351 1686 1375; x_wconf 89' lang='lat' dir='ltr'>cum</span> <span class='ocrx_word' id='word_1_295' title='bbox 1708 1353 1792 1389; x_wconf 87' lang='lat' dir='ltr'>prae-</span> 
     </span>
     <span class='ocr_line' id='line_1_27' title="bbox 405 1386 1789 1436; baseline 0 -13"><span class='ocrx_word' id='word_1_296' title='bbox 405 1389 511 1436; x_wconf 71' lang='lat' dir='ltr'>¹longa</span> <span class='ocrx_word' id='word_1_297' title='bbox 520 1389 636 1425; x_wconf 86' lang='lat' dir='ltr'>cauda:</span> <span class='ocrx_word' id='word_1_298' title='bbox 652 1387 705 1423; x_wconf 88' lang='lat' dir='ltr'>sed</span> <span class='ocrx_word' id='word_1_299' title='bbox 715 1387 824 1424; x_wconf 72' lang='lat' dir='ltr'>sensim</span> <span class='ocrx_word' id='word_1_300' title='bbox 835 1390 1007 1422; x_wconf 85' lang='lat' dir='ltr'>imminuta</span> <span class='ocrx_word' id='word_1_301' title='bbox 1019 1388 1075 1430; x_wconf 88' lang='lat' dir='ltr'>est,</span> <span class='ocrx_word' id='word_1_302' title='bbox 1091 1388 1167 1422; x_wconf 88' lang='lat' dir='ltr'>dum</span> <span class='ocrx_word' id='word_1_303' title='bbox 1181 1386 1325 1435; x_wconf 77' lang='lat' dir='ltr'>opposita</span> <span class='ocrx_word' id='word_1_304' title='bbox 1335 1386 1438 1422; x_wconf 87' lang='lat' dir='ltr'>versus</span> <span class='ocrx_word' id='word_1_305' title='bbox 1451 1387 1669 1423; x_wconf 88' lang='lat' dir='ltr'>Occidentem</span> <span class='ocrx_word' id='word_1_306' title='bbox 1681 1387 1789 1425; x_wconf 86' lang='lat' dir='ltr'>senfim</span> 
     </span>
     <span class='ocr_line' id='line_1_28' title="bbox 404 1436 1788 1485; baseline -0.002 -13"><span class='ocrx_word' id='word_1_307' title='bbox 404 1445 584 1485; x_wconf 72' lang='lat' dir='ltr'>&#39;augeretur</span> <span class='ocrx_word' id='word_1_308' title='bbox 596 1466 605 1480; x_wconf 82' lang='lat'><strong>,</strong></span> <span class='ocrx_word' id='word_1_309' title='bbox 620 1443 656 1474; x_wconf 90' lang='lat'>&amp;</span> <span class='ocrx_word' id='word_1_310' title='bbox 666 1448 800 1484; x_wconf 89' lang='lat' dir='ltr'>utraque</span> <span class='ocrx_word' id='word_1_311' title='bbox 810 1437 942 1472; x_wconf 89' lang='lat' dir='ltr'>tandem</span> <span class='ocrx_word' id='word_1_312' title='bbox 950 1436 1077 1484; x_wconf 88' lang='lat' dir='ltr'>aequalis</span> <span class='ocrx_word' id='word_1_313' title='bbox 1091 1447 1175 1485; x_wconf 86' lang='lat' dir='ltr'>pene</span> <span class='ocrx_word' id='word_1_314' title='bbox 1183 1437 1410 1485; x_wconf 85' lang='lat' dir='ltr'>magnitudinis</span> <span class='ocrx_word' id='word_1_315' title='bbox 1421 1437 1578 1484; x_wconf 84' lang='lat' dir='ltr'>apparuit.</span> <span class='ocrx_word' id='word_1_316' title='bbox 1601 1437 1649 1471; x_wconf 86' lang='lat' dir='ltr'>Ac</span> <span class='ocrx_word' id='word_1_317' title='bbox 1657 1438 1696 1472; x_wconf 92' lang='lat' dir='ltr'>de</span> <span class='ocrx_word' id='word_1_318' title='bbox 1710 1440 1788 1472; x_wconf 82' lang='lat' dir='ltr'>Me.</span> 
     </span>
     <span class='ocr_line' id='line_1_29' title="bbox 417 1486 686 1522; baseline 0.007 -2"><span class='ocrx_word' id='word_1_319' title='bbox 417 1488 511 1521; x_wconf 86' lang='lat' dir='ltr'>teoris</span> <span class='ocrx_word' id='word_1_320' title='bbox 523 1486 686 1522; x_wconf 67' lang='lat' dir='ltr'>haetenus.</span> 
     </span>
    </p>
   </div>
   <div class='ocr_carea' id='block_1_2' title="bbox 765 1621 1463 1775">
    <p class='ocr_par' dir='ltr' id='par_1_5' title="bbox 765 1621 1463 1775">
     <span class='ocr_line' id='line_1_30' title="bbox 772 1621 1463 1664; baseline 0 -1"><span class='ocrx_word' id='word_1_321' title='bbox 772 1622 874 1664; x_wconf 69' lang='grc' dir='ltr'>ΤΚ</span> <span class='ocrx_word' id='word_1_322' title='bbox 907 1621 1306 1663; x_wconf 88' lang='lat' dir='ltr'>ACTATUS</span> <span class='ocrx_word' id='word_1_323' title='bbox 1365 1623 1463 1663; x_wconf 85' lang='lat'>111.</span> 
     </span>
     <span class='ocr_line' id='line_1_31' title="bbox 765 1725 1437 1775; baseline 0 -17"><span class='ocrx_word' id='word_1_324' title='bbox 765 1725 819 1759; x_wconf 70' lang='lat' dir='ltr'>De</span> <span class='ocrx_word' id='word_1_325' title='bbox 835 1727 947 1761; x_wconf 66' lang='lat' dir='ltr'>mixtis</span> <span class='ocrx_word' id='word_1_326' title='bbox 960 1725 1194 1775; x_wconf 64' lang='lat' dir='ltr'>perfeetist</span> <span class='ocrx_word' id='word_1_327' title='bbox 1217 1726 1256 1759; x_wconf 71' lang='lat' dir='ltr'>de</span> <span class='ocrx_word' id='word_1_328' title='bbox 1271 1725 1437 1770; x_wconf 63' lang='lat' dir='ltr'>fossilibus.</span> 
     </span>
    </p>
   </div>
   <div class='ocr_carea' id='block_1_3' title="bbox 404 1820 1833 2404">
    <p class='ocr_par' dir='ltr' id='par_1_6' title="bbox 404 1820 1787 2162">
     <span class='ocr_line' id='line_1_32' title="bbox 416 1820 1783 1908; baseline -0.001 -49"><span class='ocrx_word' id='word_1_329' title='bbox 416 1828 478 1908; x_wconf 72' lang='lat' dir='ltr'><strong>E</strong></span> <span class='ocrx_word' id='word_1_330' title='bbox 488 1824 646 1872; x_wconf 86' lang='lat' dir='ltr'>Xplicatis</span> <span class='ocrx_word' id='word_1_331' title='bbox 657 1820 950 1869; x_wconf 74' lang='lat' dir='ltr'>imperfeffioribus</span> <span class='ocrx_word' id='word_1_332' title='bbox 962 1823 1241 1868; x_wconf 77' lang='lat' dir='ltr'>mixtis‚reliquum</span> <span class='ocrx_word' id='word_1_333' title='bbox 1253 1823 1298 1857; x_wconf 88' lang='lat' dir='ltr'>est</span> <span class='ocrx_word' id='word_1_334' title='bbox 1309 1834 1343 1857; x_wconf 88' lang='lat' dir='ltr'>ut</span> <span class='ocrx_word' id='word_1_335' title='bbox 1356 1824 1396 1858; x_wconf 89' lang='lat' dir='ltr'>de</span> <span class='ocrx_word' id='word_1_336' title='bbox 1409 1822 1652 1871; x_wconf 71' lang='lat' dir='ltr'>perfeCiioribus</span> <span class='ocrx_word' id='word_1_337' title='bbox 1662 1835 1729 1870; x_wconf 81' lang='lat' dir='ltr'>quae</span> <span class='ocrx_word' id='word_1_338' title='bbox 1747 1828 1783 1860; x_wconf 83' lang='lat'>&amp;</span> 
     </span>
     <span class='ocr_line' id='line_1_33' title="bbox 490 1870 1785 1920; baseline 0.002 -15"><span class='ocrx_word' id='word_1_339' title='bbox 490 1871 602 1908; x_wconf 81' lang='lat' dir='ltr'>foffilia</span> <span class='ocrx_word' id='word_1_340' title='bbox 616 1882 690 1914; x_wconf 87' lang='lat' dir='ltr'>‚aut</span> <span class='ocrx_word' id='word_1_341' title='bbox 710 1871 874 1904; x_wconf 81' lang='lat' dir='ltr'>mineralia</span> <span class='ocrx_word' id='word_1_342' title='bbox 893 1870 1060 1913; x_wconf 85' lang='lat' dir='ltr'>dicuntur,</span> <span class='ocrx_word' id='word_1_343' title='bbox 1089 1872 1220 1906; x_wconf 72' lang='lat' dir='ltr'>strictim</span> <span class='ocrx_word' id='word_1_344' title='bbox 1240 1871 1448 1918; x_wconf 86' lang='lat' dir='ltr'>breviterque</span> <span class='ocrx_word' id='word_1_345' title='bbox 1476 1884 1616 1920; x_wconf 81' lang='lat' dir='ltr'>agamus.</span> <span class='ocrx_word' id='word_1_346' title='bbox 1642 1874 1729 1907; x_wconf 72' lang='lat' dir='ltr'>Nam</span> <span class='ocrx_word' id='word_1_347' title='bbox 1752 1875 1785 1907; x_wconf 88' lang='lat' dir='ltr'>in</span> 
     </span>
     <span class='ocr_line' id='line_1_34' title="bbox 406 1917 1787 1968; baseline -0.001 -12"><span class='ocrx_word' id='word_1_348' title='bbox 406 1919 545 1968; x_wconf 66' lang='lat' dir='ltr'>‘Physica</span> <span class='ocrx_word' id='word_1_349' title='bbox 562 1919 706 1965; x_wconf 72' lang='lat' dir='ltr'>generali</span> <span class='ocrx_word' id='word_1_350' title='bbox 719 1921 786 1952; x_wconf 90' lang='lat' dir='ltr'>imo</span> <span class='ocrx_word' id='word_1_351' title='bbox 803 1917 964 1964; x_wconf 88' lang='lat' dir='ltr'>&amp;ubique</span> <span class='ocrx_word' id='word_1_352' title='bbox 976 1917 1168 1967; x_wconf 82' lang='lat' dir='ltr'>paffim‚quae</span> <span class='ocrx_word' id='word_1_353' title='bbox 1182 1920 1220 1953; x_wconf 86' lang='lat' dir='ltr'>ad</span> <span class='ocrx_word' id='word_1_354' title='bbox 1239 1932 1383 1954; x_wconf 79' lang='lat' dir='ltr'>naturam</span> <span class='ocrx_word' id='word_1_355' title='bbox 1395 1949 1404 1963; x_wconf 89' lang='lat'>‚</span> <span class='ocrx_word' id='word_1_356' title='bbox 1418 1923 1610 1955; x_wconf 84' lang='lat' dir='ltr'>mixtionem</span> <span class='ocrx_word' id='word_1_357' title='bbox 1621 1947 1631 1962; x_wconf 89' lang='lat'><strong>,</strong></span> <span class='ocrx_word' id='word_1_358' title='bbox 1654 1919 1787 1954; x_wconf 81' lang='lat' dir='ltr'>firmita-</span> 
     </span>
     <span class='ocr_line' id='line_1_35' title="bbox 404 1966 1787 2017; baseline -0.002 -15"><span class='ocrx_word' id='word_1_359' title='bbox 404 1981 484 2003; x_wconf 66' lang='lat' dir='ltr'>=tern</span> <span class='ocrx_word' id='word_1_360' title='bbox 499 1968 617 2004; x_wconf 82' lang='lat' dir='ltr'>&amp;alias</span> <span class='ocrx_word' id='word_1_361' title='bbox 639 1966 826 2002; x_wconf 64' lang='lat' dir='ltr'>affectiones</span> <span class='ocrx_word' id='word_1_362' title='bbox 843 1967 1046 2002; x_wconf 85' lang='lat' dir='ltr'>mineralium</span> <span class='ocrx_word' id='word_1_363' title='bbox 1059 1969 1240 2015; x_wconf 81' lang='lat' dir='ltr'>pertinent,</span> <span class='ocrx_word' id='word_1_364' title='bbox 1257 1972 1323 2016; x_wconf 80' lang='lat' dir='ltr'>jam</span> <span class='ocrx_word' id='word_1_365' title='bbox 1341 1980 1457 2017; x_wconf 79' lang='lat' dir='ltr'>magna</span> <span class='ocrx_word' id='word_1_366' title='bbox 1470 1980 1508 2003; x_wconf 86' lang='lat' dir='ltr'>ex</span> <span class='ocrx_word' id='word_1_367' title='bbox 1530 1979 1623 2016; x_wconf 84' lang='lat' dir='ltr'>parte</span> <span class='ocrx_word' id='word_1_368' title='bbox 1642 1968 1787 2015; x_wconf 75' lang='lat' dir='ltr'>exposui-</span> 
     </span>
     <span class='ocr_line' id='line_1_36' title="bbox 415 2015 1783 2066; baseline -0.001 -14"><span class='ocrx_word' id='word_1_369' title='bbox 415 2029 493 2052; x_wconf 79' lang='lat' dir='ltr'>mus,</span> <span class='ocrx_word' id='word_1_370' title='bbox 509 2017 594 2062; x_wconf 82' lang='lat' dir='ltr'>Qoe</span> <span class='ocrx_word' id='word_1_371' title='bbox 604 2026 711 2050; x_wconf 86' lang='lat' dir='ltr'>antem</span> <span class='ocrx_word' id='word_1_372' title='bbox 724 2015 763 2048; x_wconf 86' lang='lat' dir='ltr'>ad</span> <span class='ocrx_word' id='word_1_373' title='bbox 781 2026 892 2049; x_wconf 87' lang='lat' dir='ltr'>eorum</span> <span class='ocrx_word' id='word_1_374' title='bbox 906 2015 1057 2064; x_wconf 81' lang='lat' dir='ltr'>analyfim</span> <span class='ocrx_word' id='word_1_375' title='bbox 1071 2045 1080 2059; x_wconf 83' lang='lat'>‚</span> <span class='ocrx_word' id='word_1_376' title='bbox 1096 2028 1149 2050; x_wconf 88' lang='lat' dir='ltr'>aut</span> <span class='ocrx_word' id='word_1_377' title='bbox 1165 2019 1268 2051; x_wconf 84' lang='lat' dir='ltr'>varios</span> <span class='ocrx_word' id='word_1_378' title='bbox 1283 2015 1351 2051; x_wconf 84' lang='lat' dir='ltr'>usus</span> <span class='ocrx_word' id='word_1_379' title='bbox 1369 2016 1511 2066; x_wconf 65' lang='lat' dir='ltr'>spestant</span> <span class='ocrx_word' id='word_1_380' title='bbox 1526 2044 1535 2057; x_wconf 90' lang='lat'>,</span> <span class='ocrx_word' id='word_1_381' title='bbox 1556 2016 1721 2063; x_wconf 85' lang='lat' dir='ltr'>bemicis</span> <span class='ocrx_word' id='word_1_382' title='bbox 1746 2022 1783 2053; x_wconf 74' lang='grc' dir='ltr'>δε</span> 
     </span>
     <span class='ocr_line' id='line_1_37' title="bbox 415 2063 1784 2112; baseline -0.002 -11"><span class='ocrx_word' id='word_1_383' title='bbox 415 2066 553 2101; x_wconf 87' lang='lat' dir='ltr'>Medicis</span> <span class='ocrx_word' id='word_1_384' title='bbox 563 2063 768 2110; x_wconf 84' lang='lat' dir='ltr'>relinquimus</span> <span class='ocrx_word' id='word_1_385' title='bbox 780 2092 789 2105; x_wconf 90' lang='lat'><strong>,</strong></span> <span class='ocrx_word' id='word_1_386' title='bbox 798 2075 835 2096; x_wconf 84' lang='lat' dir='ltr'>ea</span> <span class='ocrx_word' id='word_1_387' title='bbox 853 2065 1075 2099; x_wconf 84' lang='lat' dir='ltr'>tantummodo</span> <span class='ocrx_word' id='word_1_388' title='bbox 1085 2076 1154 2112; x_wconf 85' lang='lat' dir='ltr'>quae</span> <span class='ocrx_word' id='word_1_389' title='bbox 1175 2065 1342 2100; x_wconf 69' lang='lat' dir='ltr'>intelleeku</span> <span class='ocrx_word' id='word_1_390' title='bbox 1357 2078 1422 2100; x_wconf 89' lang='lat' dir='ltr'>non</span> <span class='ocrx_word' id='word_1_391' title='bbox 1435 2065 1504 2101; x_wconf 89' lang='lat' dir='ltr'>sunt</span> <span class='ocrx_word' id='word_1_392' title='bbox 1514 2064 1654 2100; x_wconf 69' lang='lat' dir='ltr'>difficilia</span> <span class='ocrx_word' id='word_1_393' title='bbox 1667 2093 1678 2108; x_wconf 84' lang='lat'>,</span> <span class='ocrx_word' id='word_1_394' title='bbox 1695 2077 1784 2112; x_wconf 84' lang='lat' dir='ltr'>quae-</span> 
     </span>
     <span class='ocr_line' id='line_1_38' title="bbox 404 2110 1383 2162; baseline -0.003 -14"><span class='ocrx_word' id='word_1_395' title='bbox 404 2127 480 2162; x_wconf 62' lang='lat' dir='ltr'>vque</span> <span class='ocrx_word' id='word_1_396' title='bbox 492 2112 686 2160; x_wconf 78' lang='lat' dir='ltr'>Philosopho</span> <span class='ocrx_word' id='word_1_397' title='bbox 698 2110 860 2159; x_wconf 61' lang='lat' dir='ltr'>perspeika</span> <span class='ocrx_word' id='word_1_398' title='bbox 872 2110 930 2146; x_wconf 79' lang='lat' dir='ltr'>effe</span> <span class='ocrx_word' id='word_1_399' title='bbox 943 2112 1064 2147; x_wconf 87' lang='lat' dir='ltr'>debent</span> <span class='ocrx_word' id='word_1_400' title='bbox 1076 2142 1085 2156; x_wconf 89' lang='lat'>‚</span> <span class='ocrx_word' id='word_1_401' title='bbox 1096 2112 1215 2148; x_wconf 72' lang='lat' dir='ltr'>afferre</span> <span class='ocrx_word' id='word_1_402' title='bbox 1229 2115 1383 2149; x_wconf 85' lang='lat' dir='ltr'>contenti.</span> 
     </span>
    </p>

    <p class='ocr_par' dir='ltr' id='par_1_7' title="bbox 414 2160 1833 2404">
     <span class='ocr_line' id='line_1_39' title="bbox 448 2160 1783 2210; baseline -0.001 -13"><span class='ocrx_word' id='word_1_403' title='bbox 448 2160 568 2197; x_wconf 84' lang='lat' dir='ltr'>Foffilia</span> <span class='ocrx_word' id='word_1_404' title='bbox 584 2189 593 2203; x_wconf 94' lang='lat'><em>‚</em></span> <span class='ocrx_word' id='word_1_405' title='bbox 624 2173 759 2208; x_wconf 89' lang='lat' dir='ltr'>quorum</span> <span class='ocrx_word' id='word_1_406' title='bbox 777 2171 923 2203; x_wconf 86' lang='lat' dir='ltr'>naturas,</span> <span class='ocrx_word' id='word_1_407' title='bbox 944 2166 978 2197; x_wconf 66' lang='grc' dir='ltr'>ὃ(</span> <span class='ocrx_word' id='word_1_408' title='bbox 995 2161 1099 2195; x_wconf 81' lang='lat' dir='ltr'>causas</span> <span class='ocrx_word' id='word_1_409' title='bbox 1117 2164 1308 2208; x_wconf 86' lang='lat' dir='ltr'>inquirimus</span> <span class='ocrx_word' id='word_1_410' title='bbox 1319 2191 1328 2203; x_wconf 88' lang='lat'>‚</span> <span class='ocrx_word' id='word_1_411' title='bbox 1346 2165 1380 2196; x_wconf 89' lang='lat' dir='ltr'>in</span> <span class='ocrx_word' id='word_1_412' title='bbox 1397 2165 1456 2196; x_wconf 84' lang='lat' dir='ltr'>tria</span> <span class='ocrx_word' id='word_1_413' title='bbox 1467 2174 1585 2210; x_wconf 83' lang='lat' dir='ltr'>genera</span> <span class='ocrx_word' id='word_1_414' title='bbox 1599 2161 1783 2196; x_wconf 75' lang='lat' dir='ltr'>brevissime</span> 
     </span>
     <span class='ocr_line' id='line_1_40' title="bbox 414 2208 1833 2258; baseline -0.001 -12"><span class='ocrx_word' id='word_1_415' title='bbox 414 2210 515 2246; x_wconf 89' lang='lat' dir='ltr'>dividi</span> <span class='ocrx_word' id='word_1_416' title='bbox 531 2208 667 2257; x_wconf 76' lang='lat' dir='ltr'>possunt.</span> <span class='ocrx_word' id='word_1_417' title='bbox 688 2211 828 2245; x_wconf 87' lang='lat' dir='ltr'>Primum</span> <span class='ocrx_word' id='word_1_418' title='bbox 846 2220 942 2242; x_wconf 82' lang='lat' dir='ltr'>terras</span> <span class='ocrx_word' id='word_1_419' title='bbox 956 2209 1036 2256; x_wconf 85' lang='lat' dir='ltr'>ipsas</span> <span class='ocrx_word' id='word_1_420' title='bbox 1050 2212 1194 2245; x_wconf 88' lang='lat' dir='ltr'>continet</span> <span class='ocrx_word' id='word_1_421' title='bbox 1204 2239 1212 2253; x_wconf 88' lang='lat'>‚</span> <span class='ocrx_word' id='word_1_422' title='bbox 1224 2209 1286 2245; x_wconf 84' lang='lat' dir='ltr'>five</span> <span class='ocrx_word' id='word_1_423' title='bbox 1297 2209 1354 2245; x_wconf 85' lang='lat' dir='ltr'>sint</span> <span class='ocrx_word' id='word_1_424' title='bbox 1365 2222 1550 2244; x_wconf 85' lang='lat' dir='ltr'>communes</span> <span class='ocrx_word' id='word_1_425' title='bbox 1563 2238 1572 2251; x_wconf 82' lang='lat'>‚</span> <span class='ocrx_word' id='word_1_426' title='bbox 1585 2209 1648 2244; x_wconf 80' lang='lat' dir='ltr'>five</span> <span class='ocrx_word' id='word_1_427' title='bbox 1667 2212 1698 2244; x_wconf 89' lang='lat' dir='ltr'>in</span> <span class='ocrx_word' id='word_1_428' title='bbox 1708 2222 1781 2258; x_wconf 82' lang='lat' dir='ltr'>pre-</span> <span class='ocrx_word' id='word_1_429' title='bbox 1831 2236 1833 2238; x_wconf 82' lang='lat'><em>-</em></span> 
     </span>
     <span class='ocr_line' id='line_1_41' title="bbox 415 2255 1780 2307; baseline -0.002 -13"><span class='ocrx_word' id='word_1_430' title='bbox 415 2263 462 2294; x_wconf 88' lang='lat' dir='ltr'>tio</span> <span class='ocrx_word' id='word_1_431' title='bbox 482 2255 667 2292; x_wconf 81' lang='lat' dir='ltr'>habeantur.</span> <span class='ocrx_word' id='word_1_432' title='bbox 685 2258 863 2292; x_wconf 87' lang='lat' dir='ltr'>Secundum</span> <span class='ocrx_word' id='word_1_433' title='bbox 873 2257 918 2290; x_wconf 84' lang='lat' dir='ltr'>est</span> <span class='ocrx_word' id='word_1_434' title='bbox 936 2257 1096 2292; x_wconf 88' lang='lat' dir='ltr'>succorum</span> <span class='ocrx_word' id='word_1_435' title='bbox 1108 2287 1117 2301; x_wconf 94' lang='lat'>,</span> <span class='ocrx_word' id='word_1_436' title='bbox 1137 2263 1192 2305; x_wconf 87' lang='lat' dir='ltr'>qui</span> <span class='ocrx_word' id='word_1_437' title='bbox 1212 2259 1265 2293; x_wconf 86' lang='lat' dir='ltr'>vel</span> <span class='ocrx_word' id='word_1_438' title='bbox 1278 2261 1409 2307; x_wconf 84' lang='lat' dir='ltr'>pingues</span> <span class='ocrx_word' id='word_1_439' title='bbox 1432 2258 1500 2292; x_wconf 85' lang='lat' dir='ltr'>sunt</span> <span class='ocrx_word' id='word_1_440' title='bbox 1518 2264 1550 2294; x_wconf 89' lang='lat'>&amp;</span> <span class='ocrx_word' id='word_1_441' title='bbox 1564 2257 1780 2294; x_wconf 80' lang='lat' dir='ltr'>inflammabi-</span> 
     </span>
     <span class='ocr_line' id='line_1_42' title="bbox 417 2304 1780 2352; baseline -0.001 -11"><span class='ocrx_word' id='word_1_442' title='bbox 417 2308 462 2342; x_wconf 85' lang='lat' dir='ltr'>les</span> <span class='ocrx_word' id='word_1_443' title='bbox 475 2336 484 2350; x_wconf 88' lang='lat'>,</span> <span class='ocrx_word' id='word_1_444' title='bbox 505 2318 539 2341; x_wconf 90' lang='lat' dir='ltr'>ut</span> <span class='ocrx_word' id='word_1_445' title='bbox 552 2306 667 2349; x_wconf 83' lang='lat' dir='ltr'>sulfur,</span> <span class='ocrx_word' id='word_1_446' title='bbox 683 2312 716 2343; x_wconf 74' lang='grc' dir='ltr'>δε</span> <span class='ocrx_word' id='word_1_447' title='bbox 734 2304 897 2341; x_wconf 82' lang='lat' dir='ltr'>bitumen:</span> <span class='ocrx_word' id='word_1_448' title='bbox 918 2307 967 2340; x_wconf 86' lang='lat' dir='ltr'>vel</span> <span class='ocrx_word' id='word_1_449' title='bbox 990 2309 1108 2349; x_wconf 85' lang='lat' dir='ltr'>macri,</span> <span class='ocrx_word' id='word_1_450' title='bbox 1127 2319 1162 2341; x_wconf 91' lang='lat' dir='ltr'>ut</span> <span class='ocrx_word' id='word_1_451' title='bbox 1175 2307 1260 2341; x_wconf 71' lang='lat' dir='ltr'>sales.</span> <span class='ocrx_word' id='word_1_452' title='bbox 1282 2309 1430 2342; x_wconf 86' lang='lat' dir='ltr'>Tertium</span> <span class='ocrx_word' id='word_1_453' title='bbox 1455 2307 1595 2352; x_wconf 85' lang='lat' dir='ltr'>denique</span> <span class='ocrx_word' id='word_1_454' title='bbox 1615 2306 1780 2341; x_wconf 74' lang='lat' dir='ltr'>mineralia</span> 
     </span>
     <span class='ocr_line' id='line_1_43' title="bbox 418 2353 1782 2404; baseline 0 -16"><span class='ocrx_word' id='word_1_455' title='bbox 418 2357 545 2403; x_wconf 85' lang='lat' dir='ltr'>proprie</span> <span class='ocrx_word' id='word_1_456' title='bbox 562 2355 645 2391; x_wconf 70' lang='lat' dir='ltr'>dieta</span> <span class='ocrx_word' id='word_1_457' title='bbox 657 2353 880 2404; x_wconf 72' lang='lat' dir='ltr'>compleffitur</span> <span class='ocrx_word' id='word_1_458' title='bbox 891 2369 898 2390; x_wconf 73' lang='grc' dir='ltr'>ε</span> <span class='ocrx_word' id='word_1_459' title='bbox 911 2367 980 2402; x_wconf 84' lang='lat' dir='ltr'>quae</span> <span class='ocrx_word' id='word_1_460' title='bbox 1001 2357 1117 2390; x_wconf 87' lang='lat' dir='ltr'>iterum</span> <span class='ocrx_word' id='word_1_461' title='bbox 1127 2357 1160 2391; x_wconf 88' lang='lat' dir='ltr'>in</span> <span class='ocrx_word' id='word_1_462' title='bbox 1171 2358 1228 2390; x_wconf 77' lang='lat' dir='ltr'>tria</span> <span class='ocrx_word' id='word_1_463' title='bbox 1240 2367 1358 2404; x_wconf 81' lang='lat' dir='ltr'>genera</span> <span class='ocrx_word' id='word_1_464' title='bbox 1369 2355 1569 2398; x_wconf 83' lang='lat' dir='ltr'>diducuntur,</span> <span class='ocrx_word' id='word_1_465' title='bbox 1595 2358 1627 2390; x_wconf 92' lang='lat' dir='ltr'>in</span> <span class='ocrx_word' id='word_1_466' title='bbox 1647 2355 1782 2402; x_wconf 76' lang='lat' dir='ltr'>lapides,</span> 
     </span>
    </p>
   </div>
   <div class='ocr_carea' id='block_1_4' title="bbox 1836 0 1878 2307">
    <p class='ocr_par' dir='ltr' id='par_1_8' title="bbox 1836 0 1878 2307">
     <span class='ocr_line' id='line_1_44' title="bbox 1836 0 1878 2307; baseline 0 0"><span class='ocrx_word' id='word_1_467' title='bbox 1836 0 1878 2307; x_wconf 95' lang='lat' dir='ltr'> </span> 
     </span>
    </p>
   </div>
  </div>
 </body>
</html>
