1878 2724
627 172 784 209 PARS
824 173 1066 211 TERTIA.
1493 188 1533 219 70

141 223 185 261 Ea
196 222 332 271 quidem
351 221 423 258 vasa
435 252 445 267 ‚
468 220 522 258 seu
532 222 669 257 tracheae
679 221 802 256 nullum
822 220 945 257 babent
960 234 1105 259 truncum
1124 234 1335 260 communem
1350 237 1358 260 :
1373 223 1423 259 sed
1439 225 1471 260 in
1488 190 1551 259 sin}

137 273 222 324 gulis
240 272 374 308 orificiis
387 273 499 307 decem
513 283 547 306 ut
557 270 736 320 plurimum
748 273 828 306 rami
841 271 1048 321 colliguntur,
1062 273 1148 308 unde
1162 275 1193 307 in
1204 285 1318 308 omnes
1330 273 1476 322 cujusque
1489 287 1548 309 an—

139 322 205 359 nuli
218 335 324 372 partes
337 351 346 365 ,
358 327 391 358 &⁷
404 319 536 357 recessus
552 350 562 365 ,
575 323 610 356 in
621 334 677 356 cor
688 349 698 365 ,
714 332 864 356 ventrem
876 326 909 358 &
924 320 1043 356 viscera
1053 324 1242 357 arteriarum
1253 335 1345 357 more
1358 322 1547 358 diffundun-

138 383 189 407 mr
200 400 210 416 ,
229 377 262 409 δι
274 373 378 406 varios
395 370 528 406 subinde
549 370 658 420 plexus
677 370 861 405 reticulares
872 399 882 415 ,
902 370 972 406 fere
985 383 1020 407 ut
1036 373 1070 407 in
1083 370 1238 408 arborum
1253 372 1341 407 foliis
1355 400 1365 416 ,
1393 377 1427 410 δε
1447 374 1545 407 maxi-

134 434 194 461 me
211 423 293 456 inter
307 433 414 456 cutem
427 425 460 457 &
475 420 632 455 musculos
649 430 829 468 pertexunt.

180 471 452 518 Unumquodque
465 469 627 506 orificium
639 472 673 504 in
687 472 813 516 majore
822 481 917 504 eruca
930 468 1045 505 melius
1064 469 1258 518 conspicitur
1271 500 1280 514 ,
1294 470 1392 519 idque
1403 471 1445 506 est
1455 470 1549 520 ellip-

140 522 210 555 ticae
228 519 352 568 figurae:
369 519 511 554 medium
527 520 644 555 scissura
661 519 810 566 quaedam
826 520 858 554 in
871 518 1004 568 longum
1013 520 1110 554 ducta
1124 520 1247 555 dividit
1259 549 1269 564 ‚
1295 521 1456 569 reliquum
1477 520 1547 568 spa-

143 571 226 604 tium
245 568 370 604 fibrillae
381 567 423 603 ab
443 568 574 604 ambitu
586 567 700 604 orificii
718 568 757 602 ad
775 566 912 603 fiisuram
926 569 1031 604 dustae
1051 568 1092 604 [ic
1115 569 1307 618 complent,
1333 582 1370 606 ut
1386 568 1544 619 processus

140 618 226 653 oculi
241 621 296 666 qui
312 618 435 653 ciliares
458 621 641 654 vocitantur
654 646 663 661 ‚
689 616 762 652 satis
776 628 852 666 apte
869 620 1051 667 exprimant
1072 636 1082 663 ;
1102 630 1163 654 nec
1177 618 1281 668 dispar
1297 621 1329 654 in
1348 631 1487 667 utroque
1503 619 1547 653 est

141 666 212 702 usus
227 681 234 702 :
252 678 328 703 nam
341 669 541 704 contradhm
553 666 640 702 fibrae
654 665 809 702 sciffurarn
824 667 1030 712 diducunt‚ut
1046 680 1101 703 aer
1122 666 1227 703 subire
1246 668 1352 717 poffit.
1373 671 1441 704 Res
1460 668 1546 702 adeo

140 717 238 764 digna
251 718 293 752 est
305 747 315 761 ,
332 730 403 766 quae
421 716 521 766 figura
534 716 712 766 designetur
724 728 759 751 ut
772 716 986 766 microscopio
997 719 1146 753 cernitur.
1162 719 1191 754 A
1209 720 1236 753 A
1255 748 1265 762 ‚
1278 720 1358 753 cutis
1376 718 1420 753 est
1437 729 1545 752 extre-

141 778 233 801 mum
245 796 253 810 ‚
265 769 390 816 nigrum
402 795 411 810 ,
426 772 459 803 &
473 767 619 803 nonnihil
635 764 810 811 reflexum3
827 765 927 802 fiffura
941 767 1048 802 media
1064 765 1238 811 B,fibrillas
1259 766 1301 802 ab
1317 766 1445 803 ambitu
1461 768 1548 802 cica-

139 818 265 851 catricis
275 816 386 852 ductas
399 817 440 850 ad
453 815 606 852 sciffumm
621 815 729 851 littera
747 816 778 851 C
793 817 956 865 exprimit.
969 816 1054 850 Vide
1065 814 1178 853 tabell.
1195 830 1204 851 ι
1231 832 1251 853 1.
1263 816 1324 867 fig,
1340 831 1356 852 2
1367 845 1376 853 .

176 867 219 900 Ea
233 863 353 900 sciffura
365 877 496 900 mortuo
509 867 664 901 duntaxat
679 864 823 908 animali,
838 864 895 900 ubi
911 864 1080 900 exsiccatio
1093 865 1280 914 praecell'erit
1290 895 1300 910 ,
1321 866 1423 902 oculis
1446 865 1545 915 subji-

140 915 233 950 citur.
246 913 400 949 Immerso
413 917 496 949 intra
509 927 629 962 aquam
647 913 814 962 bombyce
827 913 933 961 plures
945 917 1026 949 aeris
1039 913 1171 949 bullulae
1182 927 1354 964 erumpunt
1365 945 1373 958 ‚
1385 929 1451 951 non
1464 917 1545 950 item

141 974 216 997 cum
237 963 399 997 extinctus
415 963 468 998 est.
486 963 559 999 Ubi
574 962 686 1010 singuli
703 962 808 996 hiatus
823 962 980 1009 penicillo
1001 965 1058 1010 qui
1080 963 1156 998 oleo
1176 964 1218 998 est
1235 964 1383 999 inunstus
1395 994 1404 1008 ‚
1428 964 1545 999 leviter

141 1010 368 1060 asperguntur,
383 1011 490 1046 statim
508 1010 659 1059 bombyx
670 1022 724 1045 aut
735 1022 828 1045 eruca
842 1010 1040 1045 convellitur
1062 1028 1071 1054 ;
1095 1011 1115 1046 si
1134 1024 1204 1059 pars
1225 1014 1455 1048 tantummodo
1477 1025 1548 1048 cor-

140 1063 229 1108 poris
244 1060 320 1094 oleo
330 1060 428 1094 fuerit
445 1060 525 1094 illim
542 1088 553 1103 ,
581 1058 731 1106 bombyx
741 1059 797 1093 diu
812 1063 897 1105 jacet
911 1059 1107 1108 paralyticus
1121 1089 1130 1104 ‚
1149 1060 1200 1095 sed
1213 1062 1383 1109 interjecto
1398 1074 1547 1111 tempore

142 1107 178 1143 sae
203 1121 221 1142 e
234 1107 410 1144 reviviscit.
421 1109 536 1143 Cordis
548 1119 654 1143 motus
665 1110 698 1143 in
709 1107 852 1155 partibus
869 1107 980 1144 oblitis
995 1121 1078 1144 rarus
1093 1110 1271 1145 admodum
1292 1116 1327 1148 &
1352 1110 1470 1146 debilis
1492 1112 1545 1147 est.

143 1158 234 1193 Cum
246 1156 344 1192 illaefis
354 1157 485 1193 orificiis
496 1158 563 1192 aliae
572 1169 678 1206 partes
695 1157 772 1192 oleo
784 1156 915 1193 fuerunt
931 1158 1074 1207 aspersae,
1086 1158 1171 1194 nulla
1185 1158 1253 1196 sunt
1264 1159 1370 1196 secuta
1385 1160 1452 1195 dira
1466 1159 1547 1207 sym-

143 1218 300 1255 ptomata.
317 1205 458 1256 Adiposa
471 1205 898 1255 quaeque‚butyrum&mel
909 1210 1048 1242 maxime
1071 1207 1202 1244 orificiis
1233 1209 1312 1245 illita
1333 1222 1426 1258 aeque
1441 1209 1548 1245 letha.

143 1256 187 1292 lia
206 1257 347 1294 fuerunt.
363 1257 453 1291 ldem
462 1259 574 1291 evenit
589 1259 622 1292 in
635 1256 777 1299 locustis,
789 1256 915 1305 gryllis,
931 1262 963 1293 ὅ(
977 1257 1047 1291 aliis
1059 1257 1150 1306 hujus
1161 1261 1288 1307 generis
1304 1258 1440 1296 insedstis.
1455 1261 1546 1308 Q

144 1306 199 1340 diu
215 1305 270 1340 sub
285 1318 370 1354 aqua
384 1306 517 1342 fuerunt
531 1305 670 1355 depressa
683 1334 693 1349 ,
723 1311 757 1343 &
785 1306 889 1341 cordis
909 1318 1034 1342 motum
1049 1337 1058 1351 ‚
1079 1313 1112 1345 δι
1139 1308 1203 1343 alia
1218 1310 1292 1344 vitae
1321 1310 1432 1344 munia
1450 1308 1546 1345 obie-

146 1366 233 1392 tunt.

181 1405 248 1439 Cor
262 1417 319 1454 per
330 1402 411 1439 dorfi
429 1403 669 1454 longitudinem
692 1405 775 1440 inter
786 1403 881 1440 fibras
892 1403 1104 1440 musculorum
1115 1435 1125 1450 ,
1144 1410 1176 1443 &
1190 1404 1333 1440 tracheas
1350 1405 1547 1443 Collocatum

144 1452 281 1503 incapite
294 1454 333 1488 ad
351 1465 532 1489 extremum
546 1453 645 1502 usque
657 1456 799 1503 corporis
814 1456 998 1504 porrigitur.
1009 1455 1125 1490 Tubus
1140 1456 1183 1490 est
1200 1456 1486 1498 unicugiuterdum
1498 1456 1546 1491 la⁶

147 1505 211 1538 tior
222 1532 231 1546 ‚
247 1504 375 1538 interim
387 1504 545 1549 angustior
559 1532 568 1545 ‚
583 1503 811 1539 membraneus
822 1532 831 1546 ‚
849 1508 883 1540 &
897 1503 1088 1552 perspicuus.
1102 1508 1138 1540 In
1152 1505 1214 1540 hoc
1227 1505 1380 1540 accedere
1396 1519 1462 1541 non
1473 1505 1547 1554 pos-

147 1551 215 1586 sum
227 1555 308 1588 Viro
321 1551 443 1587 Clarils.
454 1554 510 1600 qui
523 1552 691 1600 suspicatur
707 1565 773 1587 non
783 1565 883 1587 unum
897 1581 906 1596 ‚
922 1552 973 1587 sed
987 1553 1155 1603 multiplex
1169 1554 1201 1588 id
1215 1552 1285 1589 effe.
1300 1557 1382 1605 Qae
1393 1557 1480 1589 enim
1495 1555 1546 1589 af.

146 1600 233 1646 fert,
252 1601 433 1637 nullatenus
447 1601 527 1636 mihi
539 1602 689 1637 videntur
704 1599 835 1636 efficere
855 1613 905 1636 tot
926 1600 986 1637 effe
1001 1602 1205 1652 corpuscula,
1219 1614 1301 1651 quot
1319 1604 1390 1639 sunt
1412 1604 1522 1640 annuli
1538 1622 1549 1650 ς

148 1663 222 1685 cum
237 1663 344 1686 motus
355 1650 458 1685 cordis
473 1649 515 1685 ab
531 1663 676 1687 extrema
685 1651 781 1688 velut
797 1651 897 1686 cauda
911 1653 1067 1701 incipiens
1087 1653 1125 1688 ad
1139 1664 1233 1702 caput
1256 1651 1354 1701 usque
1374 1656 1548 1689 continue-

149 1710 207 1734 tur.

185 1752 311 1783 Venter
324 1761 456 1797 quoque
479 1752 509 1784 in
516 1750 576 1784 star
589 1749 695 1784 cordis
708 1749 749 1784 ab
762 1763 820 1785 ore
832 1751 871 1786 ad
883 1763 1062 1787 extremum
1078 1749 1176 1799 usque
1192 1754 1333 1801 corporis
1349 1752 1552 1801 producitur,

150 1797 319 1832 substantia
330 1798 413 1833 illius
425 1799 467 1834 est
481 1797 725 1842 membranosa3
744 1802 876 1835 interior
891 1800 1080 1836 membrana
1094 1803 1267 1836 innumeris
1288 1803 1421 1837 tracheae
1443 1814 1549 1837 ramu-

149 1846 189 1882 lis
200 1849 366 1895 irrigatur3
385 1851 525 1883 exterior
539 1848 626 1884 fibris
645 1851 767 1884 carneis
783 1850 825 1884 est
836 1849 999 1906 conspersa
1013 1880 1023 1894 ,
1041 1863 1177 1898 quarum
1190 1849 1256 1885 aliae
1272 1850 1344 1886 sunt
1358 1852 1464 1894 κάκ,
1477 1851 1547 1886 aliae

149 1895 343 1933 transversae.
368 1898 595 1933 Intestinorum
609 1909 665 1932 aut
674 1898 828 1935 dustuum
838 1899 1031 1949 multiplices
1040 1901 1111 1949 gyri
1123 1911 1248 1948 partem
1259 1900 1401 1935 mediam
1412 1900 1550 1949 implent

149 1949 185 1982 δε
203 1944 361 1982 infimam.
394 1948 443 1982 Ac
459 1959 525 1982 tam
538 1947 679 1996 prolixus
693 1960 808 1984 venter
822 1949 927 1984 multo
944 1961 1020 1998 eget
1039 1949 1200 1984 alimento
1221 1963 1228 1984 :
1249 1950 1332 1984 adeo
1352 1962 1387 1985 ut
1402 1954 1548 1999 jejunum

150 2006 264 2042 corpus
275 2007 340 2029 non
352 1997 461 2030 vincat
471 1998 614 2044 pondere
624 1995 735 2032 cibum
753 2010 853 2045 quem
869 2011 936 2034 uno
953 2000 1006 2034 die
1025 1999 1196 2035 consumit.
1214 2001 1258 2034 Ex
1277 2011 1415 2048 utroque
1428 2001 1550 2035 ventris

151 2042 252 2078 latere
261 2043 327 2077 duo
339 2044 416 2078 vasa
427 2044 602 2080 formando
619 2044 716 2080 serico
729 2047 885 2081 destinata
899 2049 1119 2082 circumducta
1138 2047 1376 2094 conspiciuntur
1393 2077 1402 2091 ‚
1426 2061 1496 2095 quae
1516 2050 1550 2082 in

152 2090 251 2140 figura
263 2091 425 2127 delineata
439 2093 518 2128 fient
527 2096 699 2142 apertiora.
713 2095 898 2141 Utrumque
913 2108 967 2130 vas
979 2097 1005 2130 A
1020 2095 1062 2130 ab
1073 2098 1135 2130 oris
1149 2095 1295 2131 confinio
1308 2108 1456 2132 exortum
1471 2109 1548 2145 pau-

152 2140 244 2176 latim
260 2139 436 2177 deflectens
450 2145 481 2177 in
496 2145 530 2186 B,
541 2141 645 2177 versus
664 2145 816 2179 interiora
831 2147 973 2193 corporis
984 2145 1146 2180 delabitur
1158 2144 1256 2193 usque
1268 2145 1307 2179 ad
1324 2147 1466 2181 medium
1480 2157 1550 2180 cor-

152 2193 237 2238 poris
251 2219 261 2234 ,
275 2201 343 2226 tum
357 2190 533 2227 reflectitur
550 2194 583 2227 in
594 2192 624 2226 C
640 2197 673 2228 ὃ(
687 2190 800 2228 sursum
810 2193 949 2228 ascendit
969 2212 978 2239 ·,
996 2195 1128 2230 tandem
1153 2196 1185 2230 in
1201 2197 1305 2229 varios
1322 2207 1420 2244 gyros
1440 2200 1474 2232 ὃ(
1491 2207 1552 2229 ειη,

151 2239 273 2275 fractus
284 2244 316 2276 D
330 2242 413 2275 circa
428 2243 522 2289 primi
537 2243 659 2276 ventris
673 2240 771 2277 finem
787 2242 907 2278 definit.
927 2245 1039 2292 Hujus
1053 2256 1236 2279 extremum
1257 2245 1406 2279 intestino
1425 2246 1551 2279 anima.-

151 2288 248 2333 lium,
276 2290 366 2338 quod
375 2302 495 2325 caecum
512 2292 664 2326 vocitant
676 2320 684 2334 ‚
698 2304 764 2327 non
780 2291 926 2328 diffimile
939 2295 970 2328 in
980 2293 1224 2329 Econstituitur.
1251 2294 1381 2328 Initium
1398 2295 1418 2326 F
1432 2292 1550 2342 gracile

151 2338 195 2372 est
207 2367 216 2381 ‚
241 2350 312 2373 tum
337 2350 470 2388 augetur
486 2342 519 2375 in
548 2342 577 2374 G
589 2370 598 2384 ,
617 2340 794 2389 gracilescit
812 2343 844 2377 in
865 2344 891 2377 L
911 2371 920 2386 ‚
949 2347 984 2379 &
1020 2343 1126 2377 succus
1155 2352 1327 2377 contentus
1361 2342 1408 2377 his
1432 2340 1552 2376 tubulis

151 2386 341 2435 plerumque
352 2391 455 2423 vatius
468 2390 522 2424 est.
538 2390 632 2436 Aqua
645 2392 810 2426 communi
827 2390 959 2426 elixatus
972 2405 1037 2426 non
1051 2391 1184 2426 solvitur
1194 2420 1203 2433 ‚
1221 2404 1281 2426 nec
1295 2388 1461 2426 flammam
1473 2403 1554 2425 con-

151 2438 231 2484 cipit
244 2466 255 2482 ,
276 2436 327 2472 sed
351 2440 475 2487 gummi
499 2436 608 2475 similis
629 2438 686 2475 est.
720 2442 774 2476 De
793 2439 904 2489 spinali
923 2440 1066 2476 medulla
1087 2439 1227 2490 superius
1245 2441 1366 2477 dictum
1389 2439 1433 2476 est
1448 2469 1460 2485 ,
1480 2452 1555 2475 cum
