1878 2724
445 153 508 198 '472
742 138 1002 180 PHYSICAE
1041 138 1206 175 PARS
1240 138 1531 178 SECUNDA.

443 195 642 234 membranae
660 192 801 227 duriores
817 189 991 227 involvunt
1009 187 1182 238 spongiofis
1195 191 1370 226 interstitiis
1385 191 1537 226 distinctae
1549 219 1559 234 ,
1584 188 1604 226 ὲ
1616 190 1706 227 caule
1721 191 1773 227 ad*
1788 196 1836 229 n.

443 260 513 284 mos
528 275 538 290 ,
562 251 594 281 δε
608 245 627 279 ἐι
638 244 734 276 ramis
749 240 847 289 usque
860 240 901 275 ad
918 250 1065 275 extrema
1078 238 1243 276 flumenta
1253 251 1324 289 quae
1342 240 1487 289 implexa
1500 239 1556 275 suo
1573 239 1717 277 formant
1732 241 1846 287 folia.,;

441 303 657 331 contlnuatur.
1543 296 1546 306 ²
1839 293 1845 325 ζ

476 340 705 390 Qaniobrem
725 341 757 375 id
776 341 903 376 videtur
914 335 1087 389 probabile
1099 338 1269 374 humorem
1284 339 1452 374 nutritium
1463 337 1582 375 tubulis
1594 339 1751 375 contineri
1765 355 1774 383 3
1796 337 1840 374 li.

440 403 580 440 quorem
592 388 673 425 vero
686 392 740 437 qui
755 401 879 438 partem
897 389 962 438 spos
976 387 1098 437 giosam
1116 388 1221 437 replet
1235 415 1245 431 ‚
1260 400 1333 423 eum
1345 384 1406 423 effe
1423 389 1480 437 qui
1499 388 1538 423 ad
1560 388 1682 422 radices
1694 401 1722 423 re
1729 399 1843 434 meat,-

442 447 476 477 &
496 440 593 475 obice
602 453 696 489 oppo
721 452 758 475 to
771 449 806 474 ut
817 442 856 473 de
870 440 928 488 l-'ga
934 449 1003 473 rura
1012 439 1161 482 diximus,
1173 448 1332 475 tumorem
1345 436 1456 475 efficit.
1468 438 1504 472 Id
1513 436 1625 472 clarius
1635 448 1727 486 patet
1735 437 1843 473 .in.fo-‘

440 490 486 525 lio
504 490 590 524 aloes
603 487 982 524 adn-fodumcraffozhoc
994 489 1116 535 quippe
1131 485 1329 522 transversim
1352 485 1472 523 seetum
1490 498 1616 535 partem
1639 487 1782 522 mediam
1802 491 1844 524 &z
1876 531 1878 533 ι

440 539 571 574 crassssim
581 550 620 575 eir
636 534 995 587 substantiaspongiola
1006 535 1092 583 confi
1103 546 1180 572 itari]
1198 534 1332 571 exhibet
1345 563 1356 580 ,
1371 547 1469 584 quarn
1485 534 1621 572 infinitae
1633 534 1841 571 membratur·-⁴
1876 536 1878 554 ³

441 589 480 624 1ae
491 587 626 624 confuso
643 588 759 623 ordin—e
774 600 807 636 p<
818 588 949 631 rmi'stae,
963 582 1142 633 &insipido
1151 586 1285 621 humore
1296 585 1422 622 refertae
1434 597 1615 634 procreant,
1625 596 1761 632 quaeque
1769 584 1844 620 for-2

440 637 517 673 sitan
528 637 598 673 sunt
611 636 917 686 Malpighiijsacculi
929 665 938 680 ,
959 635 1012 683 vel
1023 635 1165 672 utriculi.
1183 636 1279 671 Hanc
1293 633 1502 671 substantiam
1518 646 1624 670 ‘raram
1640 636 1748 669 viridis
1762 646 1842 669 cor-¹

441 698 498 722 tex
513 689 594 735 regit
606 695 645 722 ex
663 689 756 722 restis
769 685 860 722 'fibris
877 683 1097 734 compositus«,
1114 687 1240 733 quique
1262 682 1388 719 succum
1403 683 1579 720 subflavum
1596 712 1606 728 ,
1625 688 1659 720 &
1683 681 1838 719 viscosum

440 741 476 774 &
498 749 645 780 amarum
656 738 842 779 continent.
860 737 958 770 secto
973 733 1059 770 infra
1075 744 1172 783 capnt
1187 744 1349 782 papavere
1363 762 1373 778 ,
1385 746 1459 769 cum
1477 732 1677 778 maturescit,
1706 734 1723 769 ὲ
1747 733 1843 768 caule.-

439 784 650 821 succusalbus
664 814 674 829 ,
693 793 732 820 ex
743 785 874 830 *eavetc'i
888 794 979 833 parte
995 793 1067 830 quae
1081 786 1181 833 capiti
1191 781 1235 817 est
1246 785 1410 831 proxima,
1435 782 1537 819 flavus
1558 784 1699 831 erumpit
1720 796 1729 817 :
1752 782 1835 817 adeo

439 846 474 870 ut
483 833 657 870 discolores
672 834 720 869 illi
733 833 814 870 succi
831 846 943 869 eorum
953 831 1170 869 diversitatem
1180 859 1192 877 ,
1205 842 1452 880 quaecunqueea
1462 831 1516 878 fit,
1527 836 1562 869 &
1578 833 1754 867 contrarios
1766 844 1842 867 ino-r

440 894 492 919 ms
506 883 603 933 plane
620 884 857 920 «demonstrent.
1694 897 1697 898 ⁷

473 934 513 968 In
530 935 648 967 veteris
659 941 793 980 quercus
808 934 930 967 cortice
944 938 1114 966 contextus
1126 928 1254 967 filorum
1264 959 1274 974 ‚
1292 931 1434 965 tadicum
1447 929 1604 978 capillitio
1622 942 1691 965 non
1703 926 1842 965 diffimiae

440 981 478 1017 lis
488 989 623 1031 'apparet
636 983 801 1018 :tenuiora
815 993 854 1016 ex
870 979 1071 1016 craffioribus
1085 1007 1095 1022 ,
1109 980 1291 1017 utvvenulae
1306 991 1346 1015 ex
1359 978 1536 1026 majoribus
1552 980 1648 1013 tarnis
1667 981 1813 1014 oriuntur
1824 995 1843 1022 3.

438 1029 582 1067 duriores
603 1030 698 1066 fibras
721 1030 792 1065 alioe
812 1029 996 1073 molliores,
1009 1037 1150 1076 quaeque
1165 1029 1371 1078 spongiosam
1396 1025 1836 1072 efficiunt-.substantiam,te-

438 1088 542 1128 guntt
559 1091 596 1113 ac
607 1075 782 1114 verisimile
800 1078 845 1113 est
860 1079 997 1114 eandem
1017 1076 1077 1112 esse
1093 1077 1277 1114 strudtutam
1289 1076 1442 1125 'cujusque
1458 1079 1586 1112 corticis
1604 1090 1612 1112 :
1626 1075 1679 1110 sed
1694 1088 1766 1111 curn
1777 1089 1836 1112 ve-

440 1129 555 1163 tustate
572 1126 664 1163 *fibrae
677 1128 889 1163 induruerunt
905 1155 915 1170 ,
933 1132 971 1164 ¹&
990 1138 1060 1175 pars
1073 1124 1239 1176 spongiosa
1257 1139 1341 1176 pene
1352 1137 1500 1173 corrupta
1516 1125 1582 1170 est,
1602 1124 1840 1162 discrimen-in-

439 1188 489 1212 ter
498 1176 710 1225 utrasquevest
726 1179 878 1226 apertius.
893 1179 1008 1224 ltaque
1020 1175 1099 1210 illud
1119 1186 1187 1212 non
1199 1174 1354 1212 abhorret
1366 1175 1386 1212 ὲ
1403 1187 1481 1211 vero
1493 1203 1505 1218 ,
1525 1174 1653 1211 succum
1667 1176 1840 1211 nutritium
1876 1211 1878 1214 ,

436 1236 496 1275 per
511 1225 787 1262 cta'ffiot'es‘flbras
802 1254 812 1268 ‚
824 1235 980 1274 tanquam
995 1236 1053 1273 per
1068 1228 1200 1261 arterias
1213 1225 1353 1274 propelli
1367 1224 1539 1273 :quodque
1555 1226 1572 1260 ὲ
1583 1223 1673 1259 succo
1681 1224 1836 1273 superest,

437 1288 497 1325 per
509 1274 710 1324 spongiosam
720 1284 844 1323 partem
862 1274 1027 1310 revehitur
1035 1302 1046 1318 ,
1057 1284 1126 1309 tum
1137 1284 1173 1309 ut
1183 1274 1342 1309 radicibus
1355 1273 1391 1310 fit
1399 1275 1611 1316 nutrimento,
1625 1284 1692 1308 turn
1701 1273 1788 1308 forte
1801 1285 1839 1309 ut

436 1323 556 1360 melitis
568 1333 776 1373 excoquatur.
788 1327 826 1360 Et
836 1325 969 1372 quidem
980 1334 1098 1372 negare
1108 1336 1174 1359 non
1196 1321 1357 1371 possumus
1370 1324 1449 1372 quin
1463 1322 1584 1357 radices
1598 1321 1742 1358 etrunco
1754 1334 1837 1371 pen·
1874 1353 1875 1356 ,

437 1374 555 1418 deant,
578 1386 613 1409 nt
625 1385 663 1410 ex
681 1385 722 1409 eo
739 1374 928 1409 alimentum
939 1384 1050 1421 perant
1062 1386 1070 1408 ε
1083 1384 1159 1408 nam
1173 1385 1246 1407 cum
1263 1372 1375 1408 refesti
1396 1373 1499 1407 trunci
1517 1383 1589 1420 pars
1607 1370 1699 1418 super
1714 1383 1836 1407 terram
1876 1395 1878 1398 -

436 1432 526 1459 extat
539 1451 548 1466 ‚
564 1425 675 1473 vigent
696 1423 817 1458 radices
829 1451 839 1466 ,
863 1427 896 1459 ὅ(
911 1420 1048 1456 surculi&
1062 1431 1173 1457 trunco
1183 1421 1348 1471 superstite
1360 1421 1564 1457 fruticantur.
1580 1421 1625 1456 At
1637 1419 1750 1458 fiintra
1769 1432 1835 1456 ter.>

435 1482 504 1506 ram
519 1478 647 1507 trundus
659 1469 804 1507 abscissus
827 1471 946 1515 fuerit,
963 1482 1034 1507 turn
1051 1481 1187 1518 pereunt
1205 1474 1348 1515 radices,
1365 1470 1440 1506 licet
1457 1469 1584 1506 succum
1605 1469 1624 1506 ὲ
1645 1481 1729 1504 terra
1742 1470 1832 1505 defu..

435 1521 649 1559 mant.Unde
659 1520 783 1556 radices
799 1521 997 1569 quandoque
1012 1517 1173 1555 ulmorum
1193 1533 1300 1556 muros
1315 1520 1503 1569 perforant3
1525 1531 1597 1566 quae
1613 1517 1634 1553 si
1651 1517 1836 1555 resecentur
1876 1558 1878 1571 Ι

434 1575 468 1607 δε
478 1570 498 1606 ἐι
513 1582 626 1606 trunco
638 1570 820 1618 separentur
829 1598 839 1614 ,
852 1570 958 1605 statim
969 1570 1179 1606 emoriuntur.
1190 1570 1276 1605 Cum
1291 1583 1354 1605 una
1365 1582 1404 1605 ex
1413 1567 1585 1618 majoribus
1598 1567 1831 1603 radicibusde-
1876 1581 1878 1588 ·

434 1621 573 1668 tegitur,
592 1631 662 1655 tum
680 1631 792 1654 cortex
804 1618 970 1655 indurescit
988 1647 998 1662 ‚
1021 1618 1111 1654 faceo
1127 1619 1263 1654 vulnere
1280 1618 1413 1654 surculus
1433 1617 1541 1654 insitus
1560 1616 1736 1663 adolescit3
1755 1618 1830 1653 huic
1875 1654 1878 1663 Ἢ

435 1669 609 1704 nutriendo
623 1681 688 1704 non
702 1667 806 1705 solum
817 1669 834 1704 ὲ
851 1669 957 1703 radice
965 1666 1072 1703 succus
1083 1696 1093 1712 ,
1107 1667 1158 1703 sed
1174 1670 1282 1717 pot-ius
1292 1671 1346 1717 qui
1359 1681 1398 1703 ex
1415 1678 1534 1704 trunco
1550 1665 1713 1702 delabitur
1729 1695 1741 1711 ,
1756 1667 1828 1702 ido-
1876 1677 1878 1710 ς

432 1726 510 1752 neus
533 1718 671 1753 videtur.

471 1765 552 1814 Qo
570 1778 680 1802 autem
691 1766 832 1803 diversos
843 1768 948 1804 succos
969 1779 1025 1816 per
1038 1766 1205 1803 distinctos
1230 1766 1361 1802 tubulos
1375 1766 1496 1802 traduci
1514 1766 1621 1816 palam
1642 1764 1735 1801 fieret
1747 1793 1758 1809 ‚
1775 1777 1827 1800 ra-

433 1815 539 1850 mulus
557 1815 635 1851 ulmi
647 1844 658 1859 ‚
676 1821 710 1853 &
728 1817 842 1854 enodis
853 1819 946 1853 trium
957 1817 1027 1852 fere
1039 1816 1215 1865 digitorum
1224 1815 1263 1851 sic
1272 1816 1407 1851 reseQus
1421 1816 1479 1859 est,
1489 1828 1523 1851 ut
1534 1818 1662 1862 utrique
1672 1816 1754 1863 parti
1765 1826 1827 1863 ap-

434 1866 494 1898 tari
512 1862 614 1912 posset
638 1877 774 1912 parvum
792 1865 1035 1901 infundibulum
1056 1877 1209 1901 cereum:
1229 1877 1311 1911 aqua
1328 1876 1385 1912 per
1410 1863 1652 1899 infundibulum
1672 1863 1825 1911 superiori

433 1915 516 1959 parti
526 1924 673 1960 :eptatum
689 1913 861 1949 transmissa
874 1913 1031 1949 surculum
1048 1915 1234 1961 penetravit
1245 1941 1254 1955 ‚
1269 1912 1322 1947 sed
1332 1913 1454 1961 spiritus
1467 1915 1532 1947 vini
1550 1924 1589 1947 ex
1600 1924 1635 1947 ea
1648 1923 1738 1961 parte
1751 1910 1827 1947 sub·

433 1963 480 1995 ite
493 1973 558 1996 non
576 1963 700 2008 potuit:
718 1973 830 1997 contra
842 1974 924 2009 aqua
941 1962 1034 1997 alteri
1051 1961 1262 1997 infundibulo
1282 1960 1428 2011 imposita
1447 1960 1603 1996 surculum
1616 1973 1685 1996 non
1708 1959 1824 1998 subiit:

433 2009 517 2045 hunc
531 2021 642 2045 autern
653 2009 790 2059 pervasit
802 2010 927 2059 spiritus
942 2013 1023 2047 vini.
1044 2013 1079 2046 In
1090 2010 1159 2045 aliis
1173 2010 1326 2046 arborum
1348 2010 1520 2060 generibus
1547 2011 1635 2045 idem
1652 2022 1736 2058 pene
1760 2009 1824 2046 fuit

434 2061 644 2108 experimenti
654 2063 761 2095 exitus
778 2075 787 2096 z
809 2073 848 2095 ex
862 2073 929 2108 quo
940 2062 971 2095 id
981 2059 1149 2095 conficitur
1160 2059 1317 2108 aquosum
1332 2060 1457 2096 succum
1473 2073 1512 2095 ex
1522 2071 1614 2109 patre
1633 2058 1755 2094 summa
1769 2060 1822 2094 de-

433 2105 584 2143 scendere
599 2138 608 2152 ‚
628 2107 751 2144 succum
765 2112 867 2157 magis
880 2109 1076 2159 spirituosum
1095 2109 1209 2144 sursum
1224 2109 1308 2147 ferri.
1331 2112 1439 2157 Atque
1452 2110 1526 2145 hinc
1536 2107 1692 2158 sapienter
1708 2108 1822 2144 admo-

433 2168 490 2192 net
506 2157 613 2192 fabros
634 2158 786 2206 lignarios
799 2162 841 2195 D.
856 2160 1006 2193 Perrault
1020 2188 1025 2197 .
1039 2171 1073 2195 ut
1088 2158 1193 2194 trabes
1205 2164 1238 2196 &
1249 2162 1338 2204 tigna
1348 2172 1417 2207 quse
1433 2158 1547 2194 sursum
1561 2161 1736 2207 eriguntur,
1751 2170 1819 2193 non

433 2208 466 2241 in
482 2219 521 2241 eo
532 2218 629 2253 quem
642 2207 662 2244 ὰ
677 2219 787 2242 namra
798 2207 941 2243 habuere
951 2237 961 2251 ,
976 2207 1027 2243 sed
1041 2211 1073 2245 in
1088 2211 1249 2246 contrario
1267 2207 1533 2245 situcollocentur
1548 2222 1557 2245 ι
1576 2206 1617 2244 fic
1633 2209 1721 2243 enim
1734 2218 1820 2256 aqua

432 2266 498 2291 non
509 2255 607 2292 facile
616 2256 696 2307 ligni
709 2269 831 2293 meatus
841 2255 969 2292 subibit.

1656 2451 1814 2491 CAPUT
