1878 2724
431 173 490 205 572
952 155 977 191 P
997 156 1031 191 H
1055 154 1085 192 Y
1108 157 1128 191 S
1144 157 1159 191 1
1176 153 1207 192 C
1225 159 1264 191 ΑΞ

426 208 468 242 sol
482 209 633 242 exoriens
651 206 815 240 horizonti
829 206 999 254 contiguus
1010 234 1020 250 ‚
1031 218 1068 240 ac
1078 204 1179 241 nubes
1200 207 1234 240 in
1250 201 1364 240 eadem
1374 213 1447 239 cum
1462 202 1562 241 stellis
1575 204 1739 256 stiperficie
1750 206 1804 250 vie

426 257 549 292 dentur.

456 320 485 342 2.
509 308 551 339 Ex
566 302 793 351 magnitudinis
806 302 987 350 praejudicio
1003 305 1051 338 rei
1063 303 1242 338 distantiam
1264 313 1469 351 auguramur:
1488 314 1526 339 ut
1545 304 1677 341 viciffim
1690 318 1728 342 ex
1744 319 1802 343 co-

425 352 723 402 guitareidistantia
736 352 1083 399 magnitudinemillius
1101 353 1296 387 dimetimur.
1322 352 1491 398 Siquidem
1510 353 1563 388 vel
1578 355 1658 389 duce
1679 367 1802 399 natura,

426 401 477 435 vel
495 400 559 449 ipsa
574 399 769 435 affuetudine
785 401 904 435 eruditi
921 400 1051 448 objesta
1065 413 1202 449 quaeque
1222 400 1284 435 hoc
1300 405 1419 448 majora
1434 400 1596 437 censemus
1610 431 1620 446 ‚
1643 415 1707 450 quo
1732 403 1803 440 sunt

426 452 611 485 remotiora.
626 451 677 483 Sic
689 449 866 498 languidus,
882 462 935 484 aut
944 449 1093 486 obscurus
1104 450 1194 485 color
1203 451 1280 484 rem'
1294 449 1315 485 ὲ
1326 447 1419 484 nobis
1431 449 1567 486 diffitam
1581 451 1803 490 exhibet.Ne-

424 511 489 547 que
507 499 538 532 id
551 499 687 546 pistores
702 498 801 546 fugit,
813 501 867 545 qui
878 511 1011 547 corpora
1024 500 1144 546 alioqui
1155 511 1271 546 magna
1289 497 1427 533 obscuris
1439 503 1472 535 δε
1485 499 1620 535 confufis
1632 500 1806 545 coloribus,

424 560 461 582 ac
471 547 558 582 mole
572 549 761 590 imminuta,
775 547 861 594 quasi
877 551 1000 583 eminus
1016 548 1251 596 spesiarentur,
1265 548 1454 596 depingunt.
1475 551 1603 585 Notum
1624 551 1744 598 quippe
1755 551 1804 585 est

424 595 592 645 objedmm
616 595 763 630 illustrius
778 625 787 639 ,
801 608 838 630 ac
861 597 1040 633 distinetius
1059 598 1181 640 videri,
1197 609 1262 643 quo
1282 599 1422 644 propius.
1444 598 1532 632 Hinc
1550 610 1724 646 appetente
1743 612 1806 634 no-

426 647 495 689 dte,
512 656 566 680 aut
582 657 655 680 aere
673 643 828 681 nebuloso
847 646 1010 690 involuti,
1022 659 1090 694 quae
1109 647 1254 695 proxima
1267 645 1341 681 sunt
1355 673 1366 688 ,
1383 645 1471 692 quasi
1485 646 1595 694 procul
1609 645 1707 696 posita
1721 647 1806 694 judi...

425 706 547 730 (εἶΠἸΠδι

473 758 517 787 30.
534 743 642 779 Aliam
660 755 792 790 quoque
805 742 940 792 figuram
955 743 1064 779 oculus
1080 744 1184 779 induit
1195 772 1205 787 ‚
1221 753 1295 779 cum
1304 754 1429 779 remota
1442 772 1451 786 ‚
1468 743 1563 779 aliam
1573 755 1646 779 cum
1660 746 1806 792 proxima

426 796 570 829 intuetur
587 806 594 827 :
620 794 652 827 in
668 794 879 827 remotiorum
896 791 1024 841 aspeEtu
1053 805 1144 828 uveae
1160 793 1307 828 foramen
1329 792 1520 840 ampliatur;
1542 792 1642 840 idque
1659 792 1696 830 fit
1719 805 1807 830 certa

425 854 543 878 naturae
553 841 641 889 lege,
663 840 740 876 licet
751 855 816 876 non
826 842 1042 878 advertamus.
1062 842 1185 878 Oculus
1198 843 1296 877 etiam
1307 841 1432 890 planior
1445 840 1482 877 fit
1491 870 1500 886 ,
1510 854 1565 877 aut
1577 841 1762 892 oblongior,
1770 853 1807 878 ut

425 891 591 936 objedtum
606 889 729 937 longius
742 890 762 925 ἐι
776 889 870 924 nobis
885 890 983 924 fuerit
994 919 1003 934 ‚
1016 903 1070 925 aut
1086 893 1225 938 propius.

462 949 513 984 4⁰.
548 940 615 973 Res
633 938 732 972 oculis
754 937 900 984 subjedtae
910 952 976 986 quo
996 939 1119 985 longius
1131 939 1323 983 distant,hoc
1332 938 1533 973 sublimiores
1549 940 1808 988 apparent‚quod

425 1001 474 1023 res
489 989 656 1036 propiores
671 987 776 1020 radios
795 990 962 1030 emittant,
976 990 1033 1035 qui
1050 980 1224 1035 superiores
1239 986 1348 1032 oculi,
1361 999 1416 1022 aut
1433 990 1542 1023 retinae
1554 1000 1658 1036 partes
1674 988 1806 1024 feriunt.

425 1040 575 1072 Remotae
588 1036 691 1069 radios
705 1038 839 1070 mittunt
852 1038 907 1082 qui
920 1037 958 1070 ad
978 1037 1168 1071 inferiorem
1186 1036 1269 1070 oculi
1288 1035 1417 1085 plagam
1430 1049 1623 1084 perveniunt
1636 1051 1645 1072 r
1656 1049 1754 1085 quare
1767 1037 1808 1072 il-

425 1087 463 1120 1ae
488 1082 695 1132 depreffiores
716 1113 725 1126 ,
750 1083 796 1118 hre
813 1083 1012 1119 sublimiores
1036 1097 1220 1120 cernuntur.
1254 1084 1380 1119 Contra
1397 1087 1509 1119 evenit
1536 1086 1614 1120 dum
1638 1086 1808 1122 oculorum

424 1136 527 1169 aciem
542 1135 577 1168 in
589 1144 636 1166 res
646 1131 797 1173 sublimes
809 1135 1029 1169 convertimus
1041 1148 1048 1170 :
1073 1146 1140 1169 tum
1151 1135 1237 1168 enim
1249 1145 1319 1180 quae
1331 1133 1457 1181 longius
1469 1132 1577 1173 diffitae
1591 1133 1662 1169 sunt
1675 1163 1684 1178 ‚
1703 1134 1808 1169 humi-

425 1184 522 1218 liores
537 1192 692 1230 apparent
703 1195 711 1217 z
724 1181 806 1215 adeo
816 1193 852 1216 ut
869 1194 1031 1218 extremus
1044 1183 1112 1217 caeli
1124 1181 1238 1218 limbus
1258 1182 1420 1218 horizonti
1430 1183 1592 1218 cohaerere
1604 1183 1761 1220 videatur.

461 1234 624 1280 Qaeritur
636 1239 670 1264 20
681 1231 849 1277 quomodo
866 1233 914 1265 rei
930 1232 1185 1281 magnitudinem
1200 1233 1426 1279 percipiamus.

460 1282 550 1329 Resp.
567 1281 640 1315 Nos
658 1281 703 1312 rei
718 1277 868 1326 cujusque
885 1280 1007 1315 molem
1029 1292 1068 1315 ex
1082 1282 1230 1329 imaginis
1243 1308 1251 1322 ,
1265 1292 1335 1327 quae
1349 1283 1459 1315 retinae
1475 1282 1669 1328 imprimitur
1683 1284 1809 1331 magni*

425 1330 535 1365 tudine
553 1328 706 1363 aestimare
719 1341 726 1363 :
740 1328 838 1374 idque
857 1331 955 1364 tacita
969 1330 1107 1376 quadam
1131 1331 1378 1364 ratiocinatione
1396 1342 1433 1364 ex
1455 1331 1675 1377 magnitudine
1693 1333 1808 1380 imagi-

425 1381 474 1414 nis
497 1380 530 1412 in
562 1376 667 1412 fundo
692 1375 779 1411 oculi
800 1378 933 1425 depietae
944 1391 1017 1413 cum
1037 1379 1189 1413 distantia
1207 1389 1391 1426 comparata
1408 1391 1467 1413 nos
1481 1378 1643 1427 colligere.
1665 1381 1752 1416 Nam
1767 1381 1808 1415 li-
1845 1402 1849 1407 .

424 1439 477 1462 cet
490 1424 613 1474 objecti
629 1425 723 1460 oculo
743 1428 882 1473 proximi
897 1429 1005 1476 imago
1027 1425 1156 1462 forsitan
1174 1428 1293 1462 centies
1308 1431 1426 1473 major,
1447 1439 1544 1475 quam
1565 1426 1586 1462 fi
1602 1428 1689 1462 idem
1713 1427 1808 1477 obje-

426 1478 515 1512 ‹Stum
530 1487 592 1509 tres
607 1476 735 1508 circiter
760 1473 859 1522 pass'us
873 1477 1036 1511 recederet
1049 1505 1058 1520 ,
1077 1479 1108 1510 in
1123 1476 1225 1511 fundo
1241 1475 1324 1510 oculi
1340 1476 1519 1511 delineetur
1532 1505 1541 1519 ‚
1566 1490 1630 1512 non
1651 1480 1807 1513 continuo

425 1538 474 1560 res
488 1523 554 1572 ipsa
570 1526 690 1558 centies
706 1528 808 1572 major
820 1522 900 1559 visus
911 1525 1033 1572 judicio
1044 1525 1220 1560 aestimatur:
1232 1524 1320 1571 quod
1338 1536 1443 1560 totum
1451 1524 1531 1561 visus
1542 1528 1709 1574 negotium
1726 1528 1809 1561 intra.

424 1573 552 1609 oculum
569 1585 634 1608 non
643 1570 823 1621 perficiatur
835 1587 843 1610 :
858 1585 976 1610 verum
988 1574 1019 1608 id
1032 1585 1165 1623 quoque
1177 1571 1299 1610 neceil‘e
1315 1573 1358 1608 est
1372 1585 1406 1608 ut
1420 1576 1467 1610 vis
1482 1576 1711 1623 imaginatricis
1725 1576 1809 1623 judi.

427 1626 514 1658 cium
537 1622 722 1658 intercedat.

484 1672 547 1706 Sed
557 1700 567 1714 ,
582 1673 705 1716 inquies
719 1699 725 1707 ‚
738 1671 782 1706 sol
795 1675 828 1707 in
840 1673 1015 1709 horizonte
1025 1678 1125 1722 major
1140 1673 1267 1709 videtur
1277 1703 1286 1717 ,
1297 1684 1370 1707 cum
1380 1683 1488 1707 tamen
1506 1670 1541 1707 fit
1551 1675 1716 1710 remotior.
1735 1676 1812 1711 Ne:

427 1733 489 1769 qne
502 1720 533 1754 id
552 1718 744 1754 circumfusis
762 1721 939 1770 vaporibus
956 1723 1160 1758 tribuendum
1174 1723 1237 1759 est,
1256 1736 1328 1757 cum
1342 1724 1449 1769 imago
1461 1719 1532 1756 solis
1551 1721 1631 1757 tubo
1650 1726 1760 1771 optico
1775 1725 1810 1758 in

428 1769 563 1804 obscuro
579 1767 724 1802 conclavi
748 1782 900 1818 excepta,
931 1772 1059 1818 aequalis
1076 1770 1218 1819 semper,
1244 1777 1276 1808 &
1304 1770 1346 1805 sui
1369 1769 1473 1805 fimilis
1493 1773 1590 1805 totius
1613 1772 1676 1806 diei
1697 1772 1810 1806 decur-

427 1819 460 1854 su
478 1819 644 1857 videntum
663 1816 716 1851 nili
734 1819 822 1864 quod
835 1820 993 1855 diameter
1009 1820 1188 1855 altitudinis
1201 1849 1211 1863 ‚
1231 1834 1301 1867 qure
1319 1819 1609 1854 scilicethorizonti
1627 1821 1665 1854 ad
1675 1831 1810 1868 perpen-

427 1867 569 1902 diculum
584 1864 708 1908 insistit,
725 1879 785 1913 prae
796 1868 990 1903 refractione
1007 1868 1150 1903 nonnihil
1167 1871 1337 1903 imminuta
1347 1878 1510 1914 appareat3
1530 1874 1561 1903 ὅ(
1575 1867 1619 1901 sol
1632 1881 1697 1903 non
1717 1870 1808 1903 omni

427 1929 465 1950 ex
481 1926 571 1962 parte
586 1915 738 1947 rotundus
752 1942 760 1955 ‚
779 1915 831 1948 sed
847 1916 1006 1963 ellipticus
1025 1917 1093 1951 fere
1104 1915 1314 1963 conspiciatur
1328 1928 1334 1949 :
1347 1914 1433 1949 unde
1445 1919 1476 1950 δε
1492 1915 1613 1949 umbrae
1623 1928 1700 1962 quas
1709 1919 1810 1965 proji-

427 1967 492 2006 cit,
504 1962 572 1995 suut
585 1960 715 1994 latiores
728 1991 736 2003 ,
757 1974 854 2007 quam
868 1963 924 1998 ubi
940 1965 982 1998 est
997 1963 1182 2008 sublimior3
1200 1977 1305 2012 neque
1329 1964 1410 1997 adeo
1429 1975 1563 2011 vapores
1583 1964 1668 1999 illius
1690 1975 1809 2014 augent

427 2013 603 2060 imaginem
620 2037 629 2051 ,
646 2007 698 2042 sed
719 2009 954 2058 aliquantulum
972 2015 1166 2048 imminuunt
1183 2041 1193 2056 ,
1219 2015 1295 2061 quia
1327 2011 1429 2060 plures
1458 2017 1521 2061 ejus
1547 2013 1652 2048 radios
1677 2015 1810 2049 interci-

428 2073 531 2111 Ριῑῐῐπ.

474 2111 561 2158 Resp.
580 2106 690 2142 Solem
707 2110 742 2143 in
752 2120 824 2143 ortu
834 2109 886 2143 vel
900 2113 931 2145 in
944 2109 1055 2145 occasu
1070 2114 1227 2156 majorem
1238 2110 1332 2147 nobis
1350 2121 1520 2158 apparere,
1540 2112 1645 2158 primo
1661 2110 1748 2157 quod
1768 2110 1809 2146 il-

428 2160 485 2194 lius
499 2156 685 2206 magnitudo
696 2168 735 2189 ex
748 2158 897 2193 distantia
909 2187 918 2200 ,
929 2159 992 2193 haec
1013 2171 1092 2194 vero
1109 2172 1148 2194 ex
1165 2159 1263 2210 longa
1279 2171 1449 2208 corporum
1463 2161 1705 2207 interjerstorum
1731 2158 1808 2194 serie

429 2209 611 2243 restituetur.

463 2265 504 2293 20.
528 2258 578 2290 lta
588 2254 692 2289 sumus
707 2254 729 2290 ὲ.
745 2265 857 2290 natura
871 2259 1063 2303 comparati.
1077 2258 1197 2293 utdum
1214 2256 1342 2306 pupi‘lae
1360 2256 1508 2291 foramen
1524 2255 1756 2298 contrahimus,
1767 2254 1807 2290 fi-

428 2307 494 2341 mul
509 2310 542 2340 &
555 2303 772 2351 crystallinum
787 2304 1003 2353 globosiorem
1018 2305 1207 2342 effisiamus-
1238 2306 1327 2341 Huic
1348 2306 1422 2340 dum
1437 2304 1566 2352 objeiffh
1584 2304 1682 2339 oculis
1698 2306 1806 2350 proxi-

429 2367 481 2389 ma
497 2352 637 2394 fistuntur
649 2381 659 2396 ,
676 2353 782 2388 statim
801 2366 881 2389 uvea
897 2367 989 2403 rugas
1002 2366 1056 2391 aut
1075 2357 1173 2404 plicas
1188 2355 1250 2391 suas
1272 2355 1409 2403 deponit
1426 2384 1434 2399 ‚
1457 2353 1584 2403 pupilla:
1606 2352 1751 2388 foramen
1769 2351 1809 2389 fit
