1878 2724
321 132 359 170 3'6
665 122 971 162 PHYSICAE
1011 123 1363 162 GENERALIS

318 188 486 223 gemmam
500 173 680 225 percolatus
692 203 702 218 ,
717 185 752 208 ut
763 173 839 208 alias
859 175 999 221 partium
1017 173 1134 222 figuras
1146 203 1156 218 ,
1177 174 1217 210 fic
1235 188 1336 212 novas
1355 174 1459 211 induit
1475 175 1558 210 vites
1569 205 1579 220 ,
1599 178 1633 214 ὃς
1644 176 1711 213 fru..

321 227 387 260 &us
401 225 499 274 longe
515 224 622 273 palato
637 225 795 272 gratiores
808 222 944 271 profert.
964 223 1058 270 Qid
1080 222 1250 271 simplicius
1266 225 1312 259 est
1330 254 1340 268 ‚
1363 230 1397 263 &c
1412 226 1513 274 magis
1528 226 1710 262 uniusmodi

318 275 419 322 quani
433 277 490 309 ovi
502 274 658 309 albumen
672 302 682 316 ‚
706 271 796 320 quod
806 274 965 321 agitatum
976 273 1107 320 penein
1123 284 1240 320 aquam
1250 285 1357 310 totum
1378 274 1448 310 abit
1466 289 1474 311 :
1493 279 1527 312 &
1546 287 1655 312 tamen
1670 287 1709 311 ex

318 336 358 358 eo
376 324 479 373 pullus
493 323 674 363 formatur,
693 332 795 369 atque
812 320 940 357 infinita
952 333 1053 370 prope
1068 323 1207 370 partium
1227 325 1365 359 varietas
1385 336 1423 359 ex
1442 337 1506 360 una
1525 330 1559 362 &
1574 324 1711 375 simplici

317 376 451 408 materia
464 372 608 409 efficitur.
632 375 714 407 Sunt
724 373 810 406 enim
826 377 860 408 δε
881 371 1015 420 liquidae
1027 376 1060 408 δέ
1071 371 1156 406 dutae
1167 400 1176 415 ,
1195 376 1229 408 δε
1240 371 1354 407 molles
1365 402 1375 416 ,
1394 379 1428 410 &
1443 373 1558 422 sapidae
1568 403 1578 418 ,
1601 381 1634 412 &
1647 387 1710 410 va..

316 425 368 455 riis
385 422 551 458 coloribus
565 423 717 458 distinctae
738 436 746 457 ε
777 433 849 468 quae
867 432 980 457 tamen
993 432 1107 456 omnes
1129 433 1168 455 ex
1186 422 1320 455 materia
1331 434 1415 470 pene
1430 422 1551 469 liquida
1565 453 1575 467 ‚
1590 423 1709 459 coloris

316 471 385 505 fere
404 477 436 508 δε
449 472 558 507 odoris
571 501 580 515 ‚
604 477 637 508 &
658 471 779 520 saporis
805 482 942 519 experte
954 470 1127 519 prodeunt.
1148 473 1232 518 Ergo
1246 469 1310 505 sola
1328 473 1468 518 partium
1483 472 1710 523 configuratio,

315 522 507 570 magnitudo
519 550 528 564 ,
544 520 614 556 fitus
629 533 763 556 omnem
778 532 885 556 rerum
901 519 1118 555 diversitatem
1131 517 1231 555 efficit
1241 547 1252 562 ,
1274 533 1334 554 nec
1352 518 1476 556 necesse
1503 520 1548 555 est
1560 523 1601 556 ad
1620 526 1711 571 prin.

314 572 399 618 cipia
416 583 522 605 rerum
535 571 757 620 heterogenea
777 569 966 619 confugere.

350 622 442 670 Rrsp.
455 634 496 656 ex
514 623 551 655 iis
566 634 634 656 non
647 620 734 655 aliud
751 618 834 654 effici
856 619 955 668 quam
985 619 1016 653 id
1036 619 1126 666 quod
1147 619 1297 654 volumus
1317 619 1507 666 ‚principia
1521 619 1711 656 mechanica

314 681 467 718 magnam
480 673 512 705 in
523 683 629 706 rerum
640 671 854 719 generatione
871 671 940 705 vim
955 668 1096 704 habere:
1114 667 1165 704 sed
1174 669 1254 704 hinc
1265 669 1399 704 minime
1420 666 1565 715 sequitur
1582 681 1622 703 ex
1640 683 1709 705 uno

312 722 425 754 omnia
435 722 524 769 gigni
537 749 546 765 ,
568 730 626 754 aut
657 721 738 754 rima
755 731 861 754 rerum
876 721 1034 768 principia
1047 718 1147 767 figur&
1160 730 1307 762 tantum,
1330 718 1635 766 autmagnitudine,
1654 731 1710 755 aut

313 769 428 805 ordine
445 772 529 805 inter
538 769 569 805 se
579 733 719 805 diffkgrre.
739 771 859 816 Neque
879 770 967 804 enim
978 780 1063 817 aqua
1074 780 1147 816 quae
1161 780 1211 804 tot
1228 766 1325 803 rebus
1347 777 1457 802 ortum
1477 772 1511 804 &
1525 769 1710 804 incremen-

314 829 382 854 tum
396 818 537 868 praebet,
550 831 648 855 unum
661 820 723 862 est,
753 823 787 855 &
802 818 937 867 simplex
956 818 1154 853 elementum
1167 848 1176 863 ‚
1196 817 1317 855 nedum
1335 819 1394 852 ovi
1411 816 1568 852 albumen
1583 830 1622 853 ex
1636 830 1710 867 par..

311 866 397 903 tibus
413 869 627 920 homogeneis
636 866 920 912 constabit,ursu0
933 868 1008 903 loco
1021 868 1179 904 dicemus.
1205 869 1296 915 Qu
1307 871 1340 903 &
1354 868 1387 901 in
1400 865 1468 915 ipso
1485 869 1632 916 germine
1641 880 1709 904 rna-

310 929 374 966 gna
393 918 439 953 est
462 921 603 968 partium
625 921 782 963 varietas,
804 917 930 955 tametsi
948 917 1118 954 oculonun
1136 920 1242 954 aciem
1260 917 1398 966 fugiunt.

803 1017 952 1053 Secunda
973 1017 1147 1064 Conclnfio.

348 1117 544 1152 Viventium
570 1117 729 1153 struitura
747 1127 805 1165 per
818 1115 900 1150 solas
925 1114 1118 1150 affeeuones
1143 1115 1350 1150 mechanicas
1381 1114 1535 1164 explicari
1560 1127 1627 1151 non
1647 1128 1707 1165 po-

310 1166 381 1203 test.
1702 1179 1704 1181 .

340 1216 440 1249 Hanc
449 1213 688 1251 conclusionem
707 1212 816 1248 obiter
833 1217 868 1249 &
890 1212 980 1247 velut
994 1216 1026 1248 in
1039 1211 1171 1248 tranfitu
1193 1215 1402 1262 attingimuS,
1418 1225 1494 1249 nam
1516 1212 1645 1247 alterius
1663 1214 1707 1248 est

309 1262 384 1300 loci.
412 1264 446 1298 Id
466 1277 566 1299 unum
577 1263 792 1306 adnotamus,
811 1264 995 1297 viventium
1013 1291 1023 1305 ,
1043 1274 1081 1296 ac
1090 1264 1249 1310 praecipue
1259 1262 1446 1299 animalium
1457 1261 1617 1297 fabricam
1630 1289 1639 1304 ,
1657 1275 1705 1297 or-

307 1324 468 1361 ganorum
485 1314 680 1348 varietatem
689 1341 699 1355 ‚
712 1311 818 1355 usum,
833 1311 1075 1346 distinetionem
1084 1339 1094 1354 ,
1112 1315 1215 1358 majus
1228 1312 1384 1359 quiddam
1394 1312 1456 1346 esse
1468 1341 1476 1354 ‚
1490 1310 1591 1358 quam
1602 1322 1637 1345 ut
1646 1324 1705 1359 per

306 1374 499 1398 communes
512 1364 654 1398 materiae
667 1360 926 1404 affeetiones‚aut
937 1359 1148 1409 motusileges
1160 1362 1192 1395 id
1212 1373 1310 1396 omne
1324 1360 1393 1396 fieri
1406 1359 1510 1410 poffit.
1518 1362 1598 1397 Non
1612 1361 1703 1408 quod

307 1423 354 1446 eae
363 1412 554 1448 affectiones
565 1424 721 1461 magnum
737 1411 777 1446 ad
786 1412 1049 1459 procreationem
1060 1410 1250 1445 animalium
1260 1422 1465 1446 momentum
1477 1423 1545 1446 non
1554 1409 1704 1459 afferant:

306 1460 359 1496 sed
372 1462 409 1495 iis
424 1461 576 1498 omnibus
587 1461 783 1510 explicandis
796 1473 863 1496 non
875 1458 1042 1496 sufficiunt.
1057 1462 1237 1508 Nunquam
1247 1463 1334 1495 enim
1348 1456 1596 1495 summum'illud
1607 1470 1704 1494 natu-

306 1522 348 1544 rae
362 1510 534 1548 artificium
547 1539 557 1554 ,
574 1511 662 1559 quod
674 1513 707 1547 in
725 1509 1038 1559 pulliprocreatione
1046 1514 1187 1544 cernitur
1201 1538 1210 1553 ,
1232 1508 1434 1544 incredibilis
1448 1511 1588 1557 partium
1599 1510 1703 1542 varie-

307 1561 465 1603 tas,0rd0
477 1590 487 1604 ‚
507 1561 577 1596 usus
590 1588 600 1603 ,
621 1562 785 1596 connexio
798 1588 808 1602 ,
828 1570 867 1593 ex
880 1561 917 1593 iis
935 1570 1013 1606 quas
1032 1557 1192 1594 Cartesius
1206 1559 1300 1595 &alii
1312 1557 1472 1601 afferunt,
1491 1569 1642 1594 motuum
1655 1556 1704 1591 le.

303 1607 400 1657 gibus
415 1639 424 1653 ‚
458 1609 598 1658 intelligi
623 1608 751 1657 possunt
766 1637 775 1652 ‚
804 1618 860 1642 aut
880 1609 992 1642 animo
1023 1607 1270 1655 comprehendi.
1291 1609 1365 1644 Nec
1381 1608 1573 1642 crediderim
1594 1617 1703 1655 partes

302 1660 358 1693 ovi
377 1657 571 1702 albuminis,
596 1671 666 1706 quae
680 1658 750 1693 fere
765 1656 835 1693 sunt
845 1656 1043 1699 uniusmodi,
1066 1658 1100 1690 in
1120 1667 1172 1691 tot
1190 1668 1330 1704 organa,
1342 1658 1455 1692 natura
1477 1655 1574 1693 &usu
1583 1654 1703 1690 discre-

303 1717 336 1742 ta
345 1707 364 1742 ὲ
379 1704 445 1742 solo
460 1708 568 1742 calore
580 1736 590 1750 ‚
602 1718 659 1741 aut
672 1707 692 1742 ἐι
710 1706 846 1741 materia
860 1704 919 1739 suis
929 1704 1158 1740 affeenonibus
1169 1705 1322 1739 instruera
1331 1733 1341 1748 ,
1362 1716 1415 1739 aut
1427 1705 1447 1739 a
1457 1707 1568 1747 certis,
1580 1710 1614 1740 ὅ(
1626 1704 1702 1738 vul-

300 1758 386 1803 gatis
396 1768 546 1791 motuum
557 1754 681 1805 legibus
699 1755 843 1790 formari.
866 1752 981 1789 Multo
1001 1752 1183 1788 credibilius
1198 1753 1252 1787 >est
1270 1755 1303 1787 in
1327 1753 1518 1788 viventibus
1537 1753 1615 1787 alias
1638 1753 1700 1788 esse

302 1804 391 1853 leges
403 1807 520 1853 cuique
533 1807 644 1853 generi
657 1807 800 1853 proprias
817 1802 858 1838 ab
876 1803 1020 1838 Authore
1032 1813 1148 1839 naturae
1161 1800 1323 1851 impreslas
1335 1832 1344 1846 ‚
1354 1814 1432 1849 quas
1443 1814 1498 1837 aut
1517 1801 1701 1838 seminarias

301 1856 445 1888 rationes
459 1867 533 1889 cum
547 1854 721 1890 Platonicis
738 1883 748 1897 ,
770 1863 826 1888 aut
839 1855 922 1887 vires
939 1852 1086 1901 plasticas
1107 1880 1115 1893 ‚
1139 1864 1193 1886 aut
1208 1860 1401 1899 quocunque
1423 1850 1487 1885 alio
1507 1854 1642 1887 nomine
1661 1850 1700 1886 fi-

301 1914 402 1950 gnare
414 1932 423 1946 ‚
441 1906 499 1939 vix
511 1904 692 1957 intelligere
702 1901 873 1952 possumus.
899 1904 1062 1937 Vis-enim
1072 1902 1220 1948 quaedam
1238 1901 1492 1936 archirfflonica
1510 1913 1577 1936 non
1594 1899 1698 1937 solum

302 1952 410 1998 praeest
423 1955 605 1988 viventium
620 1952 792 1989 seminibus
811 1952 1054 1987 conformandis
1071 1978 1080 1993 ‚
1104 1963 1161 1985 aut
1176 1953 1317 1994 partium
1338 1951 1500 1984 struc‘jturae
1514 1979 1523 1993 ,
1548 1961 1604 1984 aut
1627 1962 1699 1984 ma.

304 2003 389 2035 teriae
406 2015 531 2037 motum
548 2015 635 2039 certa
658 2005 785 2038 ratione
796 2002 994 2037 determinat
1005 2030 1015 2044 ,
1032 2012 1068 2036 ut
1088 2000 1208 2049 plantae
1224 2029 1234 2043 ,
1262 2005 1297 2037 δε
1327 1998 1477 2035 animalia
1507 1998 1675 2034 nascantur
1686 2027 1699 2043 ‚

303 2048 355 2083 sed
372 2053 473 2087 etiam
491 2065 606 2088 omnes
617 2054 806 2090 viventium
821 2063 928 2086 motus
946 2051 1057 2098 dirigit
1071 2063 1157 2086 :non
1172 2052 1257 2085 enim
1275 2052 1411 2084 materia
1429 2047 1494 2083 sola
1513 2046 1571 2083 fibi
1583 2048 1698 2085 relicta

303 2109 368 2133 tam
381 2112 457 2148 apte
474 2104 657 2137 viventium
666 2113 772 2152 partes
790 2112 847 2136 aut
861 2111 1006 2149 regeret,
1027 2112 1083 2135 aut
1097 2099 1311 2135 conservaret.

333 2150 409 2192 sed,
424 2152 575 2197 inquiunt
587 2181 596 2195 ,
614 2154 732 2199 aptatis
752 2150 850 2186 semel
863 2149 1048 2197 plantarum
1064 2156 1096 2187 &
1109 2151 1325 2184 animantium
1343 2147 1469 2195 organis
1483 2160 1491 2182 :
1508 2145 1602 2192 quod
1620 2147 1694 2193 qui-

301 2198 375 2233 dem
393 2198 455 2234 fine
477 2199 597 2235 summa
615 2201 808 2236 Conditoris
828 2198 984 2248 sapientia
1015 2198 1085 2234 fieri
1111 2212 1178 2234 non
1195 2200 1302 2247 potuit
1318 2227 1327 2241 ,
1357 2201 1390 2232 &
1410 2197 1505 2229 certis
1531 2196 1563 2228 in
1580 2206 1696 2229 natura

301 2248 426 2283 sancitis
438 2262 587 2285 motuum
599 2250 723 2300 legibus
740 2279 750 2294 ,
765 2251 950 2284 viventium
965 2260 1052 2283 ortus
1069 2250 1314 2285 &incrementa
1329 2246 1405 2278 citra
1430 2242 1528 2277 alium
1539 2244 1603 2278 Dei
1615 2255 1696 2278 con-

301 2295 421 2331 cursum
436 2327 444 2339 ‚
467 2299 566 2346 quam
588 2312 662 2336 eum
680 2302 735 2348 qui
749 2301 867 2334 caeteris
887 2295 981 2331 rebus
1001 2297 1176 2333 adhibetur
1188 2327 1197 2340 ,
1215 2299 1252 2331 iis
1276 2294 1418 2330 materiae
1435 2290 1665 2327 affeffionibus
1681 2320 1693 2335 ,

301 2357 377 2391 quas
394 2345 469 2394 saepe
488 2352 715 2392 nominamus,
742 2351 960 2384 continentur.
990 2346 1281 2398 Qmadmodum
1316 2340 1519 2388 horologium
1540 2341 1695 2387 portatile

302 2396 362 2433 suis
375 2395 518 2441 partibus
527 2399 637 2435 instrui
650 2398 706 2437 nisi
717 2398 735 2435 31
747 2402 852 2447 perito
863 2395 987 2432 artifice
998 2411 1064 2432 non
1076 2394 1247 2444 potest:sed
1259 2392 1317 2428 ubi
1327 2389 1426 2426 semel
1435 2390 1619 2438 perfeetum
1629 2389 1695 2427 fuit
