1878 2724
378 155 436 190 ¹54
737 141 1002 177 PHYS‘ICAE
1050 143 1382 180 GENERAILIS

381 204 430 226 tus
441 191 640 241 cogitatione
653 187 771 237 assequi
783 203 850 225 non
862 188 1021 237 possumus
1028 209 1038 236 5
1060 204 1097 226 ac
1114 192 1266 241 praeclare
1283 191 1454 230 nobiscum
1475 190 1581 244 agitur
1590 223 1601 240 ,
1623 193 1646 231 fi
1665 196 1774 235 causas

381 243 542 290 proximas
552 268 562 283 ,
579 246 613 277 &
626 241 831 274 continentes
843 237 959 273 afferre
974 239 1082 276 liceat.

433 292 554 324 Verum
564 289 690 335 inquies
703 317 713 331 ‚
724 286 745 322 si
758 298 885 323 tantum
902 286 939 322 fit
958 286 1087 325 subtilis
1100 290 1181 325 aeris
1196 290 1342 338 pondus,
1359 304 1413 329 cur
1433 291 1496 328 alia
1514 304 1649 343 corpora
1665 292 1773 331 mult·

382 338 507 374 leviora
526 336 639 372 sursum
658 349 724 372 non
743 337 931 385 propellat?

418 387 505 432 Resp.
523 386 555 420 id
576 399 618 420 eo
633 384 702 421 fieri
715 386 802 434 quod
815 385 939 422 subtilis
957 384 1012 421 ille
1025 398 1078 422 aer
1092 400 1228 437 corpora
1247 400 1387 437 quaeque
1401 401 1572 438 penetret,
1589 405 1658 428 non
1676 392 1772 429 aliter

381 446 479 482 atque
498 447 580 483 aqua
589 433 728 484 spongiae
739 447 864 472 meatus
875 435 972 471 subit.
985 437 1086 472 Unde
1103 449 1137 473 ut
1148 438 1335 487 exemplum
1345 440 1405 473 viri
1423 439 1547 477 doetus.
1566 440 1711 491 usurpem
1726 470 1736 487 ,
1749 440 1772 477 fi

382 483 514 533 spongia
531 484 722 520 extrinsecus
740 497 814 520 cera
834 483 978 521 obducta
990 485 1030 519 ad
1045 484 1182 522 fundum
1196 500 1285 535 aquae
1303 487 1520 536 deprimatur,
1539 489 1647 526 statim
1666 503 1774 526 emet-

381 545 451 582 get‚
466 534 554 579 quod
565 533 670 569 levior
678 532 714 569 sit
725 546 819 582 aqua.
837 534 902 569 Sed
916 533 975 569 ubi
984 536 1064 568 citra
1081 547 1160 571 cerae
1170 537 1374 572 additionem
1385 538 1470 572 intra
1480 550 1600 586 aquam
1615 541 1774 589 deprimi-

380 593 451 626 tur,
463 581 513 616 ibi
522 594 671 618 remanet
690 582 871 620 immobilis
883 612 894 627 ,
910 583 998 632 quod
1011 596 1097 631 aqua
1106 585 1190 622 illius
1201 597 1327 621 meatus
1337 585 1475 635 impleat
1488 615 1499 630 ‚
1517 592 1551 624 δε
1560 600 1667 636 partes
1687 589 1773 625 illius

382 630 487 666 solidae
509 632 651 680 ejusdem
663 630 722 667 sint
733 645 807 669 cum
819 645 904 681 aqua
922 633 1095 682 ponderis:
1117 634 1138 670 fi
1155 647 1213 671 aet
1230 634 1352 670 subtilis
1365 648 1438 671 cum
1455 647 1580 672 meatus
1600 650 1775 687 corporum

382 680 495 716 subeat
506 709 516 725 ,
529 686 563 718 δε
574 693 711 730 quaeque
725 681 826 717 solida
837 681 1019 731 corpuscula
1035 681 1158 719 subtilis
1180 686 1262 720 aeris
1278 683 1462 734 corpuscula
1472 697 1604 735 aequent
1616 687 1775 737 pondere,

382 742 451 766 non
462 730 505 767 est
516 742 571 767 cur
585 743 721 780 corpora
733 729 872 769 asubtili
880 742 954 767 aere
964 729 1082 767 sursum
1102 733 1273 783 pellantur·
1408 737 1416 744 ‘

887 829 918 865 C
943 830 975 865 A
999 833 1023 868 P
1048 832 1139 870 U'T
1193 834 1275 870 111.

814 928 871 963 De
887 939 973 965 motu
980 931 1140 980 gravium
1157 930 1344 968 accelerato.

383 1028 562 1115 NUnc
575 1026 657 1062 illud
670 1025 769 1062 restat
781 1039 816 1064 ut
828 1028 868 1064 de
877 1039 969 1064 motu
977 1030 1126 1077 gravium
1145 1027 1326 1064 accelerato
1339 1031 1372 1065 in
1381 1028 1529 1067 descensu
1540 1059 1550 1076 ,
1568 1035 1602 1067 &
1611 1032 1777 1068 retardato

486 1080 518 1113 in
531 1074 656 1112 ascensu
670 1077 812 1112 dicamus
823 1107 833 1122 ,
846 1083 880 1115 ὅ(
889 1090 954 1126 qua
974 1079 1190 1126 proportione
1202 1090 1310 1114 motus
1331 1079 1388 1114 ille
1409 1079 1608 1115 acceleretur
1617 1109 1627 1123 ‚
1640 1091 1698 1116 aut
1719 1093 1775 1116 re-

383 1127 525 1162 tardetur
534 1128 580 1160 ita
595 1137 793 1173 exponamus
806 1138 841 1162 ut
850 1125 993 1175 physicas
1002 1129 1143 1162 rationes
1154 1154 1165 1169 ,
1178 1140 1246 1163 non
1257 1131 1471 1176 geometricas
1480 1157 1491 1170 ,
1511 1133 1546 1165 &
1559 1127 1704 1164 difficiles
1715 1129 1775 1163 ad-

383 1175 563 1213 hibeamus.
579 1175 687 1221 Atque
702 1185 738 1209 ut
756 1186 847 1211 certo
862 1176 978 1211 ordine
992 1176 1253 1224 progrediamur,
1266 1178 1409 1225 primum
1420 1189 1489 1213 rem
1503 1180 1549 1212 ita
1559 1175 1621 1213 esse
1632 1206 1643 1221 ,
1661 1182 1696 1214 δε
1705 1189 1775 1225 gra-

382 1227 438 1260 via
448 1226 483 1260 in
496 1222 647 1259 descensu
663 1234 792 1258 motum
811 1224 899 1260 suum
921 1224 1101 1259 accelerare
1128 1224 1334 1273 probandum
1352 1227 1416 1271 est3
1435 1227 1553 1263 deinde
1571 1226 1660 1262 causa
1680 1227 1774 1276 hujus

383 1284 493 1309 motus
505 1270 680 1307 accelerati
693 1272 899 1320 inquirenda.
915 1274 965 1307 Sit
982 1273 1082 1320 igitur

908 1371 1022 1407 Prima
1039 1371 1068 1405 C
1071 1370 1214 1418 onclufio·

420 1470 544 1505 Gravia
554 1480 679 1504 motum
691 1468 779 1503 suum
798 1470 884 1504 inter
905 1468 1165 1505 descendendum
1183 1469 1365 1505 accelerant
1385 1497 1394 1513 ‚
1414 1466 1454 1503 sic
1469 1479 1577 1506 tamen
1590 1480 1627 1504 ut
1640 1469 1775 1517 quidam

384 1519 458 1554 huic
470 1518 699 1554 accelerationi
708 1517 767 1553 sint
774 1520 940 1567 przestituti
953 1518 1043 1562 fines,
1055 1524 1090 1556 &
1106 1517 1268 1554 descensus
1290 1519 1424 1554 tandem
1438 1517 1495 1554 fiat
1507 1518 1684 1566 aequabilis.

417 1571 493 1604 Pars
508 1566 718 1603 conclusionis
736 1573 763 1602 1²
785 1567 832 1601 est
843 1570 979 1603 omnino
1000 1567 1192 1603 manifesta:
1206 1581 1274 1616 quo
1286 1571 1373 1603 enim
1381 1570 1492 1616 gravia
1503 1581 1541 1603 ex
1557 1571 1678 1615 majore
1696 1566 1775 1603 alti-

385 1617 495 1653 tudine
506 1617 679 1660 deeidam,
690 1616 753 1651 hoc
763 1620 925 1664 majorem
942 1618 1043 1652 ictum
1055 1616 1204 1667 infligunt
1216 1632 1225 1653 :
1238 1616 1291 1652 sed
1302 1621 1405 1666 major
1424 1616 1479 1651 illa
1514 1615 1649 1652 ercuffio
1667 1615 1776 1652 aliun-

382 1667 425 1701 de
440 1668 515 1702 oriri
527 1679 592 1701 non
606 1665 725 1714 potest,
735 1678 832 1713 quam
842 1678 881 1701 ex
893 1666 1057 1702 velociore
1066 1678 1169 1703 motu.
1185 1665 1306 1702 Namfi
1324 1678 1431 1702 motus
1445 1631 1522 1702 essgt
1538 1664 1704 1714 aequabilis
1717 1695 1727 1710 ,
1739 1671 1775 1703 δε

384 1715 430 1751 sui
447 1714 570 1762 ubique
585 1714 692 1749 similis
704 1743 713 1758 ‚
739 1716 855 1750 eadem
873 1728 1005 1763 quoque
1022 1716 1109 1750 foret
1119 1715 1294 1763 percussio:
1311 1728 1389 1765 ergo
1402 1729 1469 1751 non
1486 1714 1623 1752 dubium
1635 1714 1680 1750 est
1693 1715 1774 1762 quin

385 1776 490 1799 motus
504 1766 652 1812 gravium
666 1766 750 1798 inter
764 1763 1021 1798 descendendum
1033 1774 1198 1811 augeatur.

410 1811 568 1857 Confirm.
582 1824 620 1846 ex
635 1811 859 1859 funependulis
873 1829 882 1856 ·,
899 1824 936 1846 ea
947 1813 1071 1860 quippe
1089 1823 1216 1847 tantum
1235 1811 1327 1860 spatii
1347 1813 1379 1846 in
1395 1811 1522 1848 ascensu
1547 1814 1773 1858 remetiuntur,

383 1863 585 1909 quantumin
603 1859 753 1895 descensu
763 1860 996 1896 confecerunt:
1014 1861 1101 1907 quod
1123 1862 1207 1895 inter
1229 1860 1484 1897 descendendum
1503 1874 1579 1897 eum
1603 1865 1773 1910 acquirant

385 1914 542 1958 impetum
555 1938 564 1953 ,
579 1922 646 1956 quo
664 1907 790 1953 sursum,
805 1914 838 1946 &
852 1909 892 1944 ad
903 1909 1042 1944 eandem
1057 1922 1137 1958 pene
1149 1909 1353 1944 altitudinem
1363 1909 1563 1947 attolluntur.

417 1958 570 2003 Confirm.
591 1959 820 1994 iterumzCum
836 1970 949 2007 corpus
966 1970 1065 2007 grave
1081 1961 1113 1993 in
1131 1961 1289 2007 principio
1308 1957 1352 1993 sui
1370 1958 1533 1994 descensus
1551 1960 1642 1995 lento
1660 1960 1774 1995 admo-

385 2010 460 2044 dum
478 2009 606 2042 decidat
627 2018 741 2051 motu,
757 2006 777 2041 si
796 2007 1001 2054 aequabiliter
1012 2019 1197 2042 moveretur
1208 2036 1217 2050 ,
1229 2020 1289 2043 nec
1301 2005 1482 2044 descensum
1493 2009 1772 2054 acceleraret,in-

383 2071 462 2107 gens
473 2058 626 2105 temporis
638 2055 774 2104 spatium
796 2059 831 2091 in
842 2055 895 2091 suo
906 2055 1053 2091 descensu
1074 2058 1287 2104 impenderet.

384 2117 410 2149 {fl
434 2109 508 2143 Pars
532 2106 633 2140 altera
650 2103 864 2141 conclusionis
885 2105 992 2140 multis
1007 2105 1188 2141 rationibus
1206 2111 1240 2143 &
1259 2107 1485 2154 experimentis
1500 2105 1630 2155 probari
1653 2107 1770 2157 potest.

386 2159 530 2194 Primum
546 2156 634 2189 enim
644 2153 745 2202 pulsus
755 2166 810 2188 aer
819 2157 925 2189 motui
942 2155 1025 2189 adeo
1036 2157 1194 2203 praecipiti
1208 2155 1327 2191 resistit.
1349 2158 1438 2192 Nam
1464 2156 1546 2190 illius
1567 2168 1675 2202 partes
1688 2158 1771 2192 divi-

386 2206 465 2241 sioni
483 2203 728 2252 quodammodo
739 2202 957 2247 obstant,nec
967 2215 1033 2239 tam
1048 2207 1158 2240 citoin
1184 2205 1338 2240 circulum
1365 2207 1490 2239 moveri
1510 2203 1645 2251 possunt.
1677 2206 1770 2241 Idem

386 2257 508 2303 quippe
529 2265 658 2301 corpori
682 2252 799 2287 accidit
813 2264 849 2286 ac
872 2255 1042 2300 navi,quae
1062 2252 1202 2302 expansis
1217 2254 1296 2289 velis
1310 2266 1426 2302 magna
1440 2253 1616 2287 velocitate
1638 2253 1739 2289 fertur
1759 2268 1767 2289 :

387 2306 469 2339 adeo
493 2305 541 2337 uti
565 2314 672 2337 motus
689 2313 861 2350 augeatur,
886 2303 992 2337 donec
1018 2308 1119 2351 major
1137 2302 1172 2337 sit
1199 2305 1358 2352 impetus,
1374 2313 1472 2349 quam
1494 2312 1529 2335 ut
1553 2314 1634 2348 aqua
1654 2303 1770 2338 eadem

389 2354 581 2400 pernicitate
600 2351 701 2385 dividi
714 2356 767 2394 ,&
782 2352 815 2386 in
834 2350 951 2388 orbem
960 2353 1012 2400 agi
1029 2364 1128 2399 queat
1146 2366 1153 2387 :
1171 2364 1238 2387 tum
1249 2354 1336 2387 enim
1350 2362 1455 2385 motus
1478 2349 1515 2385 fit
1533 2350 1714 2397 aequabilis.

435 2415 461 2436 ι,
484 2400 568 2436 Cum
584 2412 697 2450 corpus
706 2412 806 2449 grave
823 2399 1007 2445 descendit,
1028 2414 1130 2438 novus
1144 2403 1280 2450 quidem
1298 2402 1433 2448 impetus
1459 2411 1497 2435 ex
1520 2398 1585 2448 ipsa
1609 2403 1770 2450 gravitate
