1878 2724
565 113 710 150 PARS
741 113 976 150 TERT'IA.
1400 112 1480 157 ⁷617

96 168 148 204 ins
165 166 338 202 irationem
352 176 438 213 :quo
450 163 529 199 aere
541 161 705 198 bronchiis
716 162 768 198 seu
780 162 899 198 tubulis
910 163 1026 210 asperae
1044 166 1190 209 arteria,
1212 168 1245 201 &
1259 163 1339 212 saepe
1361 174 1397 197 ex
1411 163 1483 211 ipsis

97 181 240 256 vegculis
255 214 454 263 expellatur,
472 224 507 247 ut
520 214 639 247 recenti
653 211 756 246 locum
770 211 922 261 praebeat.
942 213 1042 248 Unde
1068 215 1100 249 in
1118 212 1182 261 ipsa
1198 213 1404 261 inspiratione
1426 211 1485 245 soli

98 264 274 301 musculi&
287 264 496 312 diaphragma
507 262 657 296 videntur
667 272 822 308 occupata
837 260 1027 296 cessantibus
1047 260 1257 309 pulmonibus
1279 275 1287 297 :
1306 260 1358 295 sed
1378 262 1410 295 in
1427 272 1484 295 ex-

98 312 270 362 spiratione
283 312 450 361 pulmones
462 308 519 359 ipfi
532 309 692 344 laborant.
705 311 769 344 Aer
783 312 867 344 inter
884 309 1098 358 inspirandum
1116 314 1149 346 vi
1168 309 1217 345 sua
1231 310 1351 344 elastica
1363 309 1489 356 pulmo-

100 374 156 399 nes
172 360 255 396 subit
268 389 277 404 ,
291 373 326 396 ut
337 352 476 417 efflat&
491 358 681 407 explodatur
691 360 724 392 vi
735 359 875 404 quadam
886 363 1004 408 majore
1014 372 1092 406 opus
1108 360 1154 394 est
1172 373 1180 395 :
1199 360 1285 393 unde
1303 364 1338 395 &
1350 357 1488 392 tracheae

101 409 206 446 tubuli
220 409 309 445 fibris
319 407 509 445 rrffitricibus
520 407 673 441 instrueiae
685 405 837 454 sunt,quo
845 408 991 443 contrahi
1004 407 1098 453 facile
1114 407 1242 456 poffint.
1261 406 1379 444 Annuli
1389 405 1489 441 bron-

100 459 248 495 chiorum
264 458 332 494 fere
346 470 381 493 ut
397 460 428 492 in
439 457 608 505 gammaris
623 457 667 490 ita
677 454 745 491 sunt
764 452 888 490 lorica-ti
903 454 997 504 ‚'qu0
1009 455 1183 491 'inferiores
1199 455 1366 498 contrahi,
1388 461 1419 492 &
1437 454 1488 493 su-

100 510 266 556 periorum
287 510 462 541 cavitatem
475 502 577 539 subite
593 503 721 552 poffint.
738 504 891 540 Dilatatis
904 508 991 540 enim
1012 503 1219 554 pulmonibus
1238 503 1396 540 bronchia
1414 516 1490 551 pro-

101 557 259 592 ducuntur
273 556 353 600 ;illis
364 554 537 590 contractis
548 553 614 587 haec
626 565 760 601 quoque
773 554 1014 590 contrahuntur.

135 606 273 640 Accedit
286 604 364 638 illud
377 614 507 651 quoque
520 631 529 646 ‚
548 602 644 636 costas
660 600 705 636 sui
722 604 795 651 juris
814 602 914 638 factas
931 615 1050 651 magno
1069 603 1193 650 impetu
1211 602 1376 638 thoracem
1399 613 1499 636 com-⁷

103 655 254 702 primere.
269 655 341 687 lmo
351 651 372 687 si
384 653 541 687 credimus
555 651 703 694 Borello,
722 651 843 697 necesse
860 652 925 695 est,
941 663 977 686 ut
992 651 1191 700 epiglottidis
1214 652 1377 686 claudatur
1390 652 1499 684 rimu--

103 704 135 738 la
146 730 156 746 ‚
171 713 207 737 ut
219 714 274 736 aer
287 701 446 736 costarum
459 699 656 748 depressione
672 698 817 735 densatus
834 699 980 735 vesiculas
999 701 1192 748 pulmonum
1210 700 1362 749 impleat,
1381 704 1414 736 &
1424 697 1492 734 san-

106 753 239 802 guinem
254 753 287 786 in
302 747 382 785 vasis
396 749 585 797 pulmonum
605 760 792 784 contentum
807 751 977 797 exprimat.
1412 755 1416 758 ”

101 834 103 837 ,
153 801 284 836 Naturae
292 800 389 848 igitur
404 799 581 846 indigentia
592 811 658 833 non
669 797 815 845 expletur
824 798 888 832 sola
901 800 982 832 aeris
993 797 1201 847 inspiratione
1210 827 1220 842 ‚
1233 798 1372 844 quicum
1385 808 1494 831 exter-

105 861 151 885 no
169 846 302 882 libratus
314 845 515 897 quiesceret&
539 851 571 883 &
583 846 705 880 nullam
716 849 784 880 vim
795 848 966 881 morricem
977 858 1150 882 exerceret.
1169 848 1232 881 Sed
1246 857 1400 893 praeterea
1413 857 1494 893 opus

106 894 365 942 estimpreffione
376 894 483 936 valida
494 905 585 940 ,quae
596 893 633 928 fit
644 905 713 928 tum
724 892 744 928 ὲ
760 894 878 928 resultu
890 894 1048 928 costarum
1060 922 1071 937 ,
1098 905 1163 929 tum
1184 894 1205 929 a
1222 894 1354 928 densato
1369 906 1442 928 aere
1461 896 1494 930 in

105 937 206 980 brevi⁴
210 944 268 978 illo
278 946 362 978 inter
379 941 623 991 inspirationem
642 947 675 979 δε
692 941 938 990 exspirationem
961 942 1152 987 intervallo,
1171 955 1244 978 cum
1254 941 1411 977 clauditur
1419 946 1495 992 epi-

107 993 252 1042 glottidis
265 991 406 1034 rimula,
415 1003 476 1026 nec
493 993 579 1025 exire
594 991 697 1039 potest
712 990 845 1026 inclusus
861 1003 925 1027 aer.
942 994 986 1027 Ea
1005 991 1168 1038 completa
1182 989 1415 1039 compteffione
1429 1020 1440 1036 ,
1459 997 1494 1029 δε

108 1053 223 1090 aperto
238 1041 372 1076 trachea:
385 1040 465 1073 ostio
481 1042 621 1086 erumpit
638 1051 693 1073 aer
707 1067 716 1081 ,
740 1039 947 1088 diaphragma
957 1039 1071 1088 sponte
1081 1041 1215 1076 laxatur.

147 1084 339 1125 In'violenta
353 1088 566 1136 exspiratione
578 1087 690 1122 thorax
700 1092 732 1124 &
745 1086 908 1123 abdomen
922 1089 1015 1123 valde
1027 1089 1290 1137 constringuntur3
1304 1089 1419 1124 viscera
1431 1088 1496 1123 sur-

109 1139 175 1175 sum
185 1150 275 1173 mota
291 1136 497 1185 diaphragma
513 1135 710 1183 propellunt.
726 1138 779 1170 Sic
796 1148 929 1185 urgente
942 1136 1011 1172 tusfi
1028 1149 1081 1171 aer
1094 1136 1223 1172 uberior
1235 1139 1361 1173 ducitur
1372 1167 1381 1182 ‚
1398 1151 1435 1172 ac
1446 1137 1497 1172 su-

109 1188 184 1223 bito
193 1186 378 1221 abdominis
392 1184 542 1226 musculi,
554 1196 696 1219 nec-non
706 1186 753 1219 vis
767 1186 926 1220 costarum
940 1184 1078 1220 resiliens
1092 1188 1247 1222 emittunt
1261 1199 1370 1221 aerem
1381 1187 1495 1234 rapido

111 1248 213 1273 vento
225 1264 235 1279 ‚
245 1237 301 1283 qui
318 1233 474 1268 bronchia
492 1231 654 1282 abstergat
664 1233 766 1269 :unde
777 1245 846 1269 turn
857 1234 1074 1269 diutiusdurat
1085 1233 1216 1270 resultus
1229 1236 1400 1272 costarum.
1421 1237 1496 1271 Nec

111 1284 281 1334 pulmones
296 1285 328 1318 in
337 1282 549 1329 exspiratione
559 1283 694 1318 omnino
707 1293 913 1319 evacuantur.
930 1285 1020 1319 Nam
1034 1283 1118 1319 forte
1137 1281 1369 1319 bronchiorum
1385 1284 1498 1319 annuli

112 1332 313 1381 cartilaginei
324 1333 447 1379 penitus
456 1330 608 1378 adstringi
622 1342 788 1378 nequeunt
796 1359 806 1374 ‚
821 1330 870 1366 sed
883 1331 1003 1380 semper
1013 1334 1117 1379 aperti
1126 1345 1259 1368 manent
1273 1350 1282 1377 3
1301 1345 1361 1368 nec
1375 1331 1497 1367 veficu-

111 1382 190 1418 laein
206 1393 284 1427 quas
299 1379 442 1415 desinunt
457 1378 613 1415 bronchia
625 1380 708 1414 adeo
720 1380 974 1429 constringuntur
992 1394 1000 1417 :
1021 1380 1107 1416 secus
1124 1384 1211 1416 enim
1233 1395 1299 1417 non
1324 1381 1497 1429 implerent

115 1431 252 1466 thoracis
261 1430 483 1477 capacitatem.
493 1429 593 1465 Unde
605 1430 639 1463 in
648 1428 855 1465 cadaveribus
865 1429 1034 1478 pulmones
1043 1429 1169 1478 expansi
1180 1431 1260 1465 hanc
1270 1431 1437 1478 complent
1447 1442 1498 1464 ca-

113 1482 264 1515 vitatem.
283 1480 335 1512 Sic
345 1476 401 1512 ubi
414 1479 524 1525 ignem
536 1489 592 1512 ore
606 1477 812 1524 perflavimus
823 1507 832 1521 ‚
846 1491 996 1526 magnam
1009 1481 1090 1513 aeris
1103 1481 1229 1527 copiam
1244 1479 1424 1527 inspirando
1439 1480 1497 1513 du-

113 1530 215 1563 cimus
226 1556 236 1572 ,
259 1537 294 1561 ut
312 1525 513 1575 dispendium
525 1528 604 1560 aeris
613 1528 669 1574 qui
687 1525 919 1575 &pulmonibus
931 1528 1037 1575 erupit
1051 1555 1061 1570 ,
1082 1528 1329 1575 quodammodo
1347 1526 1496 1562 resarcia-

117 1588 177 1613 tur.
433 1601 437 1607 .

155 1625 242 1660 Cum
258 1636 366 1660 autern
381 1622 545 1672 respiratio
562 1627 678 1674 partim
689 1623 906 1674 fitspontanea
921 1654 930 1669 ‚
946 1628 1062 1675 partim
1080 1626 1232 1662 naturalis
1254 1629 1353 1671 (nam
1369 1630 1402 1662 &
1422 1624 1499 1660 dor-

118 1676 255 1710 mientes
266 1673 451 1721 respiramus
464 1700 474 1715 ‚
489 1686 597 1721 neque
611 1674 693 1710 hanc
707 1674 830 1722 spiritus
840 1678 902 1710 reci
928 1678 1127 1711 rocationem
1137 1676 1177 1710 ad
1187 1674 1316 1710 libitum
1332 1673 1500 1722 abrumpi..

119 1735 189 1757 mus
201 1725 233 1766 3)
249 1722 323 1758 hinc
335 1721 371 1757 fit
387 1733 421 1756 ut
435 1722 558 1769 spiritus
576 1734 642 1758 tum
659 1721 680 1758 ὲ
695 1723 830 1759 cerebro
843 1729 877 1761 &
907 1724 1006 1771 pinali
1027 1723 1167 1759 medulla
1182 1752 1191 1767 ,
1208 1735 1274 1758 turn
1291 1723 1311 1758 ἒῑ
1332 1722 1497 1757 cerebello

119 1771 193 1807 huic
209 1773 333 1806 muneri
351 1769 689 1819 praeficianrur.1taque
699 1774 789 1807 nervi
806 1776 860 1819 qui
875 1773 913 1806 ad
925 1773 1131 1821 diaphragma
1146 1777 1178 1808 δ(
1192 1772 1328 1807 thoracis
1338 1769 1497 1806 musculos

121 1822 288 1868 pertinent
301 1848 310 1863 ,
333 1819 353 1854 :a
375 1821 480 1854 nervis
496 1818 708 1855 brachialibus
727 1826 761 1857 &
778 1820 977 1856 lumbaribus
996 1824 1059 1855 orti
1087 1821 1173 1856 suam
1190 1819 1323 1855 cerebro
1341 1822 1500 1868 originem

119 1879 285 1916 acceptam
299 1868 461 1911 referunt,
478 1873 512 1905 ὅ(
528 1867 651 1917 spiritus
665 1871 720 1916 qui
735 1882 790 1916 per
804 1881 859 1904 eos
878 1882 993 1904 nervos
1009 1868 1146 1904 influunt
1160 1897 1169 1907 ‚
1181 1869 1378 1904 voluntarios
1395 1880 1500 1903 motus

119 1928 317 1963 exequuntur
328 1932 335 1953 :
345 1916 394 1951 sed
403 1917 501 1951 iidem
514 1928 625 1953 tamen
638 1920 728 1952 nervi
740 1930 812 1954 cum
821 1918 1018 1953 intercostali
1029 1921 1063 1954 in
1075 1915 1236 1967 progressu
1245 1919 1499 1961 communicant,

122 1965 205 2012 ntJin
221 1967 341 2000 oetava
355 1964 454 2012 figura
463 1977 592 2000 cernere
611 1966 662 1999 est.

169 2012 269 2049 Unde
284 2024 390 2047 motus
406 2012 460 2046 ille
473 2012 685 2060 respirationis
697 2016 874 2061 reciprocus
885 2019 918 2050 &
933 2016 972 2048 ad
989 2017 1089 2048 vitam
1100 2013 1288 2049 necessarius
1301 2017 1402 2063 magis
1420 2017 1502 2049 inter

123 2059 283 2098 naturales
301 2074 396 2107 quam
409 2063 491 2094 inter
503 2061 699 2096 voluntarios
710 2062 880 2096 censendus
893 2063 946 2098 est.
968 2065 1074 2100 Nervi
1091 2075 1193 2110 porro·
1204 2063 1450 2112 diaphragmatis
1468 2069 1504 2100 &

125 2107 337 2148 musculorum
348 2122 420 2143 cum
428 2107 641 2144 brachialibus
651 2123 766 2158 magna
782 2108 941 2146 affinitate
963 2117 1138 2160 junguntur
1151 2140 1161 2154 ‚
1177 2113 1266 2158 quod
1291 2114 1324 2147 in
1349 2112 1503 2147 violentis

124 2159 265 2206 eorporis
290 2160 447 2193 exercitiis
471 2156 592 2207 sanguis
607 2163 727 2206 majore
745 2161 925 2208 agitatione
943 2162 1090 2196 incitatus
1109 2159 1304 2195 crebriorem
1322 2160 1504 2208 respiratio-

126 2219 203 2243 nem
219 2208 343 2255 exigat3
358 2207 518 2242 instinctus
530 2219 607 2241 vero
624 2207 663 2241 ad
681 2219 816 2252 motum,
833 2208 883 2252 seu
897 2211 1014 2255 primus
1025 2212 1160 2257 impetus
1176 2238 1184 2251 ‚
1195 2221 1507 2244 cummerenatura-

126 2255 163 2290 lis
175 2256 216 2290 est
226 2284 234 2297 ‚
245 2254 264 2290 ὲ
276 2257 381 2289 nervis
392 2268 446 2301 per
459 2255 644 2303 pulmonem
658 2261 690 2292 &
702 2257 833 2291 tracheae
843 2257 998 2292 bronchia
1013 2256 1149 2305 dispersis
1163 2256 1291 2292 forsitan
1306 2259 1504 2304 incipit,tum

89 2326 92 2329 -
127 2304 168 2337 ad
182 2316 297 2338 nervos
311 2304 559 2352 diaphragmatis
573 2309 607 2341 ὃς
624 2303 778 2340 musculos
788 2306 926 2340 thoracis
939 2318 1190 2354 permanat:cum
1205 2317 1309 2340 motus
1321 2305 1366 2339 est
1376 2305 1505 2354 sponta-

127 2364 207 2388 neus
217 2381 228 2397 ‚
239 2352 400 2436 RthliafflO
420 2353 664 2399 vehementior,
676 2364 711 2390 ut
727 2356 760 2391 in
772 2366 867 2391 cantu
879 2383 889 2399 ,
903 2355 1138 2393 vociferatione
1152 2382 1162 2399 ‚
1180 2352 1283 2397 fibilo,
1298 2353 1358 2390 risu
1372 2383 1384 2399 ,
1400 2366 1454 2390 aut
1473 2356 1507 2391 in

323 2415 382 2438 om.
399 2404 447 2438 ll.
1260 2404 1334 2439 liii
1474 2403 1479 2408 '
