1878 2724
576 134 746 173 PARS
798 133 1045 172 TERTIA.
1452 141 1506 175 66·

143 186 234 224 Hinc
252 186 344 223 enim
360 183 502 226 vomitio
516 185 629 229 oritur,
642 197 715 220 cum
726 187 854 220 irritatis
868 186 995 222 nerveis
1010 182 1099 220 fibris
1119 182 1279 218 interioris
1294 165 1505 233 membranae}

102 234 193 274 fibrae
205 239 358 272 motrices
374 233 574 270 membranae
582 232 721 270 carnosae
734 248 806 283 quae
817 233 858 270 ab
870 248 936 270 uno
950 231 1125 270 ventriculi
1144 232 1270 269 orificio
1282 234 1414 271 adalind
1424 249 1503 285 por-

103 287 262 335 xiguntur,
274 283 431 321 convulsse
448 287 481 320 in
491 283 608 320 finissro
618 283 757 328 orificio,
772 284 828 319 ubi
841 297 972 334 magnus
987 284 1029 319 est
1040 296 1216 320 nervorum
1231 283 1344 332 plexus
1356 284 1398 320 ab
1413 286 1505 322 osta-

103 347 148 371 vo
157 338 225 384 pari
240 335 406 385 profe&us
417 363 427 377 ‚
439 333 552 370 sursum
561 335 651 382 quod
669 336 803 370 noxium
820 335 867 369 est
887 336 992 370 statim
1006 332 1174 383 expellunt
1189 362 1199 377 ,
1229 346 1271 368 ne
1287 334 1405 370 diutius
1422 349 1504 371 ven-

104 385 258 420 triculum
273 385 468 422 &intestina
483 384 618 419 infestet.
639 386 752 420 Motus
769 384 903 431 quidem
915 382 1071 419 fibrarum
1087 383 1240 418 naturalis
1259 381 1301 418 ab
1318 383 1447 420 orificio
1464 383 1504 420 fi..

101 433 202 469 nistro
222 437 254 470 in
268 436 414 470 dextrum
433 433 622 469 diffunditur
641 448 649 470 :
665 432 717 468 sed
736 445 842 468 motus
859 432 1062 470 convulfivus
1080 435 1114 467 in
1137 435 1320 468 vomitione
1333 434 1407 469 huic
1424 447 1504 470 con-

101 485 217 519 trarius
231 514 240 528 ,
257 485 474 522 &contraetis
490 481 578 519 fibris
589 485 620 518 in
632 481 932 526 stomachiorificio,
944 483 1064 518 eaedem
1078 481 1184 517 versus
1197 494 1269 518 eam
1285 495 1412 532 partem
1427 496 1506 520 con·

100 533 278 570 trahuntur.
293 536 389 583 Qin
401 536 500 569 etiam
517 532 605 568 fibrae
621 531 757 568 carnosae
770 544 842 580 quae
852 534 886 567 in
896 532 1012 568 orbem
1022 531 1241 569 ventriculum
1255 534 1305 568 cin
1332 545 1390 568 unt
1403 563 1412 577 ‚
1423 546 1504 570 con-

101 582 272 618 trahuntur
283 612 292 626 ,
306 596 340 618 ut
351 584 439 631 quod
455 585 589 619 noxium
607 583 667 627 est,
684 581 875 626 eliminent,
894 594 1037 618 nemora
1053 581 1105 618 sua
1122 584 1154 617 in
1169 545 1349 617 ventriculo
1371 588 1405 620 ὅ(
1418 586 1505 618 inte-

101 631 188 667 stinis
197 637 356 682 majorem
367 631 623 670 &insanabilem
638 630 746 667 labem
763 631 905 669 inducat.
919 634 1038 667 Irritati
1051 634 1162 679 itaque
1179 636 1213 668 &
1227 631 1319 666 velut
1335 633 1506 667 excandes-

98 692 211 717 centes
226 680 353 729 spiritus
364 711 374 726 ,
388 684 444 730 qui
455 680 625 717 ventriculi
641 680 736 717 fibras
750 681 913 725 incolunt,
931 683 1150 717 vomitionem
1166 678 1315 716 efficiunt
1331 695 1339 717 :
1354 693 1505 729 quaecun-

98 741 164 777 que
177 730 268 765 caula
283 730 318 766 sit
329 731 422 781 hujus
441 733 627 766 irritationis
639 760 649 775 ,
667 743 736 778 quae
745 730 817 765 sane
827 732 920 766 varia
930 731 978 765 est
989 736 1021 768 &
1032 729 1210 778 multiplex.
1235 731 1399 766 Interdum
1416 734 1504 767 enim

98 778 255 814 alimenta
270 779 342 815 sunt
351 793 406 816 aut
417 782 598 828 quantitate
610 808 620 823 ,
638 791 693 815 aut
704 780 860 827 qualitate
877 782 974 815 noxia
990 798 999 824 ς
1015 782 1145 815 interim
1163 781 1299 814 materia
1324 782 1357 815 in
1374 784 1504 816 ventri-

97 828 173 862 culo
182 830 322 877 gionitur
334 859 343 874 ‚
357 835 390 867 ὅ(
401 841 609 865 coacervatur
621 858 630 872 ,
647 841 702 863 aut
712 828 841 864 aliunde
849 829 1039 873 advehitur,
1058 827 1123 864 five
1141 840 1199 877 per
1213 831 1345 864 arterias
1359 842 1432 878 quae
1446 843 1504 866 co-

97 876 191 926 piosae
202 878 318 913 suntin
328 878 471 916 nervosae
495 880 612 913 tunicae
625 889 717 926 parte
727 880 858 920 intima,
887 890 945 925 per
960 891 1038 925 quas
1059 877 1183 925 sanguis
1199 878 1375 925 aliquando
1390 891 1503 914 excre-

97 937 209 961 menta
223 925 275 960 sua
291 929 323 962 in
341 927 538 961 stomachum
558 937 715 961 exonerat
729 941 738 968 ;
757 924 821 961 slve
838 924 912 961 bilis
930 925 950 961 ὲ
962 925 1043 963 vasis
1056 926 1269 962 cholodochis
1281 939 1339 975 pcr
1349 927 1502 976 pylorum

96 974 206 1010 subeat
220 991 230 1018 ·,
248 973 311 1011 five
325 975 433 1024 liquot
443 975 598 1010 stomachi
615 976 648 1009 in
663 973 787 1010 succum
807 975 966 1010 austerum
977 1005 987 1020 ,
1006 987 1060 1010 aut
1073 988 1217 1011 amarum
1229 976 1405 1024 degeneret
1419 991 1428 1013 ε
1449 978 1504 1013 seu

96 1024 241 1072 denique
251 1024 378 1074 spiritus
395 1023 449 1072 ipsi
462 1023 540 1058 alibi
559 1025 694 1066 irritati,
711 1035 767 1058 aut
781 1023 961 1072 perturbati
972 1037 1029 1073 per
1038 1037 1211 1059 nervorum
1221 1025 1334 1059 duetus
1348 1026 1502 1062 transmis-

96 1071 121 1107 fi
131 1074 269 1108 eandem
281 1073 506 1109 confusionem
517 1077 551 1109 δε
562 1072 653 1107 velut
662 1071 854 1108 seditionem
868 1075 900 1108 in
914 1072 1097 1108 ventriculo
1108 1076 1263 1110 excitent.
1271 1075 1373 1112 Unde
1384 1087 1422 1109 ex
1434 1088 1502 1125 gra.

95 1123 132 1158 vi
149 1123 263 1170 capitis
276 1122 369 1172 plaga
380 1122 458 1168 saepe
469 1124 610 1157 vomitus
624 1123 722 1156 oritur
734 1149 744 1164 ‚
760 1122 850 1169 quod
862 1122 1041 1158 stomachus
1053 1135 1127 1157 cum
1141 1125 1260 1158 caeteris
1273 1123 1419 1173 partibus
1430 1138 1502 1160 ma-

95 1183 160 1220 gna
176 1183 231 1219 per
247 1184 364 1207 nervos
377 1170 539 1206 affinitate
549 1175 712 1220 Jungatur.
722 1173 775 1205 Sic
787 1172 819 1206 in
831 1172 1018 1219 nephriticis
1028 1171 1227 1221 paroxysmis
1238 1201 1249 1216 ‚
1264 1184 1319 1208 aut
1337 1175 1369 1209 in
1388 1174 1500 1210 colicis

96 1219 263 1255 doloribus
278 1223 423 1257 vomitus
441 1219 521 1267 saepe
530 1222 630 1255 oritur
642 1233 649 1254 ε
659 1220 748 1267 quod
759 1232 797 1254 ex
807 1220 906 1269 plexu
919 1233 1092 1256 nervorum
1101 1224 1158 1269 qui
1175 1224 1208 1257 in
1216 1222 1327 1257 medio
1341 1222 1500 1260 mesente-

96 1271 134 1304 rii
148 1268 274 1318 insignis
291 1270 334 1305 est
343 1299 353 1313 ,
367 1282 405 1305 ex
417 1269 514 1318 plexu
527 1270 642 1304 itidem
653 1281 767 1304 renum
781 1269 1034 1305 innumerabiles
1045 1273 1125 1305 rami
1135 1283 1312 1306 nervorum
1324 1272 1365 1307 ad
1377 1276 1501 1309 ventri-

95 1317 207 1353 culum
226 1319 397 1354 dimanent
407 1347 418 1362 ‚
441 1320 494 1366 qui
521 1320 635 1353 irritati
650 1346 660 1361 ,
680 1323 715 1355 δε
738 1318 880 1354 convulsi
898 1319 1025 1355 easdem
1048 1322 1079 1354 in
1110 1319 1309 1356 membranis
1328 1323 1500 1358 ventriculi

95 1365 319 1404 convulfiones
329 1379 452 1404 creant.
469 1369 520 1403 Sic
531 1367 727 1403 ventriculus
745 1371 895 1404 omnium
911 1382 995 1419 pene
1012 1369 1189 1415 viscerum,
1211 1383 1285 1406 cum
1304 1370 1422 1418 quibus
1440 1385 1497 1422 per

95 1429 216 1453 nervos
228 1429 284 1452 aut
298 1416 370 1452 vasa
381 1419 588 1466 conjungitur
600 1446 610 1460 ,
624 1417 752 1465 culpam
768 1418 838 1454 luit.

131 1469 225 1515 Qu
242 1469 341 1502 etiam
351 1479 425 1502 cum
440 1468 573 1502 interior
586 1470 650 1501 oris
669 1465 859 1502 membrana
874 1480 948 1503 cum
964 1470 1075 1504 intima
1086 1468 1249 1518 oesophagi
1260 1499 1268 1513 ‚
1283 1469 1335 1504 seu
1345 1469 1429 1518 gulae
1446 1482 1497 1506 tu-

94 1517 167 1551 nica
181 1544 188 1558 ,
205 1521 239 1552 &
259 1515 326 1550 haec
339 1528 412 1550 cum
422 1518 576 1551 interiore
588 1516 759 1552 ventriculi
772 1515 963 1553 membrana
977 1518 1224 1565 quodammodo
1238 1521 1460 1564 continuetur,
1476 1520 1497 1556 fi

95 1564 150 1600 vel
160 1563 237 1600 cibo
247 1567 372 1613 ingrato
392 1564 490 1613 palati
508 1567 633 1608 tunica,
650 1565 702 1599 vel
723 1565 786 1614 ipsa
803 1566 900 1601 uvula
924 1578 1018 1602 motu
1036 1567 1151 1616 pluma:
1169 1569 1329 1612 irritetur,
1352 1571 1495 1605 vomitus

96 1616 207 1650 oritur.
218 1618 254 1649 {n
268 1612 360 1662 phtisi
377 1626 510 1661 quoque
527 1613 608 1663 saepe
623 1613 706 1649 tuffis
721 1614 949 1650 vehementior
960 1619 1120 1652 vomitum
1131 1618 1260 1660 excitat,
1275 1618 1363 1665 quod
1378 1620 1495 1654 eadem

95 1662 288 1698 membrana
297 1675 424 1712 partem
443 1662 558 1711 asperae
569 1666 691 1698 arteriae
703 1663 858 1699 summam
873 1671 905 1701 ὃ(
922 1664 1132 1715 oesophagum
1152 1677 1259 1714 tegat:
1285 1667 1421 1703 eandem
1446 1668 1492 1704 ob

95 1715 259 1749 rationem
273 1716 305 1747 in
319 1712 450 1748 cholera
462 1711 580 1747 morbo
593 1715 694 1747 autin
708 1711 846 1761 passione
864 1714 973 1759 iliaca,
990 1720 1024 1751 δι
1046 1718 1079 1751 in
1099 1715 1170 1750 aliis
1188 1716 1410 1753 intestinorum
1426 1730 1494 1754 tor-

94 1761 237 1797 minibus
247 1761 292 1796 ob
305 1761 458 1797 fibrarum
476 1764 724 1798 continuitatem
743 1764 888 1797 vomitio
905 1765 1019 1800 oritur.

133 1811 349 1858 Qaecunque
366 1813 463 1860 igitur
479 1810 536 1846 sint
548 1810 643 1846 causae
656 1813 858 1855 vomitionis‚
872 1825 951 1859 quas
964 1813 1104 1848 Medicis
1117 1813 1322 1848 excutiendas
1334 1814 1492 1864 relinqui-

94 1873 184 1904 mus,
202 1862 235 1895 id
254 1873 378 1895 certum
392 1861 452 1903 est,
466 1873 536 1895 eam
549 1860 943 1908 pleninique,excitariob
955 1863 1121 1898 molestum
1137 1860 1258 1898 sensum
1285 1866 1399 1899 tunicae
1416 1878 1492 1901 ner-

93 1908 175 1944 vosae
186 1909 529 1957 stomachiimprelsum
549 1924 559 1945 :
580 1923 617 1944 ex
631 1923 698 1957 quo
720 1910 805 1945 forte
820 1910 1009 1947 membrana
1032 1911 1158 1947 craffior
1177 1912 1281 1947 statim
1296 1913 1492 1950 convellitur

93 1959 343 1994 &contrahitur
364 1959 466 1995 Unde
482 1961 613 1994 emerici
628 1959 858 1996 medicamenti
871 1961 1031 2007 particulae
1039 1960 1111 1998 sunt
1132 1960 1302 2010 ejufinodi‚
1324 1974 1358 1999 ut
1371 1975 1433 1999 nec
1441 1963 1493 2000 su-

94 2005 161 2055 bigi
173 2007 192 2042 :¹1
208 2007 372 2042 stomacho
386 2036 395 2050 ,
409 2019 468 2041 nec
479 2007 520 2041 ab
534 2020 574 2042 eo
596 2007 712 2042 diutius
732 2008 805 2042 ferri
816 2007 947 2057 poffint.

137 2055 370 2103 Qamobrem
387 2067 422 2090 ut
433 2067 541 2103 praeter
550 2068 679 2091 caeteros
688 2056 827 2091 dilucide
838 2058 977 2105 explicat
988 2058 1149 2095 Vvillifius
1160 2089 1170 2104 ,
1185 2061 1300 2097 fortius
1316 2062 1490 2096 emeticum

91 2107 233 2154 primum
246 2105 433 2153 ejicit'qnod
447 2107 480 2139 in
488 2107 627 2140 cavitate
640 2104 813 2141 ventriculi
822 2105 965 2144 fluerunt.
981 2109 1110 2144 Deinde
1124 2110 1285 2158 quidquid
1301 2108 1430 2144 viscosae
1441 2110 1489 2144 est

93 2157 217 2203 pituitae
231 2157 263 2190 in
274 2154 448 2192 ventriculi
476 2157 558 2204 rugis
568 2184 577 2198 ,
601 2167 656 2190 aut
667 2155 751 2191 villis
773 2172 782 2198 ς
802 2167 872 2190 tum
895 2155 914 2190 fi
939 2157 1107 2194 vellicatio
1131 2155 1330 2208 perse-vetet,
1351 2158 1489 2194 serosnm

92 2205 264 2240 humorem
287 2204 443 2240 arteriolae
462 2203 629 2240 effundunt
647 2221 655 2246 ς
684 2204 818 2239 tandem
838 2206 1047 2243 convulsione
1065 2208 1106 2242 ad
1125 2210 1313 2246 duodenum
1332 2219 1488 2244 manante

92 2253 166 2289 bilis
182 2256 318 2304 ejicitur.
339 2256 427 2290 Hinc
442 2254 573 2302 quando
585 2253 659 2290 bilis
678 2255 816 2290 exundat
830 2284 838 2298 ,
862 2253 943 2305 saepe
959 2257 979 2293 ἐι
995 2259 1116 2293 mitiori
1132 2259 1308 2307 pharmaco
1327 2260 1487 2293 immanes

93 2315 238 2339 vomitus
252 2314 383 2338 eientut.

125 2353 213 2392 Cum
225 2355 292 2389 vini
302 2355 432 2389 emetici
452 2352 565 2390 infufio
575 2366 631 2402 per
644 2366 762 2391 venam
781 2356 959 2406 iugularem
975 2357 1059 2391 canis
1075 2358 1194 2405 injecta
1209 2355 1285 2392 effet
1300 2385 1309 2400 ‚
1338 2357 1406 2406 post
1429 2355 1488 2391 ali-

85 2413 170 2450 quot
182 2402 275 2439 horas
287 2405 446 2441 immanes
458 2407 601 2442 vomitus
623 2403 693 2442 sunt
706 2405 889 2444 consecuti:
908 2408 998 2457 iique
1015 2404 1146 2443 forsitan
1160 2405 1181 2443 ὲ.
1205 2406 1341 2444 cerebro
1359 2407 1488 2458 potiuS,
