1878 2724
344 126 403 154 ruz
749 107 1018 150 PHYSICAE
1058 107 1386 147 GENERALIS
1463 138 1476 141 -

874 207 1022 245 Secunda
1035 207 1228 253 Conclusio„

387 317 488 352 Ratio
506 312 649 360 corporis
669 311 701 345 in
725 320 766 343 eo
781 306 884 358 posita
898 307 945 342 est
957 337 967 352 ‚
985 304 1074 355 quod
1096 303 1273 342 necessario
1287 310 1348 350 ,δε
1362 307 1556 345 naturaliter
1575 311 1687 361 exigat
1701 324 1769 348 exa-

351 365 534 403 tensionem
554 357 856 410 impenetrabilem.

350 436 354 438 -
385 412 519 451 Probat.
541 425 571 448 i.
584 409 733 455 conclufio
753 421 838 445 :non
851 409 943 444 enim
953 404 1107 452 extensio,
1120 417 1175 441 aut
1189 405 1491 455 impenetrabilitas
1502 410 1635 446 actualis
1654 412 1696 447 est
1712 412 1770 447 de*

351 465 495 513 corporis
516 460 668 504 essentia,
680 471 716 495 ut
733 458 800 495 fuse
816 457 993 507 probatum
1003 456 1047 491 est
1058 468 1161 491 :cum
1180 458 1280 491 etiam
1297 456 1479 494 accidentia
1501 459 1567 507 ipsa
1591 461 1764 497 aetualem

349 513 496 549 habeant
508 509 730 546 extensionem
745 538 753 552 ‚
766 520 827 544 nec
843 519 953 543 tamen
979 504 1039 541 fint
1049 508 1284 554 corpora3im0
1304 505 1448 556 Angelus
1458 506 1530 557 plus
1544 537 1556 553 ‚
1573 510 1628 545 vel
1646 513 1753 548 minus

350 563 443 613 spatii
454 560 551 611 poffit
563 571 733 608 occupate.
752 559 864 601 Qare
875 554 1022 592 extensio
1035 568 1104 591 non
1113 554 1172 590 soli
1189 558 1349 591 convenit
1359 559 1513 607 corpori„

387 612 453 647 Sed
482 622 591 659 neque
614 607 817 644 divisibilitas
839 605 1006 642 essentiam
1031 607 1175 653 corporis
1199 603 1390 642 constituit:
1406 619 1480 642 nam
1495 608 1617 658 pumsta
1628 606 1771 658 physicas-

351 662 421 699 sunt
436 672 586 710 corpora3
602 671 667 694 non
678 669 789 694 tamen
803 657 907 693 dividi
921 654 1059 706 possunt.
1070 657 1145 692 Nec
1158 655 1292 690 demum
1309 655 1445 691 actualis
1463 657 1759 705 impenetrabilitas

351 712 391 748 ad
410 713 575 747 rationem
595 721 650 744 cor
675 710 738 743 oris
757 709 915 756 pertinet.
947 707 1039 743 Nam
1060 717 1177 754 corpus
1197 704 1322 740 Christi
1351 707 1384 740 in
1411 708 1623 742 Sacramento
1639 707 1768 745 Altaris-

352 773 458 810 partes
475 771 590 796 omnes
606 721 710 793 haget
736 756 792 793 vel
823 759 857 793 in
870 757 1007 792 minima
1018 752 1235 803 hostiaeparte
1253 769 1262 790 :
1280 755 1370 802 quod
1389 755 1594 805 concipifine
1605 767 1759 806 penetra-

353 814 444 847 tione
464 823 532 846 non
548 807 667 858 potest.
687 810 772 858 Ergo
783 805 945 855 reliquum
956 805 999 839 est
1011 815 1048 838 ut
1058 803 1128 838 idea
1143 805 1287 853 corporis
1303 807 1337 840 in
1348 816 1389 839 eo
1398 804 1498 852 posita
1513 804 1652 855 sit,quod
1661 817 1765 841 natu-⁷

351 860 463 896 taliter
477 860 592 908 exigat
602 855 828 894 extensionem
845 868 919 891 cum
930 852 1246 904 impenetrabilitate
1261 854 1563 902 conjunfihinizrolle
1578 857 1665 890 enim
1676 855 1768 892 hanc.

353 912 559 960 exigentiam
579 906 763 943 naturalem
774 935 783 950 ,
801 911 835 943 &
850 903 1056 941 necessariam
1070 931 1080 946 ,
1093 907 1159 950 jam
1174 901 1300 952 spiritus
1317 905 1396 947 erit,
1418 917 1486 939 non
1503 917 1629 954 corpus.
1651 907 1760 955 Ange-

351 959 402 995 lus
428 959 561 995 extendi
581 957 705 1007 potest,
742 960 776 994 &
797 952 1094 1005 impenetrabiliter
1113 982 1124 997 ,
1163 952 1217 988 sed
1237 964 1311 988 eam
1331 951 1549 989 extensionem
1572 954 1772 990 naturaliter*

352 1022 420 1046 non
438 1011 560 1058 exigit.>
1564 1050 1567 1053 Δ

391 1058 544 1105 Confirm.
556 1059 600 1093 Ea
615 1056 659 1092 est
669 1053 803 1092 ess‘entia
821 1056 868 1090 rei
886 1066 943 1104 per
961 1065 1059 1101 quam
1084 1054 1212 1100 optime
1227 1049 1430 1101 cognoscitur
1445 1079 1454 1094 ‚
1474 1056 1508 1089 &
1523 1050 1564 1086 ab
1584 1055 1676 1089 omni
1694 1053 1774 1089 alia..

353 1107 579 1157 distinguitur:
595 1105 647 1140 sed
661 1105 742 1141 nihil
755 1105 799 1140 est
813 1103 915 1139 nobis
930 1106 963 1139 in
975 1105 1116 1150 corpore
1129 1104 1240 1137 notius
1253 1130 1261 1141 ,
1286 1114 1386 1149 quam
1398 1099 1541 1136 extensio
1559 1103 1777 1151 impenetrab-

353 1157 427 1192 bilis
442 1185 449 1196 ,
462 1168 565 1205 eaque
585 1166 700 1203 corpus
715 1153 756 1188 ab
768 1153 922 1189 omnibus
933 1151 1003 1187 aliis
1027 1151 1171 1188 secernit.
1181 1150 1327 1200 *Angelus
1345 1152 1446 1195 enim,
1456 1152 1566 1185 anima
1582 1151 1661 1200 ipsa,
1679 1154 1760 1200 quin

352 1212 385 1244 &
397 1207 578 1241 accidentia
596 1216 635 1239 ut
650 1203 782 1239 extensa
800 1204 931 1250 concipi
950 1199 1099 1250 possunt3
1119 1202 1188 1236 imo
1203 1207 1237 1238 ὅ(
1251 1199 1413 1236 actualem
1424 1198 1547 1235 habere
1558 1200 1686 1249 possunt
1696 1205 1760 1238 im..

352 1254 677 1304 penetrabilitatem,
696 1254 757 1287 hoc
768 1252 811 1286 est
825 1250 878 1286 suo
889 1252 965 1286 loco
984 1249 1060 1284 alias
1084 1261 1135 1283 res
1153 1255 1186 1286 δε
1206 1261 1346 1298 corpora
1367 1248 1566 1286 excludere..
1582 1254 1707 1286 Verum
1724 1251 1760 1287 id
1769 1255 1775 1271 ·''

353 1304 458 1353 ipsum
470 1315 625 1352 corporea
641 1301 818 1336 substantia
829 1299 1040 1342 naturaliter,
1052 1297 1238 1343 necessario,
1256 1304 1290 1336 &
1306 1298 1496 1333 immediate
1512 1300 1636 1350 exigit,
1655 1311 1776 1348 atque>

353 1357 438 1389 inter
449 1365 625 1402 corporum
637 1349 829 1386 affe-stiones
841 1348 933 1385 milla
951 1350 1156 1384 communior
1171 1349 1215 1383 est
1232 1376 1240 1389 ‚
1258 1359 1313 1382 aut
1330 1347 1425 1384 latius
1444 1359 1537 1396 patet
1550 1378 1560 1392 ‚
1574 1362 1673 1397 quam
1690 1349 1774 1399 ipsa-⁶

354 1401 651 1452 impenetrabilitas
663 1415 670 1436 :
683 1413 762 1450 ergo
773 1412 830 1448 per
846 1398 936 1434 illam
950 1410 1065 1446 corpus
1083 1399 1208 1447 optime
1224 1396 1389 1441 definitur,
1405 1402 1438 1434 &
1451 1400 1642 1448 concipitur.

390 1456 488 1503 Opp..
501 1453 630 1500 Corpus
650 1463 717 1486 non
731 1449 837 1498 potest
856 1450 988 1496 concipi
1005 1446 1070 1483 fine
1094 1446 1282 1483 extensione
1306 1447 1380 1482 actu
1403 1447 1776 1500 inipenetrabilitergo·

355 1516 421 1538 non
432 1500 655 1550 aptitudinalis
669 1511 793 1535 tantum
807 1510 860 1542 ,ut
875 1509 996 1534 vocant
1007 1527 1018 1542 ,
1032 1497 1085 1532 sed
1098 1499 1199 1533 etiam
1216 1495 1349 1533 adhmlis
1366 1495 1507 1533 extensio
1524 1499 1759 1547 inipenetrabia

354 1552 393 1587 lis
413 1552 457 1587 est
474 1553 514 1586 de
527 1549 658 1586 essentia
679 1555 711 1586 δε
727 1560 890 1596 conceptu
904 1549 1071 1596 corporis.⁴
1264 1594 1267 1595 ⁷

381 1603 476 1649 Resp.
486 1614 558 1646 neg.
576 1610 642 1634 ant.
657 1601 738 1635 Non
752 1597 856 1646 potest
868 1598 956 1632 enim
971 1608 1085 1646 corpus
1097 1598 1225 1645 concipi
1235 1594 1299 1631 sine
1313 1597 1478 1645 exigentia
1492 1595 1684 1633 extensionis
1697 1600 1771 1633 im:

355 1648 585 1700 penetrabilis:
599 1647 654 1684 sed
664 1644 1054 1683 fineaekualiextenfione
1076 1648 1166 1681 reste
1182 1645 1322 1694 intelligi
1338 1646 1452 1694 potest.
1479 1647 1568 1682 Nam
1585 1646 1662 1682 licet
1674 1648 1775 1687 mihi³

354 1702 526 1748 concipere
538 1702 678 1743 integras
687 1699 768 1740 auri,
787 1701 819 1733 δε
829 1698 957 1743 argenti
969 1694 1129 1736 essentias,
1143 1698 1292 1741 quamvis
1305 1697 1336 1729 i'n
1349 1695 1469 1729 eodem
1482 1694 1556 1729 loco
1570 1695 1667 1730 inesse
1678 1710 1759 1732 con-
1772 1718 1776 1723 ·

355 1753 517 1798 cipiantur
531 1778 540 1792 ,
557 1759 592 1782 ut
606 1737 736 1781 essentia
756 1744 870 1792 Angeli
883 1743 926 1778 ab
943 1743 1075 1778 alterius
1090 1743 1224 1777 essentia
1243 1743 1466 1791 distinguitur,
1480 1742 1556 1777 licet
1574 1743 1661 1778 forte
1679 1757 1759 1781 eun-

356 1798 549 1833 demlocum
571 1805 744 1843 occupent.
769 1796 822 1828 Sic
834 1791 1008 1828 substantia
1030 1794 1325 1840 incorporea‚quae
1339 1790 1586 1839 penetrabiliter
1607 1795 1759 1830 extendi-

355 1860 407 1882 tur
418 1877 427 1891 ,
438 1846 544 1896 potest
556 1843 852 1893 impenetrabiliter
864 1842 1005 1878 exiendi.
1021 1843 1068 1876 Ac
1080 1839 1255 1876 substantia
1268 1853 1436 1889 corporea,
1448 1853 1518 1888 quae
1530 1853 1567 1876 ex
1577 1854 1690 1878 natura
1703 1843 1772 1879 sua*

354 1895 650 1945 impenetrabiliter
662 1894 846 1928 extenditur
858 1922 867 1936 ‚
879 1892 986 1941 potest
1007 1895 1081 1928 Deo
1104 1894 1149 1926 ita
1168 1890 1301 1926 volente
1311 1920 1320 1934 ‚
1341 1889 1594 1938 penetrabiliter
1605 1893 1756 1928 extends.

411 1948 477 1981 Hic
496 1947 619 1993 quippe
645 1944 688 1978 est
705 1941 841 1977 effestus
861 1941 1006 1978 formalis
1018 1947 1052 1978 &
1063 1942 1232 1990 primarius
1242 1942 1431 1988 quantitatis
1443 1952 1606 1989 corporeae
1617 1952 1669 1984 ‚ut
1688 1944 1770 1977 exi--

357 2007 413 2045 gat
423 1994 642 2030 extensionem
662 1992 959 2041 impenetrabilem.
974 1993 1054 2028 Non
1067 1992 1154 2025 enim
1164 1989 1229 2026 sola
1240 1989 1382 2025 extensio
1391 1990 1596 2034 a&ualis,aut
1608 1993 1759 2039 impene-

355 2044 518 2080 trabilitas
535 2045 577 2078 est
603 2043 688 2078 illius
707 2041 760 2078 effi
774 2044 840 2078 &us
855 2043 1045 2090 primarius:
1066 2053 1139 2075 cum
1156 2039 1294 2087 Angelus
1312 2051 1482 2086 utramque
1503 2039 1626 2075 habere
1643 2040 1769 2089 poffitr

356 2094 432 2130 licet
449 2093 686 2142 sitqiiantitatis
700 2105 824 2141 expers,
854 2092 982 2128 Deinde
1003 2101 1150 2125 neutram
1165 2088 1267 2125 habet
1280 2090 1408 2138 Corpus
1418 2089 1540 2125 Christi
1558 2091 1590 2125 in
1604 2090 1758 2126 Euchari-

357 2145 423 2180 stia.
447 2147 521 2180 Nec
536 2141 764 2177 divisibililitas
782 2143 825 2177 est
833 2143 978 2189 corporis
992 2139 1082 2189 ipsius
1095 2151 1272 2188 conceptus
1286 2138 1456 2175 essentialis
1470 2150 1477 2172 :
1497 2151 1568 2173 cuni
1585 2137 1756 2175 substantia

357 2193 422 2240 ipsi
441 2206 494 2242 per
515 2192 544 2227 se
562 2193 681 2227 habeat
692 2204 799 2240 partes
811 2193 999 2227 eittitetivas
1015 2220 1023 2233 ,
1037 2202 1071 2224 ut
1092 2189 1282 2237 loquuntur,
1301 2202 1337 2223 ac
1355 2191 1512 2236 pund-Itum
1523 2187 1559 2222 sit
1577 2199 1755 2234 quantum,

357 2242 435 2278 licet
457 2242 662 2278 indivisibile.
690 2243 801 2288 Qiare
817 2244 843 2275 is
859 2242 905 2276 est
918 2242 1112 2288 quantit-itis
1135 2243 1270 2275 interna:
1284 2237 1441 2282 cff'eQUS,
1460 2248 1496 2271 ut
1514 2238 1621 2285 exigat
1640 2249 1755 2272 exten-

358 2290 480 2326 sionem
495 2291 792 2340 impenetribilem.
810 2292 857 2327 Est
870 2293 956 2326 ciiirn
971 2290 1023 2324 liic
1037 2290 1125 2323 nctus
1150 2288 1321 2331 secundm,
1338 2293 1372 2324 ὅ(
1390 2287 1554 2334 quantitas
1577 2288 1703 2321 interna
1722 2288 1756 2322 iL

358 2340 415 2423 lips
428 2342 469 2374 est
484 2343 571 2375 astus
588 2344 720 2389 primus.
740 2341 803 2377 Sed
816 2343 849 2379 in
859 2354 927 2390 quo
939 2339 1039 2389 posita
1055 2339 1092 2375 sit
1108 2351 1193 2375 ratio
1213 2338 1403 2388 quantitatis
1420 2338 1576 2381 internae,
1591 2337 1623 2371 iii
1641 2338 1756 2373 Meta-

357 2388 488 2437 piysica
511 2391 657 2429 diximus.
