1878 2724
78 195 152 230 {³50ss
182 188 286 227 subita
312 186 357 227 'est
373 188 543 240 impulfio,
564 197 632 228 tum
650 198 706 228 aer
729 195 796 228 vim
816 192 916 242 ipsam
935 192 1079 239 corporis
1100 193 1194 227 moti:
1211 193 1312 230 eludit
1326 224 1336 239 ‚
1375 201 1409 233 &
1430 162 1485 232 {e}

87 252 155 285 tro,
167 252 220 276 aut
238 241 276 275 ad
292 239 391 276 latera
409 243 551 289 corporis
562 241 759 291 impellentis
771 243 904 277 recedit.
926 241 989 275 Sed
1001 239 1057 275 ubi
1069 240 1140 276 satis
1157 243 1334 279 vehemens
1345 251 1376 282 ὃ(
1397 245 1481 280 (ubi-

86 301 118 327 ta
135 288 358 338 estimpuffi0‚
375 301 441 325 tum
455 302 509 324 aer
524 293 721 326 anteriorem
737 303 855 340 magna
880 293 913 325 vi
932 289 1084 338 propellit
1102 318 1112 334 ,
1143 291 1221 326 dum
1245 293 1358 341 prcffus
1379 297 1411 329 vi
1428 293 1482 330 sua

85 338 212 376 elastica
223 339 409 375 restituitur.
419 339 519 375 Unde
533 339 603 375 soni
614 350 726 375 omnes
746 339 823 374 licet
834 340 1010 375 admodum
1022 339 1195 387 inaequales
1206 370 1216 384 ,
1241 341 1356 390 aequali
1366 354 1482 379 -tamen

84 388 251 424 celeritate
263 388 486 425 diffunduntur
497 418 507 432 ,
528 400 587 424 nec
596 395 700 438 major
711 388 803 425 sonus
813 387 833 424 a
842 390 968 423 minore
979 386 1089 422 differt
1100 417 1110 432 ,
1121 388 1178 424 nifi
1189 392 1277 437 quod
1291 391 1395 439 plures
1411 404 1483 440 par-

87 447 134 472 tes
148 439 229 472 aeris
247 438 360 473 eadem
378 437 544 472 celeritate
553 449 742 472 moveantur
757 453 765 480 ;
781 449 886 486 partes
901 437 1033 484 quidem
1045 440 1127 472 aeris
1148 451 1215 473 non
1232 441 1348 474 eadem
1369 442 1402 475 vi
1421 440 1483 476 fle.

86 488 215 523 &untur
226 516 234 529 ‚
247 486 298 521 sed
311 487 426 521 eadem
440 488 571 535 penitus
589 487 797 523 restituuntur
811 500 820 522 :
834 498 870 522 ut
887 488 919 522 in
931 488 1080 523 Vitruvio
1094 486 1218 523 Gallice
1237 491 1327 524 'edito
1344 490 1482 526 demon-

84 535 168 573 strat.
182 538 226 571 D.
241 536 400 572 Perrault.

127 585 186 620 Ista
199 584 332 631 quidem
343 584 506 620 denatura
517 581 584 620 soni
597 587 630 619 in
642 586 744 633 prima
755 584 843 634 hujiis
857 587 962 634 operis
977 585 1130 621 Editione
1146 586 1280 622 strictim
1298 591 1482 638 attigimus:

85 633 138 669 sed
154 645 229 668 cum
241 633 303 668 hoc
314 645 542 682 argumentum
552 634 638 668 idem
648 636 707 669 Vir
719 634 841 670 Clariff.
857 635 1010 683 peculiari
1027 647 1127 682 opere
1140 638 1247 683 paucis
1262 636 1380 674 abhinc
1390 650 1484 674 men-

86 680 170 718 sibus
183 684 215 717 in
230 681 333 717 lucem
348 683 436 717 edito
447 683 530 717 adeo
543 682 762 720 luculenter&
772 682 871 718 solide
884 686 1073 719 tractaverit
1083 712 1092 726 ,
1107 695 1142 719 ut
1161 687 1220 719 vix
1232 689 1409 734 quicquam
1429 701 1484 736 op-

87 733 147 766 tari
163 730 256 780 poffit
276 733 451 766 accuratius
467 761 476 776 ‚
493 732 524 766 id
537 734 655 766 caeteris
668 731 781 767 saltem
798 732 987 768 nationibus
998 746 1066 768 non
1077 735 1237 780 ingratum
1260 734 1329 770 fore
1347 748 1428 785 puto
1440 767 1449 780 ‚
1463 736 1483 772 fi

87 793 126 815 ex
139 793 179 814 eo
191 792 289 828 opere
302 780 429 815 Gallice
444 780 624 828 conscripto
635 793 672 815 ea
685 794 869 830 excerpam,
888 795 958 829 quae
974 783 1013 816 ad
1031 783 1207 817 institutum
1227 785 1365 819 nostrum
1389 787 1483 820 vide-

87 828 206 863 buntur
220 832 362 864 maxime
372 831 542 878 pertinere.
572 831 620 864 Ac
632 829 772 878 primum
798 831 932 877 quidem
951 831 981 864 id
1004 832 1153 878 principii
1177 830 1251 867 loco
1271 834 1484 879 statuendum,

86 877 200 912 sonum
218 891 255 912 ex
270 891 440 926 corporum
451 877 561 913 collisu
575 878 614 912 fic
629 876 734 921 effici,
750 891 785 913 ut
796 878 962 926 peculiaris
978 879 1030 913 illa
1049 907 1058 920 ‚
1083 881 1123 913 de
1141 892 1204 926 qua
1228 881 1363 916 diximus
1376 912 1385 926 ,
1401 887 1484 919 aeris

86 928 221 975 agitatio
249 925 348 974 posita
363 925 398 961 fit
415 929 447 961 in
469 925 558 975 spatii
578 925 669 974 ipsius
687 956 696 970 ,
713 928 746 962 in
762 939 830 974 quo
850 939 1049 975 unaquaeque
1067 930 1147 961 aeris
1166 930 1320 975 particula
1337 943 1484 968 commo.

88 976 333 1023 veturangustia
343 1005 352 1019 ,
366 974 454 1010 fimul
465 977 540 1012 &in
550 976 724 1011 velocitate
734 975 932 1020 incredibili,
944 989 1005 1023 qua
1017 989 1124 1012 motus
1141 977 1195 1012 ille
1204 977 1379 1026 perficitur.
1388 984 1426 1016 Et
1437 982 1484 1016 sa-

86 1035 129 1062 ne
141 1023 240 1071 fiquis
251 1026 378 1059 intento
392 1026 503 1059 animo
513 1027 674 1060 maximos
692 1024 841 1072 quosque
855 1036 974 1060 naturae
988 1025 1119 1060 effeetus
1133 1029 1361 1073 perpenderit,
1381 1032 1405 1064 is
1420 1034 1483 1065 uti-

89 1086 154 1121 que
170 1073 264 1107 facile
282 1074 522 1108 animadvertet
545 1085 600 1107 eos
620 1076 757 1121 partium
777 1072 950 1108 subtilitate
962 1103 971 1117 ,
990 1079 1022 1110 ὅ(
1038 1086 1143 1109 motus
1156 1075 1321 1111 celeritate
1334 1082 1483 1114 contine-

90 1125 126 1158 ri.
146 1123 317 1169 Qantum
335 1133 441 1157 motus
458 1121 613 1157 velocitas
629 1125 810 1169 potentiam
833 1125 866 1157 in
884 1123 1041 1158 machinis
1071 1123 1221 1171 adjuvet,
1244 1126 1396 1162 omnibus
1422 1142 1483 1164 no-

93 1182 161 1205 tum
179 1171 225 1205 est
241 1172 361 1218 3idque
380 1170 484 1205 multo
503 1172 546 1206 est
565 1171 708 1206 illustrius
727 1173 760 1206 in
778 1170 841 1219 ipsa
854 1170 1049 1220 percuffione
1065 1200 1075 1215 ,
1088 1176 1175 1222 cujus
1195 1175 1241 1208 vis
1260 1175 1303 1209 est
1327 1189 1413 1224 pene
1433 1180 1484 1213 in-

89 1219 180 1256 finita
193 1248 204 1263 ,
216 1219 236 1254 fi
255 1232 328 1254 cum
348 1222 505 1267 gravitate
515 1232 730 1268 comparetur.

127 1271 238 1316 Atque
261 1268 338 1304 hinc
352 1270 508 1317 ptaecipua
528 1268 595 1303 soni
614 1269 827 1318 phaenomena
842 1269 925 1305 clara
944 1269 1024 1306 fiunt
1038 1299 1047 1314 ‚
1071 1275 1107 1307 &-
1128 1271 1306 1321 perspech.
1333 1274 1481 1311 Primum

92 1320 183 1354 enim
201 1318 291 1352 sonus
301 1329 389 1352 aures
403 1318 558 1363 duntaxat
568 1347 577 1360 ,
594 1331 659 1353 non
672 1319 734 1353 alia
746 1332 860 1354 movet
871 1332 1005 1368 corpora
1017 1334 1024 1356 :
1035 1332 1109 1354 nam
1121 1320 1230 1368 pluma
1242 1335 1402 1372 campana:
1414 1329 1483 1374 agi-

92 1379 167 1402 tatae
179 1367 309 1401 admota
319 1368 372 1400 vix
384 1378 608 1401 commovetur
622 1381 629 1403 ε
646 1380 719 1402 cum
735 1378 843 1403 tamen
860 1381 975 1404 ventus
994 1375 1027 1405 δε
1039 1369 1104 1403 aliae
1121 1373 1201 1404 aeris
1223 1374 1419 1419 agitationes
1436 1386 1484 1408 ra-

95 1418 184 1460 ἂιιε,
197 1429 262 1451 non
273 1415 401 1450 auditfis
411 1427 566 1464 organum
576 1416 695 1451 feriant
707 1430 715 1451 ε
729 1418 818 1464 quod
835 1419 869 1454 in
886 1417 963 1453 sono
979 1418 1111 1467 spatium
1125 1418 1202 1453 illud
1220 1423 1299 1455 aeris
1320 1424 1353 1457 in
1368 1435 1435 1470 quo
1448 1423 1484 1459 fit

95 1468 200 1500 motio
209 1464 343 1499 tremula
354 1494 364 1508 ‚
378 1464 413 1499 fit
423 1466 538 1500 arctius
549 1470 581 1502 &
593 1465 753 1514 particulae
761 1465 935 1502 *commotae
950 1467 1008 1502 sint
1020 1468 1215 1516 angustiores
1228 1498 1238 1512 ‚
1256 1470 1354 1518 quam
1370 1483 1405 1506 ut
1417 1475 1483 1508 vim

93 1514 181 1549 suam
196 1513 307 1548 invalia
321 1525 455 1561 corpora
468 1514 644 1549 conferant.
660 1515 722 1549 Sed
732 1527 802 1561 quae
817 1515 860 1550 est
874 1519 905 1551 in
915 1516 1043 1552 auditus
1054 1529 1176 1565 organo
1190 1528 1319 1553 textura
1331 1549 1339 1562 ‚
1362 1526 1395 1556 &
1411 1534 1484 1569 par-

96 1566 177 1598 tium
191 1561 348 1597 subtilitas
359 1592 368 1605 ,
379 1564 410 1597 id
433 1561 532 1598 efficit
548 1575 582 1598 ut
595 1563 682 1597 illam
692 1566 773 1597 aeris
786 1566 1000 1613 agitationem
1013 1571 1046 1602 δέ
1059 1565 1295 1613 impreffionem
1315 1568 1410 1604 facile
1428 1582 1483 1604 ex-

95 1614 207 1660 cipiar.
217 1614 259 1647 Ea
271 1611 349 1647 vero
359 1614 464 1647 motio
476 1624 561 1646 tanta
576 1611 611 1647 fit
623 1612 787 1647 celeritate
799 1643 808 1656 ‚
818 1625 853 1648 ut
866 1619 931 1662 ejus
941 1616 1007 1648 vim
1017 1627 1070 1648 aer
1081 1626 1262 1649 commotus
1276 1617 1406 1652 eludere
1416 1632 1483 1654 non

97 1659 192 1710 poffit
207 1674 214 1696 :
229 1660 317 1708 quod
330 1673 462 1709 propter
470 1665 535 1709 ejus
549 1660 745 1696 fluiditatem
758 1663 791 1696 in
802 1662 870 1697 aliis
882 1662 1026 1698 motibus
1038 1662 1104 1698 fieri
1114 1662 1211 1700 solet:
1228 1667 1305 1712 quin
1322 1672 1353 1703 &
1368 1669 1484 1703 eadem

97 1712 240 1757 corporis
250 1711 477 1757 agitatimotio
489 1723 571 1758 pene
589 1712 714 1758 integra
730 1711 857 1760 longius
873 1712 1071 1759 provehitur.

137 1770 154 1792 2
164 1786 171 1794 .
183 1759 271 1792 Hinc
284 1758 320 1792 fit
330 1770 364 1793 ut
374 1759 441 1793 aliae
458 1761 537 1793 aeris
551 1762 789 1794 commotiones
800 1773 871 1795 cum
886 1760 946 1795 fint
965 1761 1069 1797 multo
1091 1762 1244 1796 tardiores
1257 1791 1265 1804 ‚
1287 1766 1484 1812 praecipitem

98 1806 187 1841 illam
197 1809 275 1841 acris
287 1810 470 1842 motionem
481 1816 552 1853 qum
571 1807 681 1843 sonum
697 1807 796 1843 efficit
809 1839 818 1853 ‚
832 1821 884 1844 aut
899 1823 1010 1858 parum
1023 1839 1032 1852 ,
1043 1822 1099 1844 aut
1118 1811 1197 1845 nihil
1211 1812 1395 1858 infringant.

134 1870 156 1900 3.
169 1857 358 1902 Repentina}
369 1857 452 1891 illius
463 1862 496 1893 δε
507 1857 680 1891 celerrimae
694 1859 849 1893 motion-Is
861 1861 908 1892 vis
920 1871 991 1893 cum
1004 1858 1041 1893 fit
1059 1871 1142 1907 pene
1156 1860 1354 1895 incredibilis
1374 1866 1384 1905 (
1402 1873 1436 1895 ut
1452 1864 1485 1897 in

98 1905 295 1954 percuffione
307 1918 437 1940 cernere
452 1906 518 1948 est)
533 1908 635 1941 vicina
646 1919 784 1954 quaeque
793 1920 928 1955 corpora
939 1907 1080 1955 impellit
1093 1922 1099 1943 :
1114 1910 1198 1942 unde
1215 1922 1255 1944 ex
1272 1922 1334 1944 una
1353 1909 1486 1944 infinita:

100 1955 259 2001 prodeunt
271 1954 481 2001 percuffiones
496 1983 505 1997 ‚
523 1961 556 1991 δέ
568 1954 770 1992 creberrimae
781 1956 992 1999 reflexiones,
1009 1957 1087 1991 dum
1098 1969 1158 1991 una
1175 1957 1294 1993 collifio
1309 1972 1362 1993 aut
1378 1958 1487 1994 vibra-

101 2005 149 2037 tio
162 2001 410 2037 innumerabiles
419 2002 496 2036 alias
510 2014 738 2050 procreat,quae
751 2004 838 2039 simul
849 2007 963 2052 junckae
974 2005 1086 2040 sonum
1096 2005 1248 2049 efficiunt,
1262 2007 1303 2041 co
1316 2013 1486 2054 majorem,

101 2050 169 2098 qno
183 2052 283 2099 prima
299 2050 417 2086 collisio
434 2051 480 2084 est
493 2050 626 2095 fortior,
643 2057 678 2089 δε
688 2054 892 2100 circumjecta
903 2066 1038 2102 corpora
1053 2066 1124 2089 eam
1133 2057 1279 2103 repetitis
1298 2054 1486 2092 reflexioni-

103 2099 162 2134 bus
173 2115 204 2135 m
214 2113 241 2135 iv
251 2102 273 2132 is
287 2111 415 2147 augent.

143 2163 177 2195 4.
230 2147 270 2182 uo
282 2148 386 2194 plures
400 2148 468 2182 sunt
479 2147 641 2196 particulae
659 2149 692 2184 in
710 2152 812 2196 prima
823 2150 983 2186 collisione
993 2153 1119 2200 agitatre
1132 2181 1141 2194 ,
1164 2150 1206 2187 eo
1216 2153 1307 2188 sonus
1331 2155 1373 2188 est
1388 2154 1486 2191 velie‘

102 2200 243 2233 mentior
261 2212 268 2233 :
286 2196 335 2231 sed
350 2197 463 2231 eadem
477 2199 522 2231 est
534 2196 683 2245 cujusque
693 2197 759 2233 soni
770 2198 924 2234 velocitas
941 2229 950 2242 ‚
966 2199 1028 2234 sive
1044 2199 1207 2243 intenlior‚
1224 2201 1290 2238 sive
1308 2202 1488 2250 languidior

103 2247 200 2282 fuerit
212 2249 313 2294 prima
323 2245 440 2280 collilio
454 2247 553 2282 :adeo
568 2258 604 2280 ut
614 2259 673 2294 pro
685 2250 808 2283 ratione
823 2246 982 2297 interje&i
999 2249 1089 2297 spatii
1106 2253 1294 2298 propagatio
1311 2249 1488 2288 soniretar-

104 2297 196 2330 detur
212 2293 378 2341 :utsiitoo
390 2295 571 2342 liexapeclas
583 2295 674 2330 sonus
693 2309 713 2338 7
739 2296 880 2332 secundis
896 2300 1027 2332 minutis
1046 2309 1223 2345 percurrat,
1243 2312 1283 2338 14
1300 2301 1427 2334 minutis
1444 2300 1488 2336 se-

104 2345 214 2379 cundis
231 2344 358 2392 duplum
378 2343 510 2392 spatium
524 2357 642 2391 nempe
659 2359 750 2388 2400
765 2347 942 2394 hexapedas
959 2347 1123 2381 decurret:
1139 2348 1226 2392 quod
1245 2349 1357 2394 utique
1376 2351 1407 2383 in
1418 2351 1488 2385 Re-

103 2396 159 2441 gio
173 2392 437 2478 Obsergjatorizj
453 2399 484 2430 δε
501 2393 650 2433 alibifuit
664 2395 880 2443 pendulorum
900 2408 963 2446 ope
981 2394 1319 2482 observatuin.EQiod
1332 2396 1352 2432 si
1365 2397 1488 2447 fclope-

308 2456 366 2478 om.
438 2470 446 2478 .
1242 2457 1259 2481 e
1272 2457 1290 2481 e
1304 2458 1322 2480 e
