1878 2724
392 155 464 196 462
732 145 994 184 PHYSICAE
1031 145 1194 182 PARS
1235 146 1518 184 SECUNDA.

390 199 511 247 frigore
524 196 732 244 subsequente
742 194 846 230 succus
863 208 931 230 non
946 194 1084 243 amplius
1094 197 1130 231 in
1145 194 1240 230 lobos
1253 224 1262 238 ,
1284 194 1336 231 sed
1350 199 1382 231 in
1400 195 1580 246 plantulam
1601 206 1788 242 commeat,

392 259 495 294 eaque
507 244 549 282 ab
561 256 701 291 utroque
724 243 874 278 folliculo
888 243 978 279 velut
989 244 1010 280 ὲ
1025 244 1152 280 duobus
1170 248 1319 280 mammis
1333 245 1470 281 lafitatur
1480 274 1491 290 ‚
1508 245 1614 281 donec
1624 247 1734 281 adulta
1750 249 1789 282 iis

393 308 460 331 non
475 305 569 343 egeat
581 321 590 337 ,
609 298 641 329 &
658 291 721 341 ipsa
736 305 793 342 per
812 291 843 327 se
853 305 934 341 opus
945 296 1162 342 vegetationis
1185 305 1375 342 exequatur.

431 342 587 391 Qandiu
598 353 706 377 tamen
717 342 806 377 radix
819 342 1001 390 producitur
1012 372 1022 386 ‚
1040 345 1094 378 vix
1104 342 1255 378 loborum
1268 372 1278 387 ‚
1293 349 1326 380 δε
1339 355 1409 379 tota
1423 343 1551 379 seminis
1562 341 1728 380 substantia
1742 343 1790 380 al.

396 394 589 427 terarionem
599 389 697 426 ullam
714 389 797 426 subit
815 404 823 426 ε
839 404 915 426 nam
924 403 1035 427 cortex
1047 393 1186 427 intactus
1200 404 1310 428 manet
1325 420 1333 432 ,
1354 398 1387 430 &
1400 392 1495 427 aridae
1510 392 1647 441 perstant
1658 394 1793 442 pellicu-

393 441 427 476 1ae
438 454 447 476 t
464 439 548 476 unde
563 440 652 475 radix
664 452 731 475 non
741 441 869 476 videtur
879 442 1120 476 incrementum
1132 453 1246 490 capere
1261 440 1302 475 ab
1313 441 1379 476 ullo
1389 441 1514 477 seminis
1526 441 1616 476 succo
1628 443 1801 487 interiore„

394 491 450 537 qui
462 500 598 524 externo
612 489 748 524 humore
763 489 908 525 diluatur·
927 490 963 525 Id
974 492 1086 537 utique
1100 490 1214 525 videre
1230 490 1276 524 est
1290 492 1325 526 in
1343 490 1448 526 baccis
1464 490 1542 525 lauri
1559 493 1723 527 interram
1733 492 1793 526 de-

394 539 495 573 ciduis
514 550 608 586 ,quar
620 537 731 586 longas
752 539 875 573 radices
898 539 1088 587 proferunt,
1113 551 1266 587 tanquam
1288 539 1448 575 funiculos
1459 542 1586 588 nigros,
1603 552 1676 576 cum
1690 540 1804 576 baccae'

396 589 523 623 interna
532 586 704 622 substantia
717 587 857 635 ejusdem
871 587 978 637 figurae
988 617 997 632 ,
1019 588 1136 637 saporis
1148 618 1157 633 ,
1173 588 1314 626 &molis
1329 601 1491 637 appareat.
1505 593 1575 624 lmo
1587 589 1794 626 &funiculus

396 635 451 671 ille
462 648 565 684 aequat
582 636 727 684 pondere
738 636 871 672 baccam
885 640 1056 686 integram.
1071 640 1233 688 roirca
1247 638 1339 673 radix
1355 637 1398 672 ab
1410 640 1549 673 extrario
1566 637 1700 673 humore
1720 651 1794 673 om-

395 688 476 721 nino
489 697 642 733 augeatur
652 683 776 720 necesse
790 686 842 722 est.
858 687 953 723 Vidit
961 686 1104 722 Borellus
1115 690 1284 736 ingentem
1317 686 1450 735 opulum
1464 692 1548 735 cujus
1559 688 1679 722 radices
1698 689 1733 722 in
1742 686 1795 723 sos

397 733 426 769 la
444 746 529 781 aqua
543 736 624 770 intra
637 735 880 781 aquae-dud'mm
901 736 994 771 instar
1011 736 1161 784 capillitii
1175 735 1293 772 fluam
1319 747 1394 773 ant.>

423 785 486 826 ‘Ac
496 784 536 818 de
547 786 759 831 vegetatione
777 783 936 820 seminum
952 783 1022 820 satis
1038 798 1096 833 pro
1111 786 1258 820 instituto
1273 802 1283 830 3
1302 797 1406 833 neque
1423 782 1545 821 necesse
1565 784 1613 819 est
1637 785 1699 820 hoc
1720 785 1797 821 loco

397 830 494 868 fufius
507 832 668 881 explicare
682 832 762 868 alios
778 833 964 881 plantarum
979 846 1118 871 exortus.
1146 835 1308 882 Qaedam
1327 837 1414 869 enim
1428 846 1466 870 ex
1478 836 1572 870 ramis
1594 845 1685 868 terrae
1703 847 1797 870 com-

399 880 494 917 miffis
509 910 520 924 ,
534 894 570 917 ut
588 882 681 925 vitis,
692 880 833 925 &salim
852 887 886 918 &
900 882 974 917 aliae·
986 885 1180 927 innumetae3
1199 883 1306 932 plures
1319 895 1359 918 ex
1372 882 1479 918 bulbis
1490 912 1500 926 ,
1524 894 1560 918 ut
1574 883 1684 918 multae
1700 896 1798 932 cepa-

399 942 470 965 rum
481 928 601 978 species
614 929 702 974 3a1iae
717 943 755 965 ex
771 929 946 973 radicibus,
957 942 995 966 ut
1011 932 1182 967 arundines
1198 938 1233 969 &
1244 932 1396 980 pleraque
1415 935 1559 981 gramina
1572 960 1582 975 ,
1593 930 1807 969 &micantum-

398 980 434 1014 ld
453 978 608 1014 omnibus
624 991 707 1027 pene
725 992 899 1015 commune
910 980 956 1014 est
971 1009 981 1024 ‚
993 992 1029 1015 ut
1046 992 1196 1029 turgente
1215 980 1307 1016 succo
1321 993 1423 1029 prope
1437 982 1539 1017 nodos
1557 979 1668 1016 fistulae
1688 981 1797 1031 ligno-

399 1029 436 1063 sae
447 1040 518 1063 cum
535 1028 672 1062 tracheis
685 1056 695 1072 ‚
725 1033 758 1065 &
774 1027 921 1076 appensis
931 1028 1075 1064 utriculis
1090 1030 1306 1078 producantur
1327 1033 1360 1066 in
1377 1042 1522 1078 gemmas
1539 1029 1680 1078 primum
1691 1059 1700 1074 ,
1726 1041 1796 1066 tum

402 1079 433 1111 in
448 1076 554 1111 caules
568 1105 576 1118 ‚
594 1089 662 1111 non
670 1077 764 1111 aliter
773 1089 810 1111 ac
825 1069 938 1114 surculi
949 1079 981 1112 in
993 1079 1099 1114 ramis.
1113 1081 1148 1113 In
1158 1077 1300 1113 bulbofis
1314 1089 1354 1113 ex
1368 1077 1489 1127 lignosa
1498 1084 1531 1115 &
1543 1078 1692 1113 solidiore
1701 1091 1796 1114 coro.

401 1138 441 1161 na
456 1138 529 1173 quae
539 1126 633 1160 estin
652 1124 717 1161 basi
733 1125 845 1162 infima
859 1137 985 1162 truncus
1002 1132 1036 1163 δε
1049 1126 1130 1162 folia
1140 1125 1319 1176 affurgunrz
1336 1127 1440 1164 succus
1453 1129 1469 1163 ὲ
1481 1126 1677 1163 craffiotibus
1695 1127 1799 1173 foliis,

402 1187 473 1223 quae
486 1173 629 1209 utriculis
643 1173 713 1210 sunt
723 1175 843 1210 referta
857 1204 867 1219 ‚
881 1174 1023 1224 primum
1037 1188 1180 1225 gemmas
1194 1206 1202 1220 ,
1221 1188 1290 1211 tum
1303 1177 1408 1212 caules
1421 1188 1571 1224 procreat
1590 1192 1598 1212 ;
1620 1177 1653 1212 hi
1665 1188 1722 1225 per
1736 1189 1801 1225 ρο(

402 1223 528 1260 dictilos
538 1235 615 1258 cum
629 1235 743 1258 trunco
753 1236 791 1258 ex
802 1236 867 1271 quo
878 1230 1092 1271 manaverunt
1105 1254 1115 1268 ‚
1129 1225 1288 1261 cohaerent
1306 1254 1315 1268 ‚
1335 1226 1409 1261 hinc
1427 1224 1551 1260 succum
1568 1225 1702 1262 eliciunt
1713 1254 1723 1269 ,
1735 1226 1796 1261 do-

403 1284 464 1309 nec
477 1272 624 1320 disruptis
643 1272 796 1320 pediculis
810 1277 886 1320 ‚jam
898 1273 941 1308 sui
951 1276 1029 1321 juris
1041 1272 1129 1310 fiant.
1148 1276 1210 1308 His
1220 1274 1336 1322 plantis
1351 1274 1436 1309 deest
1460 1274 1591 1320 quidem
1613 1287 1740 1310 truncus
1755 1276 1796 1310 ad

428 1321 668 1369 erpencliculum
687 1324 811 1357 erectus
825 1339 833 1366 3
855 1321 908 1357 sed
925 1324 968 1356 est
983 1323 1084 1358 nodus
1096 1325 1129 1358 in
1140 1335 1267 1358 coronae
1277 1324 1413 1359 modum
1425 1322 1536 1358 duetus
1548 1351 1559 1366 ,
1580 1326 1636 1371 qui
1654 1336 1692 1359 ex
1708 1322 1796 1359 fibris

403 1335 533 1419 ligneiS,
564 1369 964 1407 tracheis&usriculorum
981 1371 1148 1407 ordinibus
1169 1384 1284 1407 muzuo
1306 1372 1452 1421 implexis
1475 1375 1670 1409 contexitur.
1707 1375 1797 1409 Hinc

405 1432 544 1468 gemmae
557 1418 718 1467 pullulant
727 1449 736 1463 ,
747 1417 834 1467 quasi
854 1423 886 1455 in
908 1420 1063 1456 foliorum
1081 1421 1181 1456 axillis
1191 1422 1331 1457 candidae
1344 1439 1353 1465 3
1365 1432 1537 1456 contentus
1552 1424 1583 1456 in
1594 1420 1732 1457 bulbosis
1745 1422 1798 1458 fo-

405 1469 456 1503 liis
477 1467 581 1503 succus
600 1481 656 1516 per
671 1472 799 1517 propria
814 1468 884 1504 vasti
902 1472 932 1505 in
948 1483 1083 1516 fremmae
1100 1471 1241 1505 radicem
1261 1472 1416 1507 dedixerus
1439 1470 1593 1518 paulatim
1613 1470 1799 1509 absumitur.

405 1519 494 1553 Hinc
505 1530 588 1564 cepae
599 1518 761 1552 hortenses
772 1521 803 1552 in
816 1531 890 1553 aere
905 1500 1053 1567 suspensae
1068 1522 1261 1568 germinant.
1272 1518 1441 1556 collectus
1458 1521 1570 1566 itaque
1584 1522 1618 1555 in
1629 1518 1731 1556 crasfis
1744 1533 1798 1556 ce-
1821 1552 1829 1555 .

405 1578 516 1615 parum
534 1566 623 1601 foliis
640 1565 746 1601 succus
763 1567 971 1604 alimentitius
985 1598 996 1612 ,
1017 1574 1051 1606 &
1069 1559 1125 1617 per
1142 1568 1301 1604 radiculas
1318 1570 1475 1604 deductus
1497 1572 1582 1604 veris
1600 1581 1749 1618 tempore
1762 1572 1798 1608 in

413 1614 536 1649 caulem
548 1615 642 1650 flores
658 1620 690 1651 &
706 1614 825 1651 semina
842 1616 1026 1652 absumitur.

443 1664 567 1699 Eodem
583 1664 651 1699 fere
662 1666 764 1700 modo
781 1667 812 1700 in
828 1666 951 1716 tulippa
966 1672 998 1704 &
1010 1665 1165 1701 similibus
1187 1665 1290 1714 plures
1304 1665 1401 1702 bulbi>
1419 1679 1476 1714 per
1504 1666 1671 1715 pediculos
1685 1679 1802 1704 trunco

405 1712 566 1748 coliaerent
577 1743 586 1756 ,
599 1719 632 1750 δε
649 1713 734 1761 quasi
747 1715 891 1763 pendulae
908 1728 1045 1764 gemma:
1056 1713 1298 1762 conspiciuntur.
1311 1718 1456 1752 Exeunte
1468 1712 1610 1752 Οέῖοὺςί
1620 1719 1654 1752 in
1670 1717 1799 1766 plantu-

407 1761 436 1795 la
456 1766 524 1809 jam
537 1762 634 1797 caulis
647 1791 656 1805 ‚
671 1762 769 1807 folia,
780 1765 910 1800 stamina
923 1794 931 1807 ‚
948 1770 981 1801 &
1000 1764 1095 1812 stylus
1113 1762 1242 1812 tulippae
1255 1762 1394 1814 expressa
1403 1765 1652 1814 conspiciuntur.

442 1809 529 1846 Cum
543 1823 653 1846 antem
669 1826 787 1861 magna
802 1812 837 1847 sir
848 1815 976 1859 quaestio
990 1827 1031 1848 an
1048 1813 1164 1861 plantae
1174 1825 1212 1848 ex
1223 1816 1291 1848 ovis
1303 1816 1530 1848 tantummodo
1543 1842 1552 1856 ,
1580 1813 1683 1849 senex
1699 1813 1803 1850 semi«

407 1858 502 1894 nibus
513 1888 522 1903 ‚
534 1872 589 1894 aut
600 1859 710 1896 saltem
721 1874 761 1896 ex
774 1861 929 1896 radicibus
944 1890 953 1905 ,
972 1861 1024 1896 vel
1037 1865 1133 1896 ramis
1151 1873 1240 1896 terrae
1258 1863 1415 1897 mandatis
1435 1861 1638 1897 sobolescant
1650 1891 1660 1905 ‚
1675 1875 1717 1897 an
1729 1862 1799 1898 for-

409 1908 441 1942 τὲ
452 1908 549 1942 multa
562 1910 706 1957 gramina
717 1914 749 1945 &
763 1909 872 1944 herbae
882 1913 998 1957 cuique
1012 1912 1135 1958 regioni
1161 1909 1334 1946 familiares
1349 1909 1462 1959 sponte
1484 1912 1501 1946 ὲ
1520 1923 1603 1946 terra
1621 1910 1805 1950 nascantur..

410 1955 489 2009 Qf}
501 1957 567 1990 hazc
577 1958 711 2003 quaestio
727 1958 892 2005 dijudicari
906 1958 1028 2007 poss'et,
1042 1971 1157 1993 terram
1175 1959 1191 1994 ὲ
1207 1958 1370 2006 profundo
1387 1971 1510 1994 erutam
1530 1962 1638 1994 vitreo
1658 1958 1721 1995 vafi
1737 1963 1798 1996 im-

409 2008 515 2053 poluit
527 2004 651 2041 Clariis.
677 2005 896 2055 Malpigliius,
910 2021 945 2042 ac
964 2010 1040 2042 vitri
1058 2007 1217 2043 orificium
1240 2006 1279 2042 sic
1295 2008 1466 2057 multiplici
1485 2008 1562 2043 velo
1587 2007 1744 2053 obduxit,
1762 2021 1800 2046 ut

410 2066 527 2101 aquam
539 2060 691 2090 &aerem
709 2056 898 2091 admitteret
909 2086 917 2099 ,
934 2057 1054 2093 semina
1070 2069 1179 2092 autem
1192 2056 1315 2092 leviora
1331 2071 1401 2105 quae
1411 2070 1527 2093 ventus
1541 2057 1601 2093 huc
1617 2056 1799 2106 illucjaCta-

410 2113 444 2136 re
461 2101 559 2147 solet,
571 2107 707 2139 omnino
726 2104 909 2141 excluderet
926 2120 933 2141 :
949 2105 1062 2141 verum
1082 2106 1150 2141 haec
1165 2118 1247 2141 terra
1261 2108 1381 2142 nullam
1399 2105 1535 2142 herbam
1552 2107 1709 2153 protulit;
1728 2120 1800 2142 ma-

411 2163 477 2198 gno
496 2153 628 2199 quidem
648 2165 842 2202 argumento
865 2167 898 2189 ut
922 2156 1072 2190 animalia
1087 2185 1094 2197 ,
1116 2155 1155 2190 sic
1176 2155 1301 2204 plantas
1318 2168 1432 2191 omnes
1445 2169 1482 2190 ex
1500 2155 1672 2190 seminibus
1693 2156 1775 2192 nasci
1788 2186 1799 2201 ,
1845 2191 1863 2194 ,.

411 2200 511 2234 nullas
528 2201 589 2235 sine
604 2202 724 2237 semine
742 2202 933 2240 adolescere.
955 2204 1023 2242 Nisi
1037 2205 1121 2241 forte
1137 2217 1189 2239 eas
1211 2208 1427 2254 excipiamuS‚
1451 2217 1520 2252 quae
1533 2207 1566 2240 in
1587 2204 1658 2240 aliis
1681 2205 1800 2253 plantis

413 2261 616 2296 vegetantur.

448 2300 538 2333 Nam
549 2300 579 2333 id
591 2298 710 2335 merito
720 2299 859 2335 dubitari
871 2303 973 2348 potest
984 2302 1024 2335 de
1035 2302 1119 2338 visco
1136 2306 1288 2353 quercino
1301 2333 1310 2347 ‚
1325 2303 1365 2337 de
1386 2304 1492 2339 musco
1502 2334 1511 2348 ,
1527 2303 1709 2347 muoedine,
1720 2305 1798 2340 fun-

413 2347 459 2391 gis
470 2377 477 2386 ,
489 2360 592 2382 utrum
603 2362 641 2382 ex
652 2349 720 2383 aliis
735 2348 907 2386 seminibus
918 2366 952 2386 ea
963 2354 1133 2399 gignantur
1143 2383 1152 2396 ,
1172 2366 1210 2388 an
1225 2356 1329 2393 potius
1340 2365 1378 2386 ex
1394 2352 1485 2387 succo
1501 2353 1697 2388 alimentitio
1705 2353 1803 2402 plane

416 2404 457 2435 ω
468 2408 521 2431 aut
531 2398 755 2434 concrescente
769 2428 779 2444 ,
805 2413 860 2436 aut
872 2401 1032 2450 degenere
1041 2403 1209 2450 prodeant.
1222 2406 1258 2438 ln
1268 2402 1354 2439 visco
1365 2401 1485 2438 fruetus
1501 2408 1536 2442 δι
1545 2403 1665 2441 semina
1673 2402 1800 2452 conspi-
