1878 2724
510 96 666 134 'PARS
711 93 1022 133 SECUNDA.
1087 96 1095 102 ”
1413 106 1450 139 26

71 150 176 197 secar,
192 152 226 188 8(
240 147 281 184 εὸ
291 144 391 196 tnagis
402 173 412 190 ‚
426 145 492 196 quo
508 145 634 196 longius
654 146 675 182 ὲ
698 146 782 196 polis
796 147 925 181 recedit.
955 145 1056 183 Unde
1073 156 1133 181 nec
1160 145 1332 195 parallelos
1357 115 1466 187 circuli

72 201 171 236 GRH
187 201 222 234 in
237 208 343 245 aequas
353 206 459 245 partes
476 197 608 233 dirimit.
620 198 683 232 His
702 195 875 232 intellectis
888 195 930 229 ad
940 194 1092 244 sphaerarn
1108 207 1180 242 quae
1195 197 1350 233 mundum
1360 198 1465 246 ipsum

69 247 273 298 reptaesentat
284 275 295 292 ,
305 248 490 283 veniamus:
508 245 560 282 sed
571 248 735 295 optimum
745 244 842 281 fuerit
851 243 1003 294 sphaetam
1017 243 1219 281 artificialem
1236 247 1270 282 in
1286 258 1398 284 manus
1413 247 1464 283 su-

72 310 175 336 mere.
1030 322 1033 323 ν
1266 327 1269 329 -
1312 322 1314 324 -

104 349 146 382 In
162 346 280 396 sphaera
294 356 348 382 aut
360 344 462 393 globo
472 344 606 393 quidam
621 342 733 380 circuli
745 342 950 378 delineantur
961 371 972 386 ,
985 344 1043 390 qui
1061 346 1170 392 magni
1187 343 1258 380 sunt
1269 342 1345 379 usfis
1360 358 1370 380 τ
1383 356 1466 392 quo-

70 401 141 433 tum
153 397 209 431 alii
219 395 290 432 sunt
301 396 454 436 maximi,
471 406 507 429 ut
519 396 550 429 G
564 396 588 429 B
599 396 633 429 H
645 421 656 436 ‚
676 392 734 428 alii
746 394 886 428 minores
905 403 941 426 ut
959 394 988 427 A
1006 395 1027 427 F
1045 394 1079 428 E.
1093 395 1163 441 Qi
1175 392 1245 429 sunt
1257 392 1394 430 maximi
1404 394 1471 429 .vel

70 445 141 482 sunt
162 443 349 481 immobiles
370 455 406 491 ut
418 444 591 490 Hotizon,
609 442 854 481 &Meridianus
866 440 947 485 ;vvel
968 440 1108 477 mobiles
1122 470 1133 487 ,
1165 454 1200 478 ut
1217 446 1377 491 AEquator
1396 469 1406 486 ,
1425 448 1462 481 ’δε
1487 472 1493 476 .

64 494 250 531 zodiacus.
475 501 477 503 ’

109 558 148 584 10·
160 545 314 579 Horizon
322 541 373 578 scu
383 542 494 578 finitor
506 540 545 576 fic
553 541 671 576 dicitur
683 568 694 584 ‚
713 539 801 588 quod
824 537 987 589 aspeEtum
1003 541 1149 576 nostrum
1169 539 1306 576 definiat
1316 568 1325 583 ,
1344 553 1381 574 ac
1395 552 1465 575 coe-
1486 558 1491 573 ;

71 591 138 628 lum
155 594 187 627 in
197 592 273 627 duas
286 603 391 640 partes
406 591 512 634 secet,
528 602 665 638 quarum
678 601 742 625 una
760 587 855 624 nobis
867 588 1040 638 conspicua
1062 590 1110 624 est
1125 619 1134 633 ,
1151 589 1254 624 altera
1264 588 1462 628 abscondita.

71 643 138 677 Hic
170 640 302 675 circulus
319 638 505 675 describitur
518 649 672 687 tanquam
687 638 707 674 ἓν,
720 636 846 673 duobus
860 639 943 687 polis
954 667 965 684 ‚
984 638 1137 688 &puncto
1159 639 1251 686 quod
1263 638 1382 674 vertici
1405 652 1466 674 no-

72 690 138 725 stro
152 691 300 732 imminet
315 717 325 733 ,
338 689 492 736 quodque
505 688 627 724 Zenirh
639 689 799 724 vocitatur
811 715 822 730 ‚
837 687 872 724 δ’(
889 689 909 724 ἐι
924 689 1045 737 ρυηᾶο
1065 686 1213 738 oppofito
1227 716 1237 731 ‚
1257 688 1347 736 quod
1360 689 1466 725 Nadir

73 737 248 786 appellant.
262 737 341 775 Utfi
354 738 574 785 concipiamus
586 738 790 773 horizontem
799 738 830 772 C
844 739 876 773 D
887 765 897 781 ,
914 737 998 773 illius
1012 737 1103 786 polus
1116 739 1178 773 erit
1189 741 1227 773 Z.

98 787 258 822 ’Horizon
267 787 387 836 duplex
396 784 496 835 vulgo
509 786 673 831 statuitur,
687 798 767 822 unus
783 788 840 834 qui
851 787 916 821 dici
930 786 1010 822 solet
1019 786 1186 822 rationalis
1196 815 1206 830 ‚
1230 786 1313 822 alter
1336 786 1464 824 senfibi-

70 835 108 871 lis
121 864 131 879 ,
146 834 201 870 ille
216 848 273 885 per
289 847 433 872 centrum
443 847 532 870 terrae
542 836 612 879 ‚hic
625 848 682 885 per
694 835 779 883 illius
789 834 992 884 superficiem
1006 834 1127 872 tranfit.
1140 836 1227 871 Cum
1253 847 1364 872 autem
1380 849 1464 873 terra

56 909 58 911 »
72 896 146 920 cum
155 883 242 920 coelo
250 891 437 934 comparata
454 888 466 930 (
483 884 539 920 nisi
548 884 664 921 coelum
682 884 792 919 lunare
813 886 1001 934 exceperis)
1023 887 1136 934 puncti
1152 883 1272 921 habeat
1282 888 1444 923 rationem
1454 917 1465 931 ,

72 941 150 969 unu's
166 932 210 967 ab
219 934 324 970 altero
336 935 509 970 horizonte
523 931 709 969 sensibiliter
721 945 790 969 non
803 932 970 983 discrepat.
1368 962 1372 964 ἡ

104 984 259 1032 Praecipui
270 984 335 1019 usus
351 983 531 1019 horizontis
540 982 612 1019 sunt
624 982 714 1026 duo,
731 980 851 1030 primus
862 995 899 1019 ut
908 983 1028 1019 coelum
1046 986 1078 1020 in
1092 985 1157 1020 duo
1174 981 1394 1033 hemisphaeria
1421 985 1465 1020 se-

55 1042 142 1076 vcet,
156 1043 297 1080 quorum
309 1031 478 1068 alterum&
491 1031 585 1068 nobis
595 1031 788 1081 conspicitur
798 1059 808 1075 ,
829 1031 968 1068 alterum
991 1033 1178 1069 occultatur.
1199 1034 1362 1069 Secundus
1378 1046 1412 1070 ut
1430 1037 1464 1072 in

73 1092 115 1115 eo
133 1092 220 1116 ortus
234 1085 267 1117 δέ
280 1081 407 1116 occasus
422 1080 557 1116 fiderum
575 1080 779 1129 designentur
797 1095 805 1116 :
828 1080 880 1115 sed
893 1082 934 1116 de
949 1081 997 1116 his
1007 1083 1124 1130 postea.

64 1130 67 1133 ’
111 1129 276 1164 Secundus
287 1129 421 1164 circulus
434 1128 560 1177 sphaerae
572 1128 749 1164 immobilis
763 1130 880 1164 dicitur
892 1131 1100 1165 meridianus,
1127 1132 1193 1165 Hic
1212 1142 1269 1178 per
1289 1142 1464 1180 utrumque

74 1177 188 1213 mundi
198 1177 328 1225 polum,
350 1184 384 1215 δε
394 1179 551 1214 verticem
559 1179 699 1213 nostrum
714 1177 830 1215 transit.
851 1179 953 1216 Unde
971 1178 993 1214 fi
1008 1180 1220 1215 meridianum
1236 1182 1466 1229 >concipiamus

73 1229 100 1262 P
109 1229 139 1261 G
149 1229 185 1262 O
195 1229 219 1262 P
229 1255 240 1270 ‚
263 1226 345 1262 illius
356 1226 424 1276 poli
437 1238 531 1262 erunt
544 1229 578 1262 in
591 1227 782 1263 horizonte:
808 1224 947 1276 cru-nque
959 1238 1040 1262 unus
1053 1239 1093 1262 ex
1110 1227 1157 1262 his
1172 1227 1298 1262 circulis
1313 1241 1371 1278 pet
1380 1229 1466 1265 alte..

73 1279 137 1310 tius
147 1275 241 1324 polos
255 1275 409 1320 transeat,
420 1274 484 1310 sese
498 1277 642 1312 invicem
661 1274 854 1311 intersecant
869 1277 911 1310 ad
928 1275 1062 1326 angulos
1075 1278 1181 1312 rectos
1196 1305 1207 1320 ,
1223 1276 1275 1312 seu
1288 1279 1465 1327 perpendi-

74 1323 226 1359 culariter
235 1353 245 1368 ‚
259 1330 292 1362 &
301 1326 341 1361 ad
353 1337 512 1361 normam.

112 1375 285 1421 Praecipuus
297 1373 386 1422 hujus
399 1374 509 1408 circuli
522 1373 589 1409 usus
605 1377 637 1410 in
653 1386 693 1408 eo
711 1374 757 1408 est
772 1372 902 1421 positus,
913 1386 948 1408 ut
963 1373 1081 1409 coelum
1096 1377 1128 1410 in
1147 1375 1224 1410 dues
1240 1386 1347 1424 partes
1358 1373 1462 1419 secet,

76 1433 212 1469 quarum
228 1433 288 1457 una
299 1421 415 1456 dicitur
430 1422 611 1457 orientalis
625 1452 635 1467 ‚
651 1422 752 1457 altera
765 1423 998 1458 Occidentalis,
1009 1424 1108 1459 Unde
1118 1435 1190 1458 cum
1200 1423 1246 1460 sol
1256 1425 1297 1460 ad
1309 1436 1383 1460 eum
1401 1426 1463 1459 cir-

77 1469 186 1506 culum
199 1471 312 1505 diurna
323 1470 531 1506 conversione
548 1474 717 1520 pervenit,
737 1482 803 1505 tum
816 1471 939 1506 medius
948 1470 1071 1507 effluxit
1080 1473 1159 1508 dies.
1179 1485 1181 1488 ·

123 1517 250 1554 Verum
264 1530 330 1566 quo
341 1518 409 1554 usus
424 1519 519 1568 huJus
527 1520 640 1555 circuli
651 1547 659 1558 ,
675 1525 708 1557 &
719 1519 857 1555 aliorum
867 1519 980 1555 melius
995 1523 1228 1570 percipiantur,
1237 1522 1298 1558 ‘sex
1318 1524 1351 1558 in
1363 1523 1465 1567 coelo,

74 1571 158 1603 utin
174 1567 293 1616 sphaera
304 1567 464 1610 materiali
476 1570 597 1616 puncta
609 1566 791 1603 immobilia
801 1568 879 1602 licet
899 1569 1100 1618 intelligere,
1120 1582 1163 1605 ex
1181 1569 1298 1617 quibus
1313 1574 1466 1620 praecipui

77 1615 188 1651 circuli
197 1616 408 1650 delineantur.
425 1629 454 1649 10
464 1619 551 1650 enim
562 1617 628 1651 duo
641 1617 710 1651 sunt
723 1618 840 1664 pum‘lta
853 1618 884 1651 in
894 1618 1127 1660 meridiano,de
1140 1618 1255 1665 quibus
1268 1624 1335 1665 jam
1344 1620 1466 1661 dietum

79 1664 143 1700 fuit
154 1694 164 1708 ‚
183 1663 305 1700 Zenith
319 1692 328 1706 ‚
346 1669 379 1700 &
389 1665 490 1700 Nadir
502 1668 530 1700 Z
542 1670 576 1702 &
590 1670 640 1701 V:
660 1677 698 1700 ex
712 1667 749 1699 iis
761 1664 897 1701 horizon
909 1666 974 1702 CD
986 1665 1190 1703 describitur:
1204 1668 1287 1702 adeo
1297 1679 1333 1703 ut
1348 1679 1398 1703 tot
1407 1667 1467 1704 sint

79 1713 483 1756 horizonte5,&me'ridiani
498 1714 581 1761 quot
592 1713 744 1762 ejusmodi
753 1714 832 1749 suut
848 1716 972 1762 μιηᾶει.
981 1730 996 1752 2
1014 1716 1092 1751 Duo
1100 1716 1212 1750 itidem
1222 1718 1342 1764 puncta
1351 1715 1466 1752 suntin

79 1763 253 1798 horizonte
263 1788 272 1805 ,
282 1774 354 1809 quae
367 1764 435 1796 veri
444 1773 532 1805 ortus
542 1768 575 1800 ὃς
586 1761 715 1798 occasus
725 1763 892 1807 dicuntur,
907 1766 941 1798 in
955 1763 1074 1811 quibus
1085 1764 1241 1799 videlicet
1260 1777 1403 1813 aequator
1416 1765 1465 1800 se-

78 1823 132 1846 cat
141 1812 348 1846 horizontem
362 1839 371 1853 ,
391 1823 446 1845 aut
459 1810 503 1846 sol
520 1814 622 1847 oritur
649 1817 681 1849 &
697 1812 817 1847 occidit
833 1813 867 1847 in
891 1815 1103 1860 aequffloffiis:
1118 1824 1155 1847 ex
1169 1814 1216 1849 his
1228 1816 1345 1862 utique
1364 1818 1462 1850 meri-

77 1859 191 1895 dianus
217 1859 405 1896 delineatur.
454 1869 495 1905 30.
531 1858 717 1899 occurrunt
754 1863 788 1897 in
827 1862 1005 1898 meridiano
1047 1863 1113 1897 duo
1152 1863 1266 1899 mundi
1291 1864 1436 1899 cardines
1453 1893 1464 1909 ,

80 1910 162 1942 circa
191 1920 273 1956 quos
294 1910 417 1944 'mundi
442 1909 590 1946 machina
612 1910 805 1957 quotidiana
847 1912 1008 1960 vertigine
1047 1910 1206 1949 volvitur.
1251 1913 1365 1948 Polum
1388 1926 1432 1948 no
1449 1937 1467 1945 -

81 1954 133 1989 bis
155 1956 358 2003 conspicuum
381 1960 410 1993 Ρ
434 1986 444 2001 ,
486 1969 606 1994 vocant
628 1961 795 1995 Axfflcum
816 1987 826 2002 ‚
871 1959 925 1994 vel
965 1962 1263 2012 Septentrionalem
1277 1990 1287 2005 ‚
1335 1974 1467 2012 propter

79 2003 208 2052 ,septem
222 2004 578 2058 stellmuncmagcricm
597 2035 607 2049 ,
624 2008 677 2043 vei
698 2007 980 2044 constellationem
1008 2022 1083 2059 quae
1107 2009 1189 2047 Ursa
1204 2013 1312 2046 minor
1333 2012 1466 2047 dicitur.

79 2055 149 2088 Hic
158 2052 250 2101 polus
260 2051 350 2099 supra
358 2054 573 2091 horizontem
586 2056 617 2090 C
631 2060 661 2091 D
673 2068 800 2095 tantum
817 2057 992 2102 attollitur,
1007 2070 1167 2107 quantum
1188 2059 1350 2109 oppositus
1363 2063 1397 2096 O
1411 2063 1470 2109 qui

78 2100 353 2149 &Meridioualis
362 2103 437 2145 ,wel
447 2105 649 2139 Amareucus
667 2106 782 2140 dicitur
795 2135 807 2149 ‚
818 2106 874 2141 sub
891 2107 1060 2142 horizonte
1075 2106 1253 2144 delitescit:
1274 2110 1356 2143 adeo
1366 2120 1401 2143 ut
1413 2120 1463 2142 ar-

81 2163 138 2184 cus
153 2154 178 2187 P
189 2151 223 2185 C
235 2179 245 2194 ,
259 2150 313 2185 seu
322 2150 464 2186 elevatio
477 2152 546 2200 poli
554 2155 582 2187 P
593 2181 603 2196 ,
614 2153 710 2188 nobis
725 2154 888 2203 conspicui
901 2157 1030 2205 :equalis
1039 2156 1075 2193 sit
1083 2159 1170 2193 arcui
1188 2161 1218 2194 D
1227 2157 1326 2201 O‚seu
1336 2156 1463 2206 depres-

22 2234 26 2240 Ι
80 2198 167 2234 sioni
185 2199 312 2235 alterius
320 2199 394 2248 »poli
407 2201 489 2236 infra
500 2201 711 2236 horizontem
722 2203 752 2237 C
763 2206 806 2239 D.
998 2206 1000 2210 ’

122 2251 234 2297 3⁰Jam
245 2247 288 2284 ab
302 2249 350 2284 his
368 2249 450 2296 polis
459 2250 587 2284 circulus
603 2252 632 2284 G
643 2252 666 2285 B
676 2252 709 2284 H
721 2279 731 2293 ‚
742 2254 827 2286 inter
850 2265 905 2287 eos
918 2254 1045 2289 medius
1058 2253 1245 2288 describitur
1254 2283 1265 2298 ‚
1283 2256 1340 2301 qui
1355 2256 1462 2303 magni

73 2296 152 2333 ‘usus
162 2298 288 2333 futurus
305 2297 349 2332 est
362 2313 374 2334 :v
387 2298 473 2334 hunc
482 2310 680 2346 aequarorem
689 2311 808 2335 vocum
818 2329 827 2343 ‚
838 2300 933 2348 istunc
943 2314 1051 2337 motus
1069 2304 1168 2338 diurni
1177 2313 1302 2350 partes,
1316 2301 1366 2338 scu
1377 2315 1462 2337 tem-

84 2347 360 2394 pora-dimetitur:
377 2347 459 2383 adeo
470 2349 577 2394 'ut-560
589 2347 788 2397 illiuspacte's
796 2350 858 2393 *riu
866 2356 953 2398 lqnas
964 2350 1061 2386 utalii
1075 2351 1181 2392 circuli
1194 2375 1204 2394 ‚
1217 2350 1379 2396 dividitur,
1389 2355 1461 2400 qui.

73 2417 78 2424 «
121 2405 145 2423 ’Ὗ
