1878 2724
398 150 469 235 {31²ae
482 197 515 222 v.
528 187 741 219 Remiremom
755 184 871 219 dicitur
888 213 898 228 ,
917 187 985 219 vim
1002 199 1136 221 omnem
1148 186 1235 221 suam
1252 189 1386 223 exeruit.
1406 187 1496 222 Nam
1510 195 1546 222 ut
1569 197 1609 221 ex
1625 184 1798 221 relationi-'¹

401 234 459 271 bus
474 235 525 269 die
543 247 586 279 ²4
595 232 679 282 Julii
695 230 792 268 miffis
805 260 815 275 ,
836 236 1035 281 accepimus,
1049 232 1088 269 fic
1101 247 1218 270 terram
1240 235 1392 271 conmffit
1403 264 1413 279 ,
1433 247 1467 270 ut
1479 236 1566 270 tecta
1590 244 1799 270 corruerent?-

401 284 494 322 Adeo
514 293 548 317 ut
561 279 673 316 incolae
692 282 726 315 in
739 293 832 329 agros
844 281 874 316 se
884 285 1027 331 recipere
1041 295 1098 332 per
1108 286 1128 317 6
1141 283 1363 319 hebdomadas
1373 287 1477 321 coacti
1486 285 1603 320 fuerint
1617 294 1714 320 :narn
1727 280 1791 318 fin-

399 332 479 383 gulis
495 328 647 366 nostibus
661 328 834 375 saeviebat,
856 330 897 365 de
910 331 962 366 die
978 345 1153 380 nunquam.
1172 336 1246 369 Nec
1260 332 1323 368 fine
1344 332 1472 382 fragore
1484 336 1616 369 tonitrui
1626 346 1690 368 non
1711 330 1797 367 abste

401 380 490 422 mili,
504 381 560 427 qui
579 390 685 414 tantus
708 378 789 423 fuit,
811 392 847 415 ut
869 383 1032 415 canonicae
1063 382 1194 416 fornicis
1218 380 1363 417 Ecclesia:
1385 386 1506 418 ruinam
1522 395 1589 419 non
1617 383 1801 418 audierint„

399 430 549 466 Flammae
566 431 773 462 continenter
789 429 807 465 ὲ
831 440 918 463 terra
932 430 1149 478 erumpebant
1164 433 1244 465 citra
1259 431 1384 466 hiatum
1405 432 1508 467 ullum
1519 460 1528 474 ,
1542 442 1597 466 aut
1609 425 1804 473 rimammiffi

400 491 466 514 uno
477 480 509 512 in
521 475 616 524 locof,
642 480 727 525 cujus
740 478 827 513 rimae
836 478 975 512 altitudo
986 478 1096 514 frustra
1112 480 1158 514 est
1175 480 1343 529 explorata
1361 494 1368 515 :
1399 493 1438 516 ea
1449 480 1581 528 quidem
1598 480 1714 528 postea·
1736 491 1795 513 oc·

401 526 484 562 clusa
515 526 567 561 est.
614 528 701 575 Ignis
739 529 798 573 qui
830 526 964 562 subinde
991 528 1182 577 erumpebat
1205 558 1214 572 ‚
1253 534 1285 565 &
1316 528 1519 577 frequentior
1550 539 1619 563 erat
1649 530 1684 563 in
1714 527 1803 562 locis·

401 574 551 617 consitis,
582 586 702 610 tetrum
729 576 866 611 odorem
889 574 1044 620 afflabat,
1068 590 1134 613 non
1159 576 1362 626 sulphureum
1391 590 1522 622 tamen,
1540 589 1601 613 nec
1622 579 1804 625 quicquam*

402 622 627 659 comburebat.
644 625 769 660 Exastis
784 623 1063 661 sexthebdomadis
1076 629 1164 661 cives
1178 629 1212 662 in
1227 625 1340 662 urbem
1360 638 1545 662 remearunt
1565 655 1574 670 ‚
1604 638 1675 660 cum
1696 627 1806 660 ration

403 672 480 709 esset
495 684 585 708 terrae
601 684 723 708 tremor
736 703 746 717 ,
757 686 816 708 nec
834 674 972 723 amplius
985 677 1070 710 reeta
1081 676 1242 723 dejiceret.
1267 678 1325 711 Vis
1342 676 1426 711 illius
1442 678 1584 711 maxima
1596 675 1636 709 ad
1649 677 1799 721 quinquo

400 735 456 758 aut
472 722 522 757 sex
532 722 634 757 leucas
644 725 747 771 patuit
756 751 766 766 ,
783 728 817 759 &
834 724 869 758 in
883 725 920 759 iis
930 722 1130 771 potissimum
1148 724 1228 759 locis
1241 736 1415 772 quaeerant
1424 723 1615 773 depressiora
1630 752 1640 767 ‚
1659 728 1693 759 &
1706 722 1808 757 colli-

402 771 462 806 bus
473 775 666 819 intercepta,
693 773 782 806 Fons
796 771 930 819 quidam
951 771 1024 806 urbi
1041 775 1204 822 proximus
1226 774 1312 808 adeo
1330 773 1473 808 turbidus
1488 773 1564 808 hinc
1581 773 1749 821 apparuit,
1761 782 1808 806 υτ

403 833 522 868 aquam
535 819 652 869 sapone
665 819 824 855 imbutam
835 833 904 856 non
913 820 1024 856 colore
1034 821 1155 866 modo,
1169 821 1220 857 sed
1236 828 1269 860 δέ
1285 825 1318 856 vi
1326 821 1501 857 abstersiva
1512 823 1650 857 omnino
1666 820 1809 856 referat.-

406 872 517 917 Atque
530 871 564 904 in
575 869 658 904 illius
675 868 843 918 superficie
859 870 966 918 spuma
979 872 1130 917 quaedam
1140 871 1315 907 concrescit
1329 871 1438 920 saponi
1449 884 1517 907 non
1530 869 1684 907 diffitnilis
1708 883 1729 905 :⁷
1744 880 1804 904 ea-

407 932 473 967 que
491 921 526 954 in
538 930 620 966 aqua
629 918 728 953 instar
738 917 861 965 saponis
874 917 1058 954 exsolvitur.

444 970 525 1016 Jam
538 969 629 1016 ignes
645 967 794 1002 accensos
807 979 865 1014 per
877 980 974 1003 venas
993 967 1210 1004 subterraneas
1226 969 1320 1004 instar
1338 979 1490 1016 aquarum
1519 966 1651 1016 longius
1673 965 1802 1015 serpere

408 1016 480 1052 satis
494 1015 667 1052 verisimile
681 1016 818 1052 videtur.
832 1018 919 1051 Hinc
931 1016 1103 1052 Gaffendus
1118 1020 1151 1052 in
1165 1019 1231 1052 vira
1245 1017 1399 1053 Peiresrtii
1418 1015 1519 1051 refert
1537 1017 1653 1050 eodem
1673 1026 1802 1063 tempo-

409 1077 444 1099 re
456 1065 681 1102 incendiumin
694 1067 792 1099 Semo
806 1064 994 1113 AEthiopum
1013 1076 1126 1101 monte
1136 1095 1145 1109 ‚
1163 1078 1231 1114 quo
1240 1065 1459 1103 Vesuvianurn
1477 1067 1511 1100 in
1521 1065 1702 1113 Campania
1713 1075 1802 1098 anno

412 1119 485 1160 1633
496 1111 662 1163 contigisse
678 1125 687 1147 ε
715 1115 757 1148 ita
771 1125 807 1148 ut
819 1113 978 1149 Vesuvius
992 1126 1066 1149 cum
1079 1118 1173 1150 AEtna
1189 1143 1199 1158 ‚
1212 1116 1267 1151 hie
1275 1128 1347 1150 cum
1361 1116 1453 1163 Syria
1469 1141 1488 1157 ,,
1507 1126 1579 1161 quae
1593 1125 1666 1148 cum
1682 1111 1804 1148 Arabia·

409 1163 507 1199 felice
520 1191 529 1206 ,
542 1163 602 1197 ista
613 1163 745 1196 demum
758 1174 832 1197 cum
850 1174 962 1197 monte
974 1165 1321 1200 Semovcommunicet.
1333 1166 1413 1200 Sive
1424 1163 1516 1198 series
1528 1163 1676 1211 quaedam
1695 1163 1804 1196 incur·

410 1224 557 1248 xratarum
569 1213 697 1260 rupium
708 1210 833 1246 canales
846 1210 1046 1255 faciant‚five
1060 1211 1115 1259 ipsi
1132 1215 1224 1261 ignes
1236 1215 1303 1248 vias
1315 1212 1370 1248 sibi
1381 1214 1540 1261 aperiant.
1549 1210 1614 1247 Vifi
1627 1209 1697 1246 sunt
1707 1221 1804 1246 mon-

414 1262 642 1308 teseruptione
651 1262 775 1307 ignium
789 1261 1188 1304 creari,utPuteolanus,
1209 1274 1307 1309 quem
1328 1263 1520 1297 modernum
1539 1271 1659 1295 vocant
1680 1288 1690 1303 ‚
1715 1270 1804 1294 anno

414 1312 487 1357 1538.
508 1312 561 1344 Sic
569 1306 720 1345 Therasia
739 1306 837 1343 insula
851 1310 934 1342 inter
951 1308 1113 1357 Cycladas
1135 1309 1217 1344 circa
1240 1313 1368 1345 Senecae
1384 1321 1535 1356 tempora
1550 1307 1803 1344 emerfir.1nter-

414 1360 490 1394 dum
502 1370 592 1393 terrae
602 1368 692 1392 motu
704 1354 841 1392 flumina
853 1355 1022 1400 siccantur,
1036 1370 1123 1392 nova
1138 1370 1330 1408 emergunt:
1346 1358 1435 1405 quod
1456 1357 1541 1407 lapsu
1557 1369 1646 1392 terrae
1658 1357 1712 1392 vel
1727 1369 1806 1392 con-

413 1405 489 1443 sueti
513 1418 636 1442 meatus
648 1434 657 1448 ‚
683 1410 717 1442 &
731 1405 817 1439 alvei
833 1405 1058 1449 occludantur‚
1073 1409 1125 1440 vel
1138 1409 1216 1442 novi
1227 1410 1423 1456 aperiantur.
1445 1409 1610 1455 Tempore
1629 1405 1804 1441 Vesuviani

414 1457 558 1492 incendii
569 1455 643 1490 litus
654 1454 911 1502 Neapolitanum
925 1454 1104 1502 aliquantis
1121 1467 1153 1490 et
1171 1455 1361 1491 exsiccatum
1375 1455 1460 1499 fuit,
1476 1467 1512 1490 ut
1524 1457 1612 1490 idem
1630 1453 1804 1491 Gaffendus

417 1505 538 1549 refert,
561 1514 754 1539 revomente
770 1505 900 1538 interim
921 1515 1034 1539 monte
1045 1502 1086 1538 ab
1103 1516 1210 1553 orptas
1229 1503 1366 1540 hiatibus
1383 1517 1480 1552 aquas
1492 1533 1503 1548 ,
1518 1504 1570 1539 sed
1586 1503 1720 1539 admisto
1742 1501 1805 1538 sul·

417 1554 520 1604 phure
550 1551 759 1602 ignescentes.

419 1626 421 1633 ·
455 1603 565 1639 Plures
588 1601 657 1637 sunt
672 1612 762 1635 terrae
780 1613 930 1638 motuum
954 1602 1095 1650 species,
1117 1613 1174 1637 aut
1194 1600 1307 1636 diverfi
1322 1604 1429 1651 potius
1445 1601 1593 1637 effeetus.
1617 1601 1703 1636 Cum
1719 1601 1807 1636 enim

421 1651 585 1688 exhalatio
603 1649 753 1693 accensa,
768 1663 803 1686 ut
817 1650 854 1686 fit
868 1654 900 1687 in
916 1651 1068 1687 cuniculis
1081 1680 1092 1695 ‚
1113 1653 1199 1686 antri
1218 1653 1379 1686 interioris
1396 1651 1555 1686 fornicem
1572 1648 1687 1685 sursum
1701 1653 1809 1697 ejacu-

420 1702 503 1736 latur
516 1730 524 1743 ‚
535 1700 618 1734 adeo
631 1710 666 1733 ut
676 1699 769 1733 instar
779 1702 902 1735 arteriae
918 1700 1049 1736 alternis
1068 1702 1223 1746 erigatur,
1245 1712 1283 1734 ac
1296 1698 1430 1735 subfidat
1445 1728 1455 1743 ‚
1471 1711 1539 1735 turn
1557 1699 1661 1747 pulsus
1681 1696 1724 1733 ab
1735 1698 1810 1732 Atia

421 1749 535 1785 stotele
551 1749 749 1784 nominatur.
773 1751 859 1783 Cum
870 1748 1175 1784 autemlateraillius
1187 1760 1332 1783 cavernae
1345 1761 1415 1796 quae
1431 1748 1572 1796 spiritum
1595 1747 1684 1782 velut
1701 1748 1810 1795 capti-

422 1811 502 1834 vum
520 1799 638 1831 retinet
651 1824 660 1839 ‚
677 1796 862 1831 alternatim
875 1825 885 1839 ‚
911 1803 944 1834 δε
966 1796 1130 1832 subsultim
1154 1795 1322 1831 vibrantur
1334 1825 1344 1839 ,
1357 1808 1478 1831 tremor
1491 1797 1538 1830 est
1550 1824 1559 1838 ‚
1580 1798 1637 1843 qui
1653 1795 1810 1830 inclinata

422 1849 490 1882 cito
508 1846 653 1880 restituit.
679 1845 743 1879 Sed
760 1844 816 1879 ubi
829 1847 950 1880 nonita
964 1845 1098 1880 libratur
1114 1844 1189 1880 hinc
1198 1856 1294 1891 atque
1303 1847 1381 1880 inde
1390 1857 1472 1880 terra
1484 1873 1493 1887 ‚
1510 1855 1545 1879 ut
1563 1844 1637 1879 loco
1649 1842 1705 1878 suo
1720 1842 1810 1878 cele-

422 1898 501 1930 riter
508 1894 657 1928 reddatur
671 1921 680 1936 ‚
701 1893 864 1928 inclinatio
877 1894 919 1928 est
932 1893 1072 1929 :edificiis
1084 1893 1278 1941 perniciosa:
1291 1906 1365 1928 narn
1381 1896 1518 1941 parietes
1532 1921 1543 1936 ‚
1563 1898 1597 1929 &
1616 1893 1703 1928 ceeia
1718 1902 1810 1927 extra

422 1941 687 1993 perpendiculum
696 1939 838 1988 suspensa
849 1942 1062 1978 collabuntur.
1075 1942 1250 1977 Inclinatio
1263 1942 1360 1991 longe
1378 1943 1420 1977 est
1435 1940 1652 1991 periculosior,
1663 1953 1736 1976 cum
1748 1952 1809 1976 ter.

425 2005 459 2027 ra
478 2003 570 2027 nutat
582 1991 702 2037 navigii
718 2002 827 2026 more:
845 1990 899 2025 nisi
917 1994 1004 2027 enim
1015 2003 1120 2027 motus
1131 2003 1170 2026 ex
1178 1991 1276 2026 altera
1290 2003 1380 2040 parte
1392 1991 1546 2027 inclinata
1559 1991 1726 2032 restituat,
1741 1991 1808 2025 ruia

425 2054 466 2077 na
476 2040 625 2087 sequitur.
645 2039 730 2072 Cum
742 2050 887 2074 cavernae
899 2043 981 2075 intus
991 2039 1061 2075 sunt
1073 2039 1244 2088 ampliores
1257 2069 1268 2084 ,
1290 2052 1357 2077 tum
1373 2041 1547 2088 aliquando
1564 2039 1659 2075 urbes
1678 2041 1810 2087 integrae

427 2089 637 2124 absorbentur
651 2116 660 2130 ‚
677 2086 766 2121 nullo
785 2087 829 2122 sui
841 2089 975 2137 vestigio
993 2090 1120 2125 reliCro.
1140 2090 1304 2124 Interdum
1317 2091 1432 2125 accidit
1446 2101 1482 2125 ut
1502 2088 1628 2137 spiritus
1650 2090 1683 2121 in
1707 2090 1810 2123 vorti-

427 2150 500 2173 cem
525 2139 613 2223 εξὶυς
640 2147 729 2171 terrae
744 2135 816 2171 loca
830 2149 1011 2176 commutet
1025 2167 1035 2183 ,
1054 2139 1142 2188 quod
1158 2137 1275 2175 ultimo
1294 2140 1437 2177 Neronis
1455 2151 1543 2176 anno
1563 2135 1727 2186 contigisse
1741 2135 1809 2180 1¹11<

427 2201 496 2225 mus
511 2200 544 2223 re
564 2197 621 2222 ert·
