1878 2724
349 165 824 204 TRACTATUS
903 166 1225 206 PRIMUS..
1453 176 1487 211 35

103 219 212 255 oleum
221 218 239 254 ὲ
249 216 357 254 multis
370 215 559 266 corporibus
569 246 580 261 ‚
600 227 637 251 ut
654 227 693 251 ex
707 215 886 266 amygdalis
899 245 910 260 ,
927 231 959 253 v.
972 217 1127 253 amandes
1144 246 1153 257 ‚
1173 217 1310 254 nucibus
1323 247 1333 263 ,
1357 218 1486 257 semini-

102 267 163 303 bus
185 280 240 317 pet
257 266 356 302 solam
369 265 604 316 expreffionem
617 266 779 309 educitur,
792 265 879 301 nulla
898 267 903 273 “
929 268 979 303 nis
989 270 1024 303 vi
1041 266 1283 317 adhibita.Jam
1299 267 1423 317 spiritus
1437 273 1488 307 in-

103 316 312 354 namn-rabilis
323 329 390 352 tam
398 317 472 352 aito
481 316 558 350 inest
573 317 653 351 vino
666 343 676 358 ,
692 317 793 363 quam
805 278 974 400 aquassrsa
986 331 993 353 :
1005 328 1082 352 cum
1094 317 1128 351 in
1139 315 1291 354 omnibus
1308 318 1488 354 fermenta-

103 367 143 401 tis
157 365 337 414 liquoribus
350 366 436 400 idern
446 364 569 412 spiritus
584 364 700 399 ardens
712 370 746 402 ὅ(
756 363 903 411 ejusdem·
926 367 1033 415 aporis
1050 365 1245 404 extrahatur.
1262 368 1355 414 Quin
1373 367 1440 404 solo
1450 369 1489 404 fi-

103 414 276 464 mfequini
292 415 400 450 calore
416 413 686 449 exstillatur.1m0
699 413 758 449 ubi
769 412 896 449 intenso
911 414 1032 499 fripote
1041 417 1168 458 vinum,
1180 427 1236 450 aut
1250 415 1401 451 cerevisia
1414 430 1492 454 con-

101 465 227 511 gelatur
239 493 248 508 ,
264 463 387 512 spiritus
401 464 441 498 ad
452 464 606 498 interiora
619 462 650 497 se
666 465 780 511 recipit
792 476 800 498 :
812 474 934 511 magno
958 476 1020 500 ane
1036 475 1229 513 argumento
1244 465 1491 514 spiritumillum

103 513 139 550 in
154 517 234 549 vino
247 513 392 547 existere.

143 563 231 611 Resp.
240 563 394 610 principia
408 559 643 609 Chymicorum
653 557 692 593 s1c
708 557 809 594 iness‘e⁴
825 560 934 594 mixtis
955 560 1145 608 corporibus
1160 589 1170 604 ,
1202 573 1240 596 ut
1257 574 1297 597 ex
1320 562 1491 599 elementis

105 611 308 661 prodierint:
327 621 435 656 neque
445 610 594 643 omniurn
612 608 728 642 eadem
747 609 791 642 est
804 610 895 643 ratio.
920 610 998 645 Non
1013 611 1100 644 enim
1114 611 1308 645 crediderim
1320 611 1397 646 sales
1412 611 1493 648 fixos

104 658 203 696 ineffe
214 657 406 707 corporibus
421 655 514 693 :curn
527 656 591 692 sola
599 657 766 692 adustione
776 669 984 705 procreentur
994 671 1002 693 :
1014 656 1067 692 sed
1084 670 1122 693 ea
1132 658 1178 694 est
1190 662 1332 707 partium
1351 672 1473 696 textura
1484 691 1496 707 ‚

103 719 181 757 quae‘
193 706 269 742 sales
280 736 290 750 ,
307 705 359 741 seu
371 717 465 742 terrae
477 721 491 749 ⁴,
515 711 550 743 &
567 718 658 754 aquae
671 709 898 743 concretiones
914 705 1060 756 praebet,
1082 720 1155 744 cum
1176 707 1263 744 calor
1278 721 1426 746 externus
1439 723 1495 745 ac-

101 755 234 794 cefferit.
251 755 400 805 Qsunt
409 755 571 799 volatiles,
584 758 687 805 magis
698 755 805 793 insunt
818 755 1008 805 corporibus
1019 756 1120 804 quam
1140 756 1203 792 fixi.
1218 760 1272 793 Sic
1283 770 1412 795 acetum
1424 759 1495 795 for-

103 806 180 842 rein
190 808 269 841 vino
279 805 458 841 nullumest
472 819 480 840 :
494 805 546 839 [ed
560 804 641 854 ignis
653 807 899 853 viprocreatur,
914 807 992 841 dum
1010 805 1094 841 illius
1111 817 1218 855 partes
1241 808 1388 856 quaedam
1409 809 1496 857 quafi

103 854 240 904 gladioli
251 866 407 890 acuuntur
421 869 430 891 t
447 853 569 903 spiiitus
585 853 685 889 vinosi
699 856 734 889 in
752 854 956 890 fermentatis
972 866 1098 890 tantum
1119 856 1295 904 liquoribus
1305 869 1496 902 occurrunt·,

106 906 197 952 iique
207 915 250 939 ex*
263 906 376 940 attritu
392 905 534 953 partium
561 914 784 951 procreantur.
811 906 932 952 Neque
949 915 1060 939 tamen
1082 904 1113 939 id
1132 909 1341 955 negaverim,
1366 906 1444 942 sales
1460 919 1497 943 ut

104 964 143 988 ut
156 964 277 989 vocant
294 954 394 988 alcali
403 981 413 995 ‚
431 955 487 1000 qui
506 951 627 988 scilicet
634 965 710 988 curn
719 953 816 989 acidis
832 955 929 989 mixti
941 952 1189 998 tumultuantur,
1204 957 1236 990 in
1245 955 1365 1004 plantis
1381 956 1496 993 &aliis

103 1001 297 1051 corporibus
310 1001 420 1037 ineffe.
437 1002 604 1049 Siquidem
623 1003 806 1050 complures
822 1003 892 1039 sunt
909 1002 1027 1051 plantae
1039 1030 1049 1045 ,
1075 1008 1108 1040 ὃς
1128 1016 1225 1053 grana
1245 1005 1402 1053 plurima,
1425 1009 1498 1053 qui-

105 1049 166 1086 bus
179 1063 252 1085 cum
268 1050 567 1098 liquoremacidum
585 1048 735 1087 affiideris
745 1082 754 1096 ,
768 1053 873 1088 statim
892 1050 1103 1088 effervescunt
1116 1081 1126 1096 ,
1141 1053 1240 1107 quod
1253 1057 1286 1090 in
1295 1054 1386 1089 milio
1402 1055 1498 1098 Solis,

105 1113 140 1136 v.
150 1100 284 1149 gremil,
303 1098 457 1135 observat
474 1102 523 1134 vir
536 1100 657 1135 doffiffi
680 1104 723 1137 D.
740 1105 862 1138 Gtevv.
884 1103 971 1136 unde
984 1100 1142 1150 ejusmodi
1155 1104 1276 1138 (emina
1292 1133 1302 1148 ,
1322 1109 1356 1140 &
1370 1103 1497 1152 plantas

105 1147 254 1183 adversus
273 1148 432 1183 calculum
444 1149 567 1184 utiliter
582 1148 844 1199 adhiberipoffe‚
860 1161 897 1185 ut
912 1149 1052 1186 ovorum
1067 1150 1164 1185 testas
1184 1179 1194 1193 ,
1220 1157 1253 1188 &
1277 1152 1469 1202 millepedes
1486 1181 1497 1195 ,

107 1209 178 1246 quae
195 1195 256 1232 sale
268 1197 369 1231 alcali
389 1197 576 1241 abundant,
594 1197 722 1234 merite>-
734 1201 903 1236 existimat.
918 1202 971 1234 Sic
987 1198 1116 1242 nuclei,
1139 1204 1173 1235 &
1192 1200 1352 1236 conchilia
1363 1200 1430 1250 quo
1441 1204 1498 1235 du-

106 1249 191 1281 tiora
202 1245 272 1281 sunt
287 1251 321 1282 δε
332 1245 501 1294 fragiliora
515 1275 524 1289 ‚
544 1246 606 1282 hoc
623 1247 692 1294 plus
704 1247 825 1283 habere
834 1248 986 1282 videntur
1003 1247 1071 1282 salis
1082 1247 1174 1281 alcali
1190 1261 1198 1282 ε
1213 1261 1288 1283 nam
1304 1262 1377 1284 cum
1388 1250 1498 1292 acidis,

106 1306 144 1329 ut
161 1307 234 1329 cum
247 1306 331 1341 aqua
346 1293 423 1330 forti
435 1295 583 1344 permista
591 1294 708 1330 fortius
726 1297 895 1332 ebulliunt.
913 1299 995 1344 Qae
1003 1298 1117 1344 utique
1130 1308 1202 1331 cum
1221 1309 1260 1331 ex
1272 1300 1310 1331 iis
1333 1311 1406 1346 quae
1430 1304 1495 1346 jam

107 1341 352 1393 funtexplicata
361 1371 371 1387 ,
389 1355 459 1380 tum
473 1356 514 1379 ex
527 1345 565 1378 iis
576 1356 649 1393 quae
660 1358 736 1381 mox
745 1347 865 1382 dicturi
879 1345 981 1381 sumus
992 1375 1002 1390 ,
1022 1344 1105 1381 fient
1116 1345 1294 1381 manifesta.

624 1443 881 1480 CAPUT
921 1445 994 1479 VI.

569 1540 626 1572 De
638 1541 791 1575 mixtione
807 1539 845 1575 ά
861 1540 1049 1586 resblutione.

109 1636 282 1724 NUnc
298 1634 436 1670 celebris
447 1635 502 1670 illa
519 1640 554 1672 ὅτ.
568 1636 704 1671 multum
720 1638 755 1671 in
769 1635 895 1670 Sch'olis
915 1637 1034 1685 jactata
1051 1637 1179 1683 quaestio
1198 1638 1293 1672 nobis
1316 1640 1362 1673 est
1379 1640 1497 1675 adeun-

195 1687 248 1720 ‘da
260 1714 269 1728 ‚
285 1695 392 1719 utrum
410 1684 597 1728 miscibilia,
623 1684 675 1720 seu
694 1685 876 1728 elementa,
904 1697 961 1719 aut
977 1685 1040 1720 alia
1058 1684 1079 1720 fi
1094 1698 1166 1733 quae
1182 1685 1241 1722 siut
1263 1689 1438 1737 principia,
1459 1688 1498 1724 fic

112 1734 304 1770 misceantur
315 1761 324 1775 ,
348 1745 384 1767 ut
395 1735 468 1769 astu
487 1735 520 1768 in
535 1736 638 1768 mixto
649 1745 886 1782 permaneant3
903 1746 943 1768 an
959 1735 1001 1768 ita
1015 1733 1077 1770 sese
1088 1747 1201 1770 mutuo
1214 1736 1364 1783 frangant
1377 1766 1386 1780 ‚
1407 1748 1441 1771 ut
1460 1750 1498 1773 ex

111 1786 152 1818 iis
165 1795 251 1819 nova
264 1783 360 1819 mixti
373 1782 479 1817 forma
493 1810 502 1824 ,
517 1795 612 1817 nova:
629 1783 802 1830 qualitates
817 1793 1006 1831 emergant:
1023 1784 1108 1817 adeo
1120 1795 1156 1819 ut
1173 1786 1312 1819 mixtum
1326 1797 1364 1820 ex
1383 1785 1500 1834 simpli-

113 1835 143 1867 ci
161 1834 296 1868 materia
316 1831 460 1875 constet,
474 1830 637 1867 elementa
652 1831 731 1868 vero
740 1833 898 1882 potestate
907 1843 1033 1867 tantum
1046 1832 1150 1878 insint,
1162 1833 1251 1881 quod
1262 1836 1399 1869 mixtum
1415 1837 1447 1870 in
1463 1848 1500 1869 ea

116 1880 232 1917 resolvi
252 1879 357 1928 poffit.

156 1929 399 1979 Qielementa
410 1931 485 1965 actu
500 1931 533 1964 in
549 1932 654 1980 mixto
672 1929 732 1965 effe
743 1942 858 1978 putant
867 1960 876 1974 ,
887 1932 923 1965 in
936 1932 1037 1965 varias
1052 1933 1168 1965 iterum
1186 1929 1310 1965 abeunt
1320 1934 1499 1980 opiniones.

115 1981 205 2015 Nam
219 1980 387 2014 Avicenua
398 1978 562 2013 elementa
571 1981 694 2028 integra
704 2008 713 2023 ‚
729 1979 832 2024 issaesa,
848 1986 882 2017 &
896 1977 940 2014 sui
957 1977 1068 2014 fimilia
1077 1982 1110 2014 in
1127 1981 1229 2014 mixto
1239 1982 1351 2028 vigere
1364 1994 1501 2017 conten-

111 2027 176 2063 dit.
190 2029 345 2063 Averro'e's
361 2029 480 2063 formas
503 2028 637 2074 quidem
655 2028 894 2065 elementorum
908 2040 1041 2064 manere
1060 2039 1153 2077 putat
1167 2057 1176 2070 ‚
1203 2027 1257 2062 sed
1275 2027 1445 2078 repreffis,
1465 2035 1500 2066 δε

118 2075 247 2110 fractas.
270 2075 406 2124 Reliqui
416 2075 605 2126 Philosophi
621 2076 785 2114 elementa
807 2082 928 2115 virtute
949 2088 1074 2115 tantum
1089 2084 1122 2115 ὃ(
1133 2079 1283 2126 potentia
1297 2080 1443 2114 inmixto
1452 2078 1499 2114 su-

120 2124 240 2173 perell‘e
259 2125 455 2162 existimant:

155 2173 219 2208 Sed
239 2185 280 2207 ne
290 2175 310 2207 ii
325 2175 455 2221 quidem
466 2176 551 2210 inter
560 2173 591 2210 se
600 2176 812 2214 consentiunt.
825 2180 918 2215 Nam
936 2177 1084 2213 Albertus
1097 2179 1237 2224 Magnus
1254 2176 1393 2212 formam
1407 2179 1501 2211 mixti

121 2233 160 2258 ex
170 2234 309 2270 quatuor
320 2223 558 2259 elementorum
574 2224 704 2269 formis,
725 2238 860 2274 eamque
879 2226 1057 2276 simplicem
1069 2237 1234 2274 emergere
1252 2237 1406 2260 autumat.
1423 2228 1502 2259 Sco-

125 2282 176 2306 tus
186 2284 225 2306 ea
242 2273 333 2306 mixti
347 2272 452 2308 forma
471 2272 705 2309 elementorum
713 2275 834 2313 formas
851 2278 1010 2312 eminenti
1032 2276 1172 2323 quadam
1191 2275 1316 2308 ratione
1339 2277 1501 2308 contineri

122 2320 238 2356 statuit.
266 2321 443 2356 Thomistae
461 2324 494 2356 in
514 2334 552 2357 ea
565 2323 712 2357 videntur
729 2323 790 2359 esse
800 2328 955 2372 opinione
969 2355 978 2369 ‚
995 2336 1030 2359 ut
1047 2324 1222 2372 qualitates
1244 2321 1502 2366 elementorum,

122 2381 190 2403 non
209 2368 328 2404 formas
339 2372 371 2405 in
384 2373 487 2406 mixto
498 2382 614 2419 putent
625 2371 686 2407 effe
705 2370 906 2419 superstites:
928 2372 967 2408 fic
982 2368 1091 2408 tamen
1105 2384 1139 2406 ut
1153 2384 1218 2405 uon
1232 2369 1383 2418 ipfiffimae
1404 2371 1506 2418 quali-

124 2427 208 2453 tates
221 2447 231 2463 ‚
257 2430 328 2466 quae
341 2422 374 2456 in
385 2418 555 2457 elementis
574 2420 687 2464 fuere,
706 2419 759 2456 sed
778 2434 869 2458 novae
884 2450 893 2463 ,
920 2428 953 2459 ὃ(
971 2432 1138 2465 recentes,
1153 2432 1287 2468 quaeque
1303 2432 1341 2454 ex
1356 2420 1503 2456 elemen-

1267 2472 1333 2516 LJj
