1878 2724
414 146 461 181 ¹72
793 135 1062 174 PHYSICAE
1099 137 1429 175 GENERALIS

945 236 1059 270 Prima
1071 236 1246 281 Conclnfio.

443 339 590 372 Vacuum
606 346 715 383 neque
733 345 846 370 natura
856 332 989 380 horret,
1012 346 1121 382 neque
1136 335 1179 369 est
1194 334 1398 383 impossibile.

480 388 577 420 Prior
599 395 677 433 pars
705 386 799 420 concl.
818 385 907 418 omni
939 383 1066 418 homini
1088 386 1217 419 ratione
1233 384 1284 419 sua
1302 387 1408 421 utenti
1432 384 1488 420 fiet
1511 386 1692 425 manifesta.
1719 390 1798 427 Non

400 435 496 468 ‘enim
507 432 632 482 poffunt
642 447 690 468 res
705 436 812 468 omnis
823 431 930 469 sensus
944 449 957 475 ‚⁴
969 438 1003 470 ὃ(
1021 435 1217 482 cognitionis
1237 431 1384 483 expertes
1403 437 1578 482 quicquam
1596 449 1651 471 aut
1663 449 1776 474 amore
1787 467 1798 483 ‚

407 494 462 517 aut
471 484 550 518 odio
559 512 568 528 ,
580 494 634 518 aut
646 483 802 518 desiderio
813 512 821 526 ‚
832 493 888 517 aur
900 482 974 531 fuga
992 483 1156 530 prosequi:
1172 495 1271 531 atque
1282 495 1317 519 ut
1328 484 1508 519 identidem
1524 489 1704 522 monuimus
1718 517 1726 531 ,
1749 490 1800 524 ni-

406 531 455 566 hil
470 545 561 579 aeque
578 535 700 568 reikam
716 532 966 581 philosophandi
980 535 1141 567 rationem
1152 532 1339 580 perturbat,
1350 533 1451 582 quam
1463 532 1538 569 cum
1557 546 1594 569 ea
1612 547 1679 582 quae
1693 540 1799 572 menti

406 581 519 617 nostrae
541 585 772 625 conveniunt‚,
787 594 824 617 ut
838 581 921 616 illius
931 582 1020 616 ideas
1032 612 1041 626 ,
1067 593 1121 617 aut
1131 582 1321 618 affeetiones
1337 612 1347 627 ,
1364 587 1398 618 in
1417 595 1465 618 res
1477 583 1639 618 naturales
1658 587 1800 623 transfe-

407 632 513 667 rimus.
532 632 660 667 Deinde
673 634 761 679 quod
775 630 856 666 nihil
871 631 914 666 est
925 643 981 675 ‚ut
993 644 1131 667 vacuum
1145 660 1154 674 ‚
1169 644 1319 667 naturam
1337 632 1435 681 ipsam
1448 662 1457 676 ‚
1479 645 1533 668 aut
1547 635 1653 681 potius
1676 646 1725 670 res
1742 649 1800 672 na..

395 679 523 717 rurales
533 688 545 725 ‚‘
556 692 593 716 ut
610 680 774 716 elementa
785 683 902 716 timore
917 681 1094 728 percellere
1113 694 1183 716 non
1197 682 1313 730 potest.
1330 684 1446 726 Qare
1464 682 1555 730 hujus
1566 686 1691 731 generis
1701 684 1799 721 causae

406 727 528 765 fistitiae
544 760 553 773 ,
570 742 627 765 aut
639 732 679 765 ad
690 730 850 765 summum
862 729 998 765 morales
1009 750 1023 774 ‚=
1031 729 1142 778 quales
1155 730 1458 780 suntantipathia,&
1470 730 1664 780 sympathia,
1675 735 1800 779 odium,

407 778 460 812 vel
474 792 566 814 amor
578 808 586 822 ‚
599 792 758 828 quantum
770 778 839 814 fieri
858 780 980 828 potest,
998 780 1018 816 ὲ
1031 779 1165 829 physicis
1183 778 1322 815 scientiis
1340 780 1411 816 sunt
1431 781 1638 816 removendae
1658 810 1668 825 ,
1691 788 1726 819 ὃς
1746 797 1800 819 ve.

397 830 449 863 ris
468 828 638 864 effectibus
651 828 750 864 causae
769 829 885 864 itidem
899 841 1000 875 verae,
1023 842 1061 864 ac
1072 828 1205 878 physica:
1225 828 1405 866 tribuendae
1421 829 1510 874 sunt,
1531 842 1599 866 non
1612 832 1724 866 inanes
1736 832 1799 869 fine

402 889 519 913 «mente
543 878 620 914 soni.
1777 882 1780 886 ’

443 929 530 963 Pars
545 929 651 963 altera
663 928 759 963 concl.
771 933 836 976 jam
848 928 927 963 alibi
940 929 986 964 est
998 929 1211 965 demonstrata
1222 956 1231 971 ,
1252 928 1305 963 viel
1319 942 1358 964 ex
1370 942 1411 964 eo
1424 931 1566 965 maxime
1583 931 1671 977 quod
1685 933 1775 967 Deus
1787 956 1798 976 3

406 976 433 1012 st
449 978 493 1011 ita
504 977 647 1017 voluerit
659 990 820 1021 ‚omnem
830 979 942 1014 ae'rem
952 981 986 1014 in
998 979 1059 1013 hac
1074 978 1145 1013 aula
1159 977 1344 1013 conclusum
1363 980 1520 1014 destruere
1535 979 1629 1024 poffit
1639 1009 1648 1022 ,
1671 993 1742 1015 cum
1754 982 1796 1016 ab

406 1038 448 1066 eo
462 1025 748 1075 omninopendeat
763 1055 772 1070 ‚
799 1039 933 1075 tumque
954 1027 1027 1063 sane
1041 1040 1179 1065 vacuum
1197 1026 1332 1075 spatium
1349 1028 1490 1063 futurum
1504 1028 1561 1064 est.
1583 1031 1666 1077 Qae
1683 1041 1797 1068 contra

392 1075 646 1124 „opponisolent
661 1081 726 1125 jam
750 1077 785 1113 in
798 1079 909 1125 ‚primo
922 1079 1080 1122 metatu,
1098 1076 1173 1125 disp.
1186 1092 1210 1113 2·
1224 1075 1326 1113 soluta
1335 1076 1414 1113 sunt.

909 1193 914 1212 ι
930 1177 1078 1213 Secunda
1097 1176 1269 1225 Conclufio.

439 1277 568 1310 Omnes
583 1286 699 1310 natutae
715 1276 918 1325 effeetus‘qui
927 1277 967 1311 ad
979 1286 1108 1312 metum
1121 1281 1215 1314 vacui
1227 1274 1524 1319 referrisolent,‘ex
1535 1276 1602 1312 solo
1620 1277 1698 1312 a'cfris
1715 1283 1798 1326 poni

405 1322 499 1367 dere,
522 1337 578 1359 aut
590 1324 718 1359 viillius
730 1325 861 1360 elastica
879 1324 1059 1374 profluunt.
1786 1340 1788 1342 ’
1821 1372 1824 1374 v

442 1372 546 1408 Nulla
562 1374 630 1409 fere
645 1375 688 1408 est
704 1376 735 1409 in
749 1374 958 1424 Philosophia
975 1375 1108 1410 naturali
1130 1375 1288 1411 conclufio
1311 1387 1366 1411 aut
1386 1374 1582 1410 firmioribus
1599 1376 1797 1411 demonstras

405 1421 548 1456 tionibus
563 1452 572 1466 ,
585 1435 638 1457 aut
655 1424 847 1459 certioribus
862 1426 988 1460 munita
997 1427 1226 1473 experimentis
1238 1455 1247 1469 ,
1268 1436 1324 1460 aut
1334 1430 1420 1473 cujus
1431 1427 1478 1460 vis
1494 1454 1503 1468 ,
1516 1431 1549 1462 ὃ(
1565 1424 1650 1473 quafi
1666 1426 1795 1461 foecun..

404 1470 488 1505 diras
505 1471 599 1508 latius
618 1484 744 1520 pateat:
762 1486 839 1508 nam
854 1473 977 1522 prorsus
987 1473 1180 1509 incredibile
1191 1475 1238 1509 est
1249 1486 1329 1523 quot
1342 1503 1352 1518 ‚
1370 1480 1404 1511 δε
1414 1486 1533 1522 quanta
1551 1487 1669 1510 naturae
1682 1476 1796 1523 myste-

402 1522 449 1553 ria
462 1524 590 1569 penitus
608 1523 683 1557 ante
696 1524 862 1571 incognita
874 1552 884 1567 ,
903 1526 1110 1572 &permagni
1121 1523 1196 1558 usfis
1216 1536 1255 1559 ex
1274 1537 1340 1559 tam
1359 1523 1535 1559 manifesto
1552 1525 1712 1572 principio
1734 1526 1793 1559 de-

402 1569 569 1605 ducantur.
582 1570 707 1606 Verfim
719 1583 753 1607 ut
765 1575 835 1619 quae
846 1574 947 1607 nostri
959 1571 1031 1608 sunt
1052 1574 1191 1608 instituti
1207 1573 1306 1621 plane
1325 1578 1357 1610 &
1372 1573 1523 1608 distinete
1540 1571 1769 1621 prosequamur
1784 1602 1796 1617 ,

402 1618 544 1665 primum
563 1621 595 1654 id
613 1618 824 1657 ostendamus
835 1650 844 1664 ‚
864 1634 1000 1670 gravem
1010 1620 1071 1657 esse
1082 1624 1155 1657 a'e'ra
1168 1623 1263 1657 nobis
1276 1621 1519 1666 circumfusum,
1547 1633 1615 1657 tum
1630 1623 1687 1670 qui
1701 1634 1738 1657 ex
1754 1622 1794 1657 il..

398 1667 463 1702 hus
475 1671 620 1717 pondere
632 1670 803 1717 sequantur
815 1667 949 1707 effectus
963 1701 972 1715 ‚
992 1671 1139 1707 breviter
1149 1684 1361 1719 exponemus.

439 1718 584 1754 Primum
603 1722 713 1766 itaque
731 1719 830 1754 folles
851 1720 979 1755 occlufis
1004 1720 1154 1756 omnibus
1182 1720 1395 1755 foraminibus
1426 1721 1533 1754 diduci
1559 1733 1625 1755 non
1643 1720 1797 1767 poliunt-2

402 1765 491 1809 quod
501 1779 613 1804 eorum
623 1767 807 1802 dilatationi
818 1769 920 1803 moles
938 1768 1114 1803 circumfusi
1125 1771 1203 1802 a'c'ris
1215 1769 1337 1811 obstet,
1349 1781 1418 1814 quae
1433 1771 1518 1802 vinci
1529 1782 1595 1803 non
1606 1770 1719 1815 potest,
1735 1769 1793 1805 nifi

402 1810 568 1864 {isingens
579 1814 782 1852 adhibeatur.
801 1818 888 1851 Rem
900 1816 979 1853 vero
997 1820 1040 1852 ita
1052 1817 1114 1852 effe
1128 1817 1204 1853 hinc
1223 1817 1318 1852 facile
1339 1816 1532 1864 intelligitur
1544 1845 1553 1859 ‚
1576 1816 1667 1863 quod
1692 1818 1788 1854 folles

383 1888 387 1892 -
402 1866 487 1898 intra
498 1877 616 1913 aquam
628 1864 764 1901 immerii
773 1879 845 1902 cum
859 1865 951 1901 tubus
965 1878 1073 1916 patet,
1092 1866 1191 1915 quam
1212 1865 1365 1901 facillime
1377 1865 1573 1901 diducantur.
1598 1870 1641 1902 At
1662 1866 1682 1901 fi
1696 1867 1792 1902 rubus

401 1913 595 1949 adhibeatur
605 1915 784 1964 praelongns
798 1945 807 1957 ,
824 1919 947 1964 quique
966 1927 1054 1951 extra
1066 1928 1182 1963 aquam
1199 1918 1384 1962 promineat
1396 1944 1404 1956 ‚
1424 1926 1491 1949 tum
1511 1913 1584 1949 sine
1603 1915 1708 1950 nullus
1730 1919 1793 1952 erit

387 1965 495 1997 .vacui
510 1976 624 2000 metuS.
644 1967 736 1999 Nam
761 1964 909 2000 subeunti
928 1968 992 2000 a'e'ri
1009 1965 1137 2014 patebit
1155 1965 1242 1999 locus
1269 1979 1276 2001 2
1297 1970 1329 2001 δε
1342 1976 1453 1999 tamen
1467 1962 1488 1998 fi
1503 1964 1696 2012 profundior
1708 1977 1792 2013 aqua

400 2011 499 2047 fuerit
515 2042 524 2056 ‚
545 2013 641 2049 folles
656 2014 762 2048 diduci
777 2027 842 2050 non
854 2026 1006 2061 poterunt
1023 2030 1030 2051 :
1059 2015 1145 2061 quod
1164 2015 1289 2062 pondus
1307 2012 1525 2048 incumbentis
1549 2026 1636 2060 aquae
1650 2013 1791 2049 obsistat.

385 2090 388 2093 ⁴
402 2062 485 2096 Haec
497 2065 584 2098 enim
600 2077 666 2098 non
679 2075 762 2111 aegre
775 2062 830 2098 suo
843 2062 917 2098 loco
929 2076 1082 2099 movetur
1092 2093 1100 2107 ‚
1127 2064 1308 2099 dummodo
1318 2062 1400 2098 alius
1415 2063 1531 2111 prcesto
1548 2062 1583 2097 fit
1601 2065 1635 2098 in
1648 2075 1745 2109 quem
1760 2063 1791 2099 se

400 2113 536 2160 recipiat
548 2127 556 2148 :
569 2112 620 2147 sed
632 2111 687 2147 ubi
701 2114 803 2148 aditus
813 2126 878 2147 non
890 2123 981 2162 patet
998 2142 1010 2157 ,
1027 2115 1079 2148 vix
1093 2125 1130 2147 ea
1143 2112 1194 2148 suo
1205 2112 1279 2148 loco
1292 2113 1480 2149 dimovetur
1492 2140 1501 2155 ‚
1522 2118 1556 2149 δε
1570 2111 1611 2146 e&
1621 2109 1791 2150 difficilius

399 2159 466 2208 quo
484 2174 566 2209 aqua
590 2162 632 2197 est
649 2161 851 2210 profundior.

440 2210 607 2255 Secundo,
627 2223 668 2247 ne
682 2211 842 2259 longiores
854 2210 952 2249 ,fimus
965 2214 999 2249 in
1015 2212 1110 2249 rebus
1126 2212 1321 2256 manifestis,
1344 2217 1377 2249 &
1389 2217 1457 2260 jam
1477 2209 1574 2257 vulgo
1595 2208 1762 2244 notiffimis
1780 2238 1790 2253 ‚

399 2258 452 2293 nisi
469 2259 621 2296 forteubi
634 2263 795 2309 ignoratas
810 2264 944 2296 minime
955 2265 1100 2310 oportuit
1113 2291 1122 2304 ‚
1141 2274 1203 2296 una
1221 2268 1254 2298 δε
1270 2262 1384 2295 eadem
1395 2261 1441 2294 est
1454 2260 1538 2294 tatio
1552 2261 1697 2293 omnium
1716 2271 1787 2305 quse

398 2307 505 2342 afferri
519 2308 638 2353 solent,
658 2312 965 2357 experimentorum.
994 2314 1083 2348 Nam
1100 2310 1119 2346 si
1136 2309 1230 2345 tubus
1249 2340 1258 2353 ‚
1285 2315 1373 2357 eujus
1399 2321 1469 2357 pars
1494 2307 1596 2341 altera
1622 2308 1724 2355 digito
1748 2309 1791 2342 est

400 2357 520 2391 occlusa
535 2388 543 2401 ‚
554 2372 638 2407 aqua
651 2359 840 2407 impleatur,
855 2360 943 2407 isque
955 2364 1036 2396 intra
1052 2373 1106 2395 vas
1122 2371 1203 2407 aqua
1235 2360 1368 2406 plenum
1395 2361 1571 2392 invertatur
1586 2385 1594 2399 ,
1612 2368 1679 2390 tum
1707 2369 1791 2403 aqua

400 2418 466 2440 non
481 2406 590 2449 effluet
601 2437 612 2453 ,
625 2407 693 2449 4sed
711 2408 852 2457 suspensa
861 2409 1042 2448 remanebit
1052 2425 1059 2447 :
1070 2409 1160 2458 quod
1175 2407 1307 2444 effluere
1317 2419 1399 2454 aqua
1409 2420 1475 2443 non
1493 2403 1586 2454 possit
1597 2435 1605 2450 ,
1624 2409 1702 2454 quin
1717 2404 1790 2446 sub-
