1878 2724
541 139 899 179 TRACTATUS
937 142 1175 179 PRIMUS.
1521 158 1550 181 21

153 190 345 229 'differentia
356 191 526 226 secernitur
545 206 553 227 :
570 193 660 240 quod
676 190 834 240 persaepe‚
857 203 891 226 ιιι
904 191 986 228 alibi
1007 193 1167 235 diximus,
1190 192 1292 240 magis
1309 203 1351 228 ex
1377 192 1548 228 hominum

158 240 290 278 arbitrio
306 241 430 290 pendet
442 269 451 284 ,
475 240 574 288 quam
593 240 692 289 vulgo
706 242 853 276 creditur.
867 243 956 276 Hinc
975 241 1112 277 solemus
1130 241 1328 289 expostulare
1347 271 1356 284 ‚
1391 244 1480 289 quod
1498 246 1548 276 in-

158 293 246 326 timae
258 303 366 325 rerum
383 289 572 325 differentiae
587 320 596 334 ‚
615 296 648 327 &
666 289 838 338 qualitates
861 288 1038 326 effentiales
1061 303 1118 326 nos
1143 290 1277 338 fugiant.
1302 292 1393 326 Hinc
1412 290 1493 339 saepe
1512 291 1548 326 fit

157 351 194 376 ιιι
204 352 302 375 nemo
320 342 390 387 quis
408 338 446 375 sit
457 339 511 375 ille
523 341 718 387 qualitatum
729 339 919 388 complexus
932 341 972 374 ad
987 352 1108 375 certam
1127 343 1175 374 rei
1192 338 1331 387 speciem
1346 340 1548 375 constituen-

153 388 231 423 dam
248 387 452 433 neceffarius,
473 388 610 423 definire
626 387 721 436 poffit
736 402 743 423 :
765 391 846 423 utin
861 401 976 424 canum
991 401 1110 438 genere
1133 389 1244 423 videre
1258 389 1315 424 est.
1342 389 1444 424 Facile
1459 391 1547 424 enim

155 449 271 473 canem
285 437 518 474 melitensema
530 436 665 472 moloffo
674 438 900 485 distinguimus
912 467 921 480 ,
942 437 995 472 sed
1012 450 1107 473 canes
1123 436 1203 485 ipsos
1219 438 1402 473 melitenses
1420 437 1461 472 ab
1477 439 1546 473 aliis

155 486 300 535 plurimis
315 489 367 521 vix
383 487 485 535 specie
500 487 694 534 distinguere
706 486 871 520 audemus.
892 488 946 519 Sic
966 498 1129 520 extremos
1141 488 1228 522 iridis
1242 487 1366 521 colores
1383 487 1488 535 specie
1498 488 1548 521 di-

155 536 262 570 versos
274 536 369 572 facile
385 535 623 581 intelligimus:
641 533 693 567 sed
715 534 843 568 medios
862 534 988 568 colores
1002 536 1055 569 vix
1075 534 1238 570 secernere
1260 534 1421 582 possumus
1446 551 1453 571 :
1472 549 1547 571 cum

155 583 277 619 scilicet
298 585 345 618 est
370 581 554 618 insensibilis
578 580 744 625 traximus,
766 582 887 617 formas
907 595 964 618 aut
988 582 1109 632 species
1131 596 1200 619 non
1224 584 1456 633 distinguimus,
1494 587 1549 620 Sic

155 632 489 680 Philosophiaquam‚
503 631 666 679 glaciem,
681 633 792 667 nivem
803 661 812 675 ,
827 633 1189 680 grandinem‚vaporem
1208 631 1313 680 specie
1328 633 1527 681 distinguunt
1541 650 1547 669 :

154 682 308 718 cumhaec
324 680 404 716 nihil
419 679 478 716 fint
488 693 603 729 praeter
620 693 740 728 aquam
752 710 762 725 ,
781 694 852 728 quae
867 684 974 716 varios
992 682 1087 716 status
1101 680 1197 716 subit·
1227 683 1274 718 Ac
1292 682 1391 717 multa
1415 682 1547 717 subinde

154 730 271 765 eadem
282 730 386 778 specie
407 730 660 778 complectimur
668 742 736 778 qua:
753 732 855 779 magis
871 732 957 766 inter
974 730 1004 765 se
1020 731 1159 775 distant,
1182 731 1284 778 quam
1304 743 1342 765 ea
1359 730 1484 778 quibus
1494 732 1550 765 di„

154 778 259 814 versas
274 777 392 828 species
410 779 593 816 tribuimus.
612 781 664 814 Sic
683 779 829 814 chartam
840 792 938 815 nemo
958 780 978 816 ἐι
1000 779 1124 815 laciniis
1140 807 1149 822 ‚
1176 792 1218 816 ex
1237 779 1356 828 quibus
1376 780 1462 816 facta
1479 781 1522 815 est
1539 811 1547 824 ,

153 840 209 863 aut
216 828 384 877 pulverem
406 832 534 878 pyrrum
546 829 566 865 ὲ
584 828 749 877 sulphure,
771 827 968 864 carbonibus
981 858 990 872 ‚
1004 834 1037 866 &
1053 828 1112 864 sale
1124 839 1242 877 petrae,
1267 841 1306 864 ex
1323 827 1440 877 quibus
1455 841 1547 878 para-

154 887 226 921 tur3
248 890 305 914 aut
321 877 489 913 vitrumab
498 891 596 915 arena
611 883 643 915 &
663 876 726 912 sale
739 894 748 921 3
763 889 818 912 aut
835 890 874 913 aes
891 878 912 914 ὲ
930 891 1028 926 cupro
1045 883 1076 915 ἃ
1090 878 1195 927 lapide
1208 890 1308 925 quem
1319 878 1548 920 calaminarem

152 938 273 962 vocant
285 956 295 970 ‚
311 927 399 963 simul
415 927 486 963 fusis
501 957 509 970 ,
528 927 633 976 specie
642 923 771 961 differre
781 928 977 963 contendet:
995 940 1068 961 cum
1083 939 1194 962 tamen
1212 927 1232 962 si
1250 926 1351 962 sensus
1369 926 1450 976 ipsos
1467 940 1548 963 con-

151 975 288 1011 sulamus
300 1005 309 1020 ,
329 988 366 1010 ea
384 979 483 1025 magis
501 978 619 1011 distent
631 975 673 1010 ab
685 978 720 1010 iis
731 975 899 1024 exquibus
915 975 1066 1025 prodiere
1081 1006 1090 1020 ‚
1116 977 1214 1022 quam
1238 976 1366 1012 infinita
1388 989 1460 1024 quae
1480 976 1550 1024 spe-

151 1026 202 1058 cie
214 1025 413 1060 secernimus.
428 1026 533 1062 Simili
545 1027 671 1060 ratione
683 1023 703 1059 fi
725 1027 769 1059 ita
786 1025 885 1061 visum
906 1025 981 1062 essct
999 1025 1185 1061 hominibus
1203 1055 1213 1070 ‚
1244 1026 1350 1074 plures
1370 1028 1544 1061 ellentauri

151 1072 289 1122 species,
303 1075 454 1123 plumbi,
479 1076 580 1110 stanni
595 1104 604 1118 ,
628 1081 661 1112 &
678 1073 798 1109 vitrioli
810 1104 819 1118 ,
845 1086 880 1110 ut
898 1073 954 1110 suo
972 1074 1047 1109 loco
1063 1076 1215 1112 dicemus.
1247 1079 1290 1110 Ex
1306 1075 1425 1123 quil-,us
1445 1075 1547 1111 effici-

153 1133 203 1157 tur
216 1124 455 1158 distinctionem
469 1123 649 1172 specificam
662 1153 672 1167 ‚
690 1135 762 1170 quae
777 1124 797 1158 ἐι
820 1123 926 1158 forma
944 1125 1093 1167 ducitur,
1121 1138 1190 1160 non
1207 1124 1336 1159 aliunde
1349 1127 1382 1159 in
1400 1127 1546 1172 corpori-

152 1169 214 1210 bus
232 1171 343 1207 saltem
356 1175 462 1208 mixtis
476 1179 508 1210 &
519 1176 591 1207 vitae
602 1171 789 1220 expertibus
811 1174 907 1215 oriri,
931 1172 1029 1218 quam
1045 1172 1063 1207 Ξι
1079 1172 1251 1220 complexu
1268 1173 1475 1219 qualitatum,
1491 1172 1547 1208 seu

149 1221 332 1256 formarum
343 1220 532 1269 simplicium
550 1237 557 1258 ε
574 1233 608 1257 ut
626 1223 759 1261 materia
769 1219 834 1269 ipsa
847 1233 885 1255 ex
896 1221 1068 1255 elementis
1083 1249 1093 1263 ,
1120 1233 1173 1256 aut
1185 1220 1414 1269 simpliciffimis
1424 1235 1546 1270 >corpo-

151 1268 240 1305 ribus
268 1269 432 1306 co-ilescit.
1271 1304 1274 1305 γ

190 1319 293 1366 Qiod
308 1321 421 1366 utique
437 1332 553 1368 praeter
563 1331 697 1355 caeteros
718 1322 829 1355 Patres
853 1321 887 1354 S.
916 1317 1040 1354 Basilius
1061 1347 1068 1363 ‚
1101 1324 1134 1356 δι
1154 1318 1238 1353 illius
1265 1321 1374 1354 Frater
1392 1321 1423 1356 S.
1443 1321 1543 1369 Greg.

151 1368 300 1406 Nilscnus
312 1368 429 1403 diserte
441 1370 581 1404 tradunt.
603 1369 660 1404 llle
673 1372 704 1404 in
716 1372 929 1404 Hexameron
944 1368 1058 1405 homil.
1084 1381 1094 1403 1
1109 1396 1116 1404 .
1143 1367 1233 1415 de
1246 1369 1276 1414 fi
1295 1381 1382 1403 terrae
1398 1398 1403 1405 ,
1421 1371 1544 1416 inquit,

145 1418 290 1466 fingulas
300 1431 380 1464 quas
399 1417 517 1452 obtinet
531 1421 708 1464 qualitates
725 1447 729 1451 .
751 1417 946 1466 nigredinem
965 1445 970 1453 .
993 1420 1191 1463 «gravitatem
1215 1418 1435 1452 ratiocinando
1450 1431 1541 1452 cone-

150 1469 196 1501 ris
210 1467 333 1511 aufiorre
344 1495 354 1506 ,
380 1468 446 1513 ipsa
465 1470 497 1501 in
511 1467 646 1507 nihilum
665 1465 792 1503 abio-rit.
817 1469 854 1501 Et
864 1468 897 1500 in
909 1464 1005 1514 Epist}
1019 1467 1060 1501 ad
1073 1465 1161 1500 suum
1174 1468 1315 1501 Fratrem
1331 1470 1428 1515 Greg.
1445 1467 1542 1502 docet

151 1515 570 1560 individuumfitbstamiale
586 1518 638 1561 effi’
655 1515 814 1562 quendam
828 1516 1004 1560 concursum
1020 1543 1028 1554 ‚
1054 1515 1339 1562 consensionemque
1362 1518 1542 1565 proprieta-

151 1575 229 1599 tum.
249 1567 350 1613 Greg.
360 1563 426 1611 ipse
440 1577 515 1601 cum
528 1565 629 1607 alibi,
648 1576 715 1598 tum
745 1567 776 1599 in
791 1563 850 1599 lib.
869 1565 911 1598 de
929 1564 1062 1610 opificio
1078 1564 1230 1602 hominis.
1244 1565 1367 1599 Omnis
1385 1594 1389 1600 .
1411 1566 1518 1611 inquit
1530 1593 1540 1604 ‚

150 1611 287 1650 inateria
296 1612 513 1658 qualitatibus
530 1612 716 1658 quibusdam
735 1612 869 1659 praedita
886 1610 927 1654 est
943 1639 952 1652 ‚
985 1611 1137 1657 quibusfi
1156 1615 1257 1659 reipsa
1281 1615 1434 1659 privetur
1446 1641 1453 1651 ,
1480 1626 1541 1646 non

144 1664 218 1705 jam
237 1663 377 1710 amplius
390 1663 513 1694 ratione
530 1660 750 1709 comprehendi
763 1663 898 1703 poterim
924 1671 993 1694 tum
1007 1660 1105 1694 docet
1125 1671 1233 1694 carum
1251 1660 1446 1708 qualitatum
1465 1673 1542 1696 con-

150 1710 275 1744 cursum
299 1721 445 1745 naturam
462 1721 501 1743 ex
520 1711 656 1743 materia
677 1709 880 1743 constantem
897 1706 1035 1744 efficere.

185 1758 279 1794 Proh.
305 1771 337 1798 ς.
352 1759 478 1792 ratione
496 1757 740 1794 &authoritate
757 1756 932 1792 Aristotelis
951 1786 961 1800 ,
977 1757 1201 1804 qui‘sexcentis
1217 1759 1248 1791 in
1264 1756 1343 1790 locis
1358 1757 1459 1792 docet
1472 1757 1541 1805 spe-

149 1809 234 1842 ciem
246 1837 255 1851 ,
283 1806 332 1842 set]
351 1808 491 1842 formam
500 1809 644 1854 corporis
656 1808 748 1840 mixti
764 1819 832 1842 uon
847 1805 915 1841 fieri
939 1823 948 1847 ς
969 1814 1033 1855 ejus
1049 1820 1113 1841 non
1131 1806 1191 1841 else
1208 1808 1471 1853 generationem,
1489 1806 1540 1841 sed

150 1859 250 1891 totius
273 1855 440 1906 compositi
457 1873 465 1898 3
486 1868 592 1902 neque
612 1868 651 1890 :es
666 1885 675 1899 ‚
708 1868 817 1903 neque
838 1856 1074 1890 rotunditatem
1089 1854 1179 1899 fieri,
1201 1855 1256 1890 sed
1271 1868 1313 1889 aes
1335 1856 1511 1890 rotundum
1529 1885 1539 1899 ‚

149 1918 205 1942 aut
216 1905 368 1954 sphaeram
378 1918 492 1940 ceream
507 1922 514 1947 ;
531 1905 672 1939 formam
691 1903 752 1939 esse
766 1906 846 1951 quid
862 1917 980 1948 unum,
1002 1917 1038 1939 ut
1052 1904 1203 1940 musicam
1215 1933 1226 1948 ,
1250 1916 1286 1939 ut
1306 1917 1488 1948 numerum,
1503 1917 1538 1939 ut

149 1956 298 1991 ordinem
315 1953 396 1998 3effe
415 1957 576 1989 rationem
594 1958 659 2003 ejus
679 1954 768 2001 quod
786 1954 862 2001 quid
873 1954 934 1997 est,
953 1966 988 1988 ιιι
1005 1953 1158 2003 diapason
1173 1958 1206 1989 in
1224 1952 1337 1988 musica
1349 1983 1358 1997 ,
1381 1953 1538 1989 [ειιοέιει-

150 2017 226 2038 vam
240 2031 249 2045 ,
266 2017 337 2051 quae
358 2006 391 2039 in
407 2006 618 2051 proportione
637 2003 734 2051 dupla
757 2001 913 2045 confistit3
935 2004 1073 2039 eandem
1094 2002 1153 2037 effe
1170 2002 1359 2039 sensibilem.
1383 2004 1482 2040 Unde
1503 2009 1537 2040 δε

149 2052 267 2100 species
280 2058 313 2089 ἃ
327 2053 432 2088 forma
449 2052 491 2087 ab
509 2065 549 2087 eo
563 2051 624 2086 [ine
642 2052 1020 2087 discriminenominatur
1035 2067 1042 2089 :
1064 2051 1150 2099 quod
1167 2052 1203 2088 fit
1218 2050 1377 2099 dispositio
1389 2064 1443 2086 aut
1455 2053 1537 2087 ordo

149 2101 290 2149 partium
299 2103 460 2144 mamriae,
483 2107 517 2138 &
538 2100 732 2147 qualitatum
752 2118 761 2144 3
782 2101 869 2149 quod
883 2115 953 2137 rem
965 2101 1117 2137 exhibeat
1140 2108 1172 2138 δε
1194 2100 1374 2137 sensibilem
1398 2100 1537 2144 efficiat3

150 2151 288 2185 eandem
307 2149 366 2185 else
386 2149 610 2184 indivisibilem
627 2166 636 2192 3
655 2151 746 2185 educi
762 2153 779 2187 ὲ
792 2154 946 2195 materia·,
973 2154 1055 2186 citra
1070 2153 1238 2186 materiam
1263 2150 1322 2185 else
1347 2163 1411 2184 non
1435 2148 1534 2198 posse.

149 2201 251 2245 Atqui
278 2199 342 2233 baec
365 2201 475 2233 onmia
495 2201 622 2247 optime
639 2199 863 2248 intelliguntur
876 2229 885 2243 ,
904 2199 924 2236 fi
938 2200 1044 2236 forma
1062 2202 1159 2236 mixti
1176 2199 1253 2235 nihil
1272 2197 1308 2234 sit
1327 2199 1411 2233 aliud
1434 2199 1534 2245 quam

150 2247 281 2290 relatio,
299 2259 352 2282 aut
368 2250 534 2296 congeries
549 2261 614 2295 qua
628 2250 763 2292 itatum3
779 2255 810 2286 δε
826 2252 878 2285 vix
892 2250 1042 2299 explicari
1056 2248 1201 2299 poliunt,
1227 2247 1246 2283 si
1264 2260 1296 2284 ut
1313 2250 1431 2283 entitas
1445 2259 1534 2294 quae-

148 2298 226 2333 dam
238 2296 381 2332 absoluta
395 2299 603 2344 concipiatur.

192 2345 337 2382 Primum
361 2349 449 2383 enim
469 2346 551 2388 nihil
567 2347 609 2381 est
623 2345 720 2382 causae
733 2359 786 2381 cur
799 2360 864 2383 non
883 2347 956 2393 fiat,
978 2360 1033 2383 aut
1049 2360 1220 2397 generetur
1238 2347 1345 2390 forma
1369 2343 1511 2379 absoluta
1525 2373 1533 2387 ‚

450 2413 456 2416 -
1143 2406 1148 2410 ·
1272 2395 1302 2429 C
1334 2396 1365 2443 iij
