1878 2724
330 128 364 157 26
699 121 980 160 PHYSICAE
1018 121 1347 159 GENERALIS

842 219 993 255 Secunda
1006 219 1189 265 Conclusiu.

360 321 476 353 Formae
494 321 678 354 viventium
694 320 798 368 magis
812 318 1049 367 propagatione
1065 315 1207 364 quadam
1223 319 1258 352 ὃ(
1269 315 1318 351 sui
1331 315 1486 352 divisione
1503 345 1514 362 ‚
1542 318 1643 367 quam
1655 319 1723 356 sola

327 369 500 402 edufflone
520 380 743 415 procreantur.

367 418 400 449 H
405 428 449 450 aec
459 417 501 451 est
512 417 687 454 Themistii
700 415 897 454 vetustiffimi
916 414 1096 451 Aristotelis
1111 416 1297 463 interpretis
1311 414 1470 451 sententia
1482 442 1492 457 ‚
1506 416 1723 468 quamJuliua

328 464 466 513 Scaliger
480 471 514 502 ὃς
531 469 704 503 Sennertus
714 469 831 502 acriter
841 464 1022 500 defendunt
1034 493 1043 507 ,
1059 477 1163 512 eaque
1184 463 1282 512 paulo
1297 463 1390 499 fufius
1409 463 1453 498 est
1471 465 1675 512 explicanda.

375 516 497 549 Formae
514 519 696 552 viventium
715 528 832 565 ptaeter
854 514 916 551 effe
934 512 1152 561 respefiivum
1166 521 1182 557 ,·
1193 513 1358 560 quoddam
1377 512 1499 547 habent
1519 512 1581 549 effe
1598 515 1724 553 absolu-

325 576 395 598 tum
409 564 459 600 :id
475 565 554 601 veri)
575 569 749 616 propagari
765 595 776 610 ,
802 571 836 603 ὃ(
851 564 895 600 sui
906 562 1062 599 divifione
1077 562 1300 611 multiplicari,
1311 574 1348 597 ur
1360 563 1439 610 quid
1455 561 1723 610 probabilius‚at.

326 612 483 648 birramur
499 628 506 650 :
527 616 610 650 adeo
627 627 664 650 ut
673 629 746 651 cum
757 615 877 665 glande
886 613 992 649 forma
1001 625 1140 661 quercus
1157 618 1213 656 ‚&
1230 624 1303 647 cum
1317 611 1503 647 ovoforma
1518 612 1600 660 pulli
1613 615 1725 651 tradu-

324 674 435 705 catur,
453 675 553 712 atque
571 667 684 700 omnia
705 663 827 700 semina
840 663 899 699 {int
915 664 1071 699 animata.

361 711 510 748 Primum
525 742 535 757 ‚
557 714 711 764 explicari
727 713 823 750 nullo
843 713 943 748 modo
968 712 1158 760 potestquo
1174 722 1342 760 tempore,
1375 723 1431 747 aut
1450 711 1562 748 >forma
1582 724 1722 760 quercus

326 759 455 809 glandi,
469 774 525 797 aut
545 763 650 799 forma
661 763 826 813 pulliovo
840 763 995 798 adveniat
1013 775 1021 795 :
1047 773 1158 809 neque
1180 763 1269 797 enim
1289 762 1527 810 expectandum
1551 762 1598 796 est
1617 762 1724 800 donec

324 809 421 845 arbor
443 810 526 846 sitin
545 825 650 848 ramos
669 812 788 858 effusa,
804 824 858 848 aut
871 811 976 861 pullus
993 810 1030 847 fit
1049 810 1203 846 omnibus
1225 809 1282 846 suis
1303 813 1432 860 organis
1442 812 1604 847 instructus
1628 825 1636 846 :
1669 811 1724 850 sed

323 864 390 908 jam
402 861 491 895 adest
506 865 574 898 vita
585 893 595 908 ‚
613 876 687 898 cum
702 874 837 912 germen
856 863 996 910 erumpit
1010 890 1019 904 ,
1035 871 1091 896 aut
1101 872 1157 895 cor
1170 862 1205 896 in
1221 859 1314 908 pullo
1325 889 1334 903 ‚
1353 863 1461 909 primo
1478 866 1534 896 a'ut
1551 860 1656 896 altero
1667 862 1723 899 die

324 909 542 946 incubationis
567 915 674 949 micat.
700 916 783 963 Ergo
809 912 907 959 longe
929 909 1135 959 probabilius
1158 910 1202 944 est
1225 910 1367 945 formam
1387 922 1462 945 curn
1485 923 1551 946 ovo
1577 911 1723 958 traduci,

324 958 423 1005 quam
435 972 508 996 eam
527 961 621 997 efinu
637 965 782 998 materiae
799 960 1032 997 tantummodo
1044 962 1120 995 erui.

361 1008 510 1054 Confirm.
521 1014 566 1047 Ex
583 1014 712 1060 nuperis
721 1010 1007 1047 observationibus
1017 1007 1168 1045 Marcelli
1181 1008 1251 1043 Mal
1278 1009 1358 1057 ighii
1382 1007 1488 1057 liquet
1511 1011 1545 1045 in
1571 1022 1640 1045 ovo
1658 1009 1727 1045 foe-'

324 1058 432 1092 cundo
453 1061 552 1095 etiam
570 1073 649 1096 ante
661 1061 788 1111 gallinae
807 1059 1054 1098 incubationem
1077 1060 1181 1108 prima
1205 1022 1287 1107 pulli
1305 1059 1492 1094 rudimenta
1519 1058 1723 1107 microscopii

323 1107 556 1156 opeconspici‚
576 1123 646 1157 quae
660 1113 695 1145 in
710 1124 778 1145 ovo
795 1109 894 1144 sterili
908 1138 918 1152 ,
935 1120 992 1143 aut
1015 1107 1239 1143 subventaneo
1257 1119 1324 1142 non
1338 1119 1505 1156 apparent.
1539 1109 1592 1143 Sic
1618 1110 1723 1156 prima

323 1154 447 1191 arboris
466 1186 474 1200 ,
496 1170 551 1193 aut
566 1159 685 1207 plantae
697 1159 878 1195 staminain
892 1156 961 1206 ipso
983 1159 1131 1205 germine
1143 1156 1294 1192 distincita
1311 1155 1503 1204 plerumque
1524 1168 1696 1192 cernuntur
1711 1184 1723 1200 ‚

323 1216 393 1250 quae
412 1207 447 1240 in
463 1205 540 1240 faba
554 1236 564 1250 ‚
579 1208 702 1256 tulippa
716 1213 751 1244 δε
768 1205 927 1256 plerisque
948 1206 1020 1240 aliis
1041 1208 1121 1240 citra
1139 1206 1343 1252 microscopii
1370 1218 1469 1253 opem
1494 1207 1612 1240 intueri
1636 1205 1724 1242 licet.

325 1255 452 1302 Magno
465 1256 596 1301 quidem
611 1268 804 1306 argumento
819 1256 961 1291 formam
979 1254 1094 1304 plautae
1108 1253 1223 1290 semini
1236 1283 1245 1297 ‚
1264 1264 1298 1288 ut
1317 1252 1457 1289 formam
1472 1253 1552 1302 pulli
1566 1267 1634 1290 ovo
1652 1259 1723 1302 jam

325 1314 394 1337 rum
406 1303 503 1338 iness‘e
518 1333 528 1347 ‚
541 1317 616 1340 cum
633 1307 665 1340 id
682 1306 910 1342 foecundatur:
925 1305 1009 1340 adeo
1025 1315 1062 1338 ut
1079 1305 1196 1339 vivens
1208 1302 1300 1338 velut
1312 1303 1503 1351 particulam
1520 1302 1578 1339 firae
1593 1304 1722 1348 formae,

323 1363 357 1386 ut
371 1355 515 1388 materiae
536 1355 618 1402 proli
639 1354 697 1391 suae
712 1356 934 1391 communicet
954 1368 961 1390 :
981 1365 1057 1401 quae
1071 1353 1204 1402 quidem
1223 1350 1310 1401 quasi
1329 1351 1466 1387 scintilla
1490 1354 1526 1388 in
1554 1358 1719 1400 majorem

322 1400 489 1438 flammam
503 1403 660 1451 paulatim
674 1404 866 1454 explicatur.

361 1451 514 1498 Confirm.
525 1455 648 1488 iterum.
666 1456 703 1489 ld
725 1456 862 1490 minime
874 1452 1047 1503 probabile
1065 1452 1196 1488 videtur
1211 1452 1336 1502 plantas
1357 1453 1488 1495 vivere,
1512 1451 1633 1487 semina
1654 1465 1725 1489 non

323 1504 402 1536 item
427 1519 436 1544 ς
455 1513 595 1550 cumque
609 1506 714 1548 rami,
741 1515 796 1539 aut
812 1504 936 1539 radices
951 1501 1059 1538 excisa:
1074 1504 1106 1537 in
1134 1515 1237 1538 novas
1259 1500 1391 1537 arbores
1409 1501 1614 1546 adolescunt,
1639 1501 1725 1538 nihil*

323 1550 371 1585 est
382 1550 477 1585 causa:
488 1564 544 1586 cur
557 1554 625 1587 vim
650 1553 830 1602 prolificam
848 1555 881 1588 in
896 1564 966 1588 tota
989 1551 1107 1587 arbore
1123 1550 1272 1587 diffusam
1287 1549 1347 1585 else
1369 1549 1573 1595 inficiemur,
1593 1562 1649 1586 aut
1665 1563 1725 1586 cur

324 1602 390 1634 vim
406 1599 495 1635 illam
513 1601 530 1637 a
551 1601 885 1652 forma'sejungamus.
900 1604 1023 1650 Neque
1033 1603 1121 1637 enim
1132 1612 1268 1649 quercus
1289 1598 1454 1634 combusta
1475 1600 1617 1635 alterius*
1630 1600 1725 1635 causas

322 1652 472 1698 princeps
487 1647 547 1685 ess'e
559 1662 634 1694 ,aut
651 1652 715 1686 dici
734 1653 856 1700 potest,
865 1650 921 1686 nifi
931 1662 1091 1695 quatenus
1105 1649 1258 1698 glandem
1270 1647 1384 1689 emisit,
1395 1651 1428 1683 iu
1442 1662 1506 1696 qua
1516 1662 1610 1685 novae
1623 1662 1722 1697 quer-

322 1699 378 1734 cus
390 1699 498 1733 forma
515 1699 603 1734 velut
615 1701 810 1748 complicata
825 1698 996 1734 delitescit.
1011 1701 1083 1734 Nec
1095 1697 1264 1732 verifirnile
1285 1698 1329 1731 est
1339 1697 1493 1744 glandem
1511 1697 1573 1732 else
1595 1708 1723 1733 tantum

323 1748 576 1782 instrumentum
591 1747 715 1784 arboris
730 1777 740 1793 ‚
758 1761 796 1784 ex
813 1761 877 1796 qua
898 1748 1021 1797 prodiit
1041 1759 1048 1780 :
1073 1758 1180 1794 neque
1197 1748 1285 1781 enim
1298 1742 1391 1780 causa
1414 1748 1566 1794 primaria
1583 1745 1720 1782 effectus

325 1797 387 1830 dici
403 1796 507 1844 potest
527 1825 537 1839 ‚
553 1810 624 1844 quae
636 1797 719 1834 nihi-l
731 1800 797 1847 agit
813 1803 847 1835 &
864 1803 929 1845 jam
943 1796 1031 1832 forte
1042 1794 1214 1831 combusta
1227 1795 1285 1831 est.

362 1845 453 1879 Prob-
475 1859 501 1881 z.
512 1846 605 1882 Nihil
614 1847 661 1881 ‘est
672 1848 763 1895 quod
772 1860 830 1883 nos
843 1859 938 1896 cogat
947 1847 1091 1882 formam
1109 1844 1259 1880 animalis
1271 1874 1281 1888 ‚
1300 1843 1374 1878 cum
1393 1855 1430 1877 ea
1449 1843 1485 1879 fit
1499 1856 1670 1891 corporea,
1685 1851 1722 1882 δε

324 1892 492 1929 divisibilis
504 1924 514 1938 ‚
532 1896 551 1928 εἰ
567 1898 599 1929 vi
612 1895 697 1931 illius
720 1897 910 1932 formatrice
919 1895 1094 1945 sejungere.
1118 1895 1205 1930 Cum
1220 1896 1307 1929 enim
1327 1893 1393 1928 haec
1405 1895 1454 1927 vis
1473 1892 1601 1941 plastica
1615 1906 1654 1928 ex
1670 1896 1720 1928 vi,-

325 1945 431 1978 ventis
454 1944 560 1979 forma
577 1945 731 1990 ducatur,
748 1958 851 1995 eaque
869 1945 1008 1989 formet,
1042 1950 1075 1981 &
1103 1942 1248 1993 perficiat
1272 1954 1387 1993 corpus
1401 1971 1410 1987 ‚
1434 1942 1513 1978 nihil
1530 1941 1655 1978 necesse
1676 1944 1720 1980 est

325 2004 398 2027 eam
415 1993 434 2028 ὲ
450 1993 557 2028 forma
575 1994 671 2043 prolis
686 1995 861 2032 secernere.
1171 2008 1173 2010 ’

361 2043 465 2089 Qod
475 2042 496 2077 fi
504 2045 603 2078 etiam
613 2044 731 2093 plantis
746 2043 925 2090 tribuatur,
937 2048 1007 2081 ‘non
1025 2056 1062 2079 ea
1084 2044 1127 2079 est
1140 2057 1207 2079 ovo
1219 2042 1422 2093 denegando.
1437 2043 1512 2079 Nec
1525 2040 1657 2078 demum
1667 2045 1719 2079 vis

324 2094 443 2126 motrix
461 2120 471 2134 ,
493 2104 558 2140 qua
576 2093 740 2130 corculum
751 2094 829 2144 pulli
842 2095 1031 2130 inchoatum
1043 2096 1076 2129 in
1094 2106 1161 2129 ovo
1175 2092 1248 2142 post
1262 2091 1436 2128 secundum
1453 2102 1508 2126 aut
1523 2093 1654 2127 tertium
1667 2094 1718 2127 in-

323 2139 506 2177 cubationis
525 2142 613 2176 diem
626 2144 726 2179 micat
738 2175 747 2188 ‚
767 2143 889 2179 diversa
904 2145 948 2179 est
960 2144 1002 2180 ab
1016 2157 1054 2179 ea
1069 2154 1134 2192 qua
1144 2142 1234 2191 pullo
1253 2141 1406 2177 omnibus
1421 2140 1482 2176 suis
1499 2139 1643 2187 partibus
1655 2139 1718 2175 ab-

324 2188 448 2234 solum,
465 2190 498 2225 id
513 2203 636 2229 movet.
648 2194 817 2229 Postremo
829 2205 883 2229 aut
902 2195 1089 2239 negandum
1105 2192 1152 2228 est
1170 2192 1287 2229 virales
1306 2197 1339 2229 δι
1353 2188 1514 2227 naturales
1526 2186 1715 2224 functiones

323 2237 482 2293 als-anima
493 2239 571 2288 pulli
593 2241 771 2290 proficisci,
787 2255 843 2279 aut
861 2235 1028 2280 faten‘dum
1044 2242 1090 2278 est
1106 2245 1173 2278 vim
1191 2247 1259 2292 ejus
1273 2241 1493 2278 formatricem
1511 2235 1552 2271 ad
1577 2240 1715 2274 eandem

327 2299 468 2323 ammam
486 2292 657 2337 pertinere.
