1878 2724
510 112 577 150 DE
621 109 965 149 FOSSIL'IBUS.
1361 123 1406 150 'o

52 164 203 201 elementi
220 159 404 210 corpuscula
416 171 473 210 per
486 161 568 197 illius
585 162 714 198 rimulas
727 160 812 209 quasi
832 160 990 210 gladiolos
1006 171 1195 208 erumpere3
1219 173 1290 208 quae
1304 131 1384 199 cuns
1394 132 1429 202 ig

50 225 123 248 aete
135 213 266 247 idoneos
282 222 404 246 meatus
421 223 487 245 non
498 211 684 253 offendant,
695 214 728 245 in
740 211 846 245 locum
863 209 922 244 suae
939 211 1070 257 originis
1088 222 1312 247 revertuntur.
1343 216 1424 262 Qae

49 260 141 310 hujus
149 259 282 296 effecius
297 258 478 306 explicandi
493 259 756 303 ratio‚intelle8tu
772 256 955 301 difficilis,&
968 260 1006 291 ad
1018 256 1188 293 libidinem
1203 259 1340 296 conficta
1352 276 1426 297 om-

47 311 127 346 nino
140 309 278 344 videtur.
296 310 384 345 Nam
397 319 452 341 cur
468 310 563 356 primi
579 308 732 343 elementi
747 318 852 355 partes
866 319 931 341 tam
941 318 1073 354 repente
1086 319 1212 342 morum
1226 308 1314 342 sirum
1331 313 1426 346 amit-

48 367 139 400 tunt,
153 362 186 395 &
209 359 241 392 in
259 356 388 405 planam
407 355 607 403 superficiem
651 356 739 391 ladiis
754 368 818 390 non
839 354 1023 391 diffimsscm
1040 354 1181 391 abeunt?
1205 368 1259 390 cur
1282 370 1352 393 curn
1374 358 1428 395 sua

46 406 150 455 praeda
163 416 365 441 revertuntur
378 415 388 441 Ξ
401 416 437 438 ac
450 406 580 439 tandem
604 405 624 439 il
640 405 681 439 ud
696 405 819 439 constat
832 403 947 438 halitus
962 403 1097 439 viscosos
1115 405 1132 439 ὲ
1151 404 1339 453 corporibus
1354 408 1424 443 ele-

48 456 153 490 aricis
175 466 343 501 erumpere
356 482 366 496 ,
376 466 442 488 non
456 455 551 501 primi
563 453 719 488 elementi
733 454 916 488 materiem.

83 516 107 546 3.
132 504 243 550 Qam
258 501 386 538 Cabeus
399 501 516 536 horum
534 500 704 537 effedtuum
722 499 818 536 affert
839 512 1052 542 rationem‚ea
1069 499 1161 548 prob*
1173 500 1270 535 bilior
1292 506 1426 550 quidem

45 552 90 587 est
100 580 109 595 ,
124 564 184 586 nec
209 563 318 586 tamen
331 562 407 584 vera
420 566 429 592 ;
446 549 564 585 halitus
575 552 726 585 nimirum
739 550 756 585 ὲ
769 548 896 584 succino
912 546 1048 583 excuffos
1060 552 1299 597 circumjectum
1315 565 1424 590 aerem

43 601 194 648 disjicere
205 602 279 647 ,qui
291 612 363 633 curn
387 611 453 633 non
499 598 570 635 offit
590 601 731 634 vicinum
747 597 860 633 itidem
873 610 980 632 aerem
994 597 1067 631 loco
1085 599 1253 633 dimovere
1266 628 1276 643 ‚
1290 605 1425 638 omnino

43 648 209 697 repellitur
217 661 280 684 una
292 660 364 682 cum
382 612 536 682 halitigus
556 651 611 695 qui
629 647 649 683 ἐι
663 646 787 682 succino
798 645 930 694 erupere
941 659 949 681 ι
960 645 1065 693 sicque
1075 649 1193 680 rariore
1206 647 1291 683 faeta
1311 649 1425 687 succini

43 695 252 745 atmosphaera
265 725 274 739 ,
285 696 305 732 ὲ
317 698 473 744 gravioris
485 698 564 730 aeris
575 696 716 745 pondere
729 695 843 730 halitus
855 692 936 742 ipsos
949 707 1010 729 una
1021 707 1093 729 curn
1112 695 1285 731 levioribus
1297 700 1426 747 corpus-

43 745 140 788 culis,
159 744 276 792 quibus
293 743 505 779 adhaerescunt
517 773 527 787 ,
544 747 678 780 omnino
693 743 820 792 repelli.
840 746 964 778 Verum
978 742 1017 778 fic
1035 742 1201 778 flammam
1222 748 1253 779 vi
1274 747 1425 784 elec‘trica

43 793 156 829 donari
169 805 346 841 oporteret.
365 795 452 829 Nam
467 795 612 828 vicinum
627 805 736 827 aerem
754 793 915 840 protrudit
926 820 935 835 ,
956 794 1011 839 qui
1026 792 1203 839 &graviore
1217 796 1296 828 aeris
1320 809 1425 832 atmo-

42 840 162 891 sphaera
177 841 409 889 repellidebet.
428 842 557 877 Deinde
566 844 598 877 in
612 842 761 877 machina
783 842 985 888 pneumatica
998 840 1156 876 exhausto
1171 853 1247 875 aere
1266 842 1423 883 succinum

42 891 150 939 paleas
167 891 206 924 ad
226 890 256 925 se
273 893 374 938 rapit,
385 901 421 927 ut
434 902 586 939 expertus
600 891 643 926 est
656 892 706 926 D.
724 890 844 938 Boyle,
855 894 887 926 δε
905 900 1014 924 tamen
1033 888 1137 924 nullus
1157 890 1200 925 est
1211 890 1262 926 hic
1278 891 1365 930 locus
1377 907 1425 930 at·

43 938 223 987 mospliaerae
236 942 329 976 aeris.

76 1001 112 1032 4.
135 991 190 1025 Ne
205 987 260 1023 illa
271 988 402 1035 quidem
414 988 571 1024 sententia
584 1000 683 1035 quam
701 986 872 1037 Digbaeus‚
898 984 1076 1022 Gaffendus
1090 1015 1099 1030 ,
1119 992 1152 1023 δε
1165 986 1219 1021 alii
1234 986 1421 1036 sequuntur,

41 1037 138 1072 nobis
154 1035 309 1084 probatur
322 1065 331 1079 ,
344 1035 478 1072 viscosos
495 1036 611 1071 halitus
621 1036 641 1072 ἐι
657 1035 780 1071 succino
791 1036 915 1071 emissos
928 1037 1053 1070 externi
1066 1038 1147 1068 aeris
1164 1035 1284 1084 frigore
1297 1051 1423 1075 contra-

41 1085 98 1129 hi,
111 1091 144 1122 δε
157 1087 283 1132 impetu
301 1083 412 1120 amilso
422 1097 484 1120 una
495 1097 568 1119 cum
583 1083 759 1119 levioribus
773 1084 964 1132 corpusculis
977 1083 1103 1118 retrahi.
1121 1084 1219 1129 Qod
1238 1085 1258 1119 si
1269 1089 1355 1121 enirn
1371 1101 1424 1122 ex—

43 1144 139 1168 terno
149 1135 230 1167 aeris
240 1132 362 1182 frigore
373 1132 464 1168 fieret
480 1132 535 1166 villa
556 1132 714 1168 halituum
733 1135 932 1175 contractio,
952 1137 1052 1180 major
1072 1130 1150 1166 esset
1176 1134 1221 1166 vis
1249 1133 1396 1170 eleetrica
1412 1165 1422 1180 ‚

42 1193 114 1216 cum
127 1181 286 1217 succinum
301 1182 410 1230 gelido
428 1184 492 1217 aeri
505 1183 689 1228 exponitur.
711 1182 837 1217 Deinde
853 1182 962 1217 viscidi
973 1180 1113 1228 liquores
1126 1180 1187 1214 hoc
1197 1181 1319 1218 habent
1332 1195 1422 1220 com-

41 1242 161 1272 mune,
179 1241 216 1264 ut
231 1229 345 1266 excuffi
357 1258 367 1272 ,
384 1232 464 1266 &in
482 1229 535 1265 fila
553 1230 674 1264 diduffi
689 1232 720 1265 in
742 1229 853 1278 seipsos
866 1229 1117 1276 redeantequod
1139 1228 1269 1264 tensioni
1289 1231 1345 1278 ipfi
1361 1246 1421 1280 po-

43 1280 104 1314 tius
119 1277 327 1314 tribuendum
343 1279 407 1322 est,
432 1290 488 1314 aut
507 1280 703 1326 circumjecti
723 1281 804 1313 aeris
825 1276 978 1327 preffioni
990 1305 1000 1320 ,
1023 1280 1122 1325 quim]
1139 1287 1273 1314 externo
1288 1279 1419 1330 frigori:

42 1328 130 1375 quod
140 1339 176 1362 ut
186 1326 273 1364 forte
286 1329 478 1364 tractionem
487 1327 638 1374 adjuvet,
649 1339 720 1363 eam
733 1325 859 1363 efficere
869 1327 970 1362 solum
987 1340 1052 1363 non
1071 1326 1181 1375 potest.

573 1425 755 1462 Solvuntur
777 1423 970 1470 objeiliones.
991 1447 996 1451 -

81 1524 166 1572 Opp.
190 1536 213 1560 1.
237 1521 397 1560 Cartefius
421 1551 430 1567 ‚
452 1533 615 1570 utcunque
633 1522 694 1556 dici
720 1520 805 1568 posse
834 1521 947 1557 oleosa-
957 1534 1092 1571 corpora
1114 1552 1123 1566 ,
1153 1521 1326 1570 cujusmodi
1348 1521 1420 1558 sunt

42 1571 195 1620 pleraque
228 1584 364 1618 corpora
410 1571 579 1613 eledhica,
610 1571 678 1618 post
700 1570 862 1606 afflictum
894 1570 1009 1606 halitus
1047 1574 1197 1606 emittere
1230 1583 1266 1605 ex
1292 1570 1420 1606 ramosis

41 1620 185 1669 partibus
211 1620 370 1655 conflatos
393 1648 404 1664 ,
433 1623 489 1668 qui
511 1619 628 1654 vibrati
657 1617 753 1654 rebus
775 1619 947 1654 levioribus
972 1619 1199 1662 adhaerescaut,
1218 1619 1419 1654 &inlocum

43 1667 111 1704 suae·
137 1671 268 1718 originis
300 1669 432 1704 redeant
454 1683 462 1705 ε
483 1680 519 1703 ut
545 1666 679 1702 viscosus
704 1667 810 1714 liquor
849 1669 1016 1715 postquam
1042 1667 1155 1703 filatim
1181 1668 1418 1714 aliquantulum

43 1717 163 1751 decidit
184 1745 194 1761 ,
228 1718 332 1753 statim
353 1720 387 1753 in
413 1716 474 1752 sese
496 1718 666 1751 revertitur
695 1730 702 1751 :
735 1717 766 1750 id
787 1728 865 1750 vero
883 1717 923 1750 de
945 1718 1029 1750 vitro
1056 1718 1089 1751 in
1119 1718 1264 1763 quovis
1289 1716 1420 1751 cleastri-

42 1778 79 1800 ca
104 1767 194 1814 viget
209 1795 217 1808 ,
245 1766 331 1800 nulla
348 1769 474 1801 ratione
486 1764 625 1813 intelligi
643 1763 747 1811 posse:
766 1777 840 1799 cum
850 1776 890 1801 ex
911 1763 1022 1798 oleofis
1034 1765 1177 1813 partibus
1199 1777 1266 1799 non
1283 1766 1419 1802 cou'stet:

43 1815 128 1850 unde
139 1815 178 1848 ad
196 1817 292 1861 primi
314 1814 468 1849 elementi
481 1814 683 1850 substantiam
701 1815 734 1848 in
751 1825 860 1849 tenues
882 1813 1050 1848 laminulas
1072 1813 1239 1848 diduc‘tarn
1259 1813 1419 1863 confugit,

42 1873 84 1898 eo
99 1875 166 1910 quo
184 1864 320 1898 diximus
333 1864 442 1898 modo.
753 1905 756 1907 v

65 1913 156 1959 Resp.
177 1912 210 1945 ld
227 1911 404 1946 Cartefium
420 1909 578 1953 fefelliffe‚
588 1911 676 1957 quod
689 1910 768 1946 nihil
786 1910 884 1946 oleofi
895 1913 979 1945 intra
996 1912 1071 1945 vitri
1083 1922 1206 1945 meatus
1218 1909 1419 1946 includicre.

43 1959 158 1993 diderit
171 1973 179 1994 :
190 1972 260 1995 cum
274 1971 382 1995 tamen
400 1961 465 1994 duo
474 1961 556 1993 vitra
566 1958 712 1994 solidiora
731 1972 770 1994 ex
786 1972 897 1995 mutuo
908 1960 1019 1993 attritu
1031 1959 1164 1994 odorem
1177 1958 1248 1993 satis
1260 1961 1419 2007 ingratum

43 2006 192 2056 spargant
210 2008 311 2043 :adeo
325 2019 361 2042 ut
381 2007 422 2042 ab
433 2020 470 2042 ea
488 2009 612 2041 ratione
625 2020 723 2054 quam
739 2010 1052 2057 attigerar‚propter
1072 2010 1140 2042 vim
1158 2007 1344 2042 eleffiicam
1370 2012 1420 2044 vi..

42 2057 245 2099 tri‚recedere
263 2069 330 2090 non
344 2057 375 2090 de
387 2055 650 2103 buerit.Jamque
657 2055 737 2089 alibi
747 2057 943 2091 ostendimus
958 2059 1012 2092 vix
1025 2055 1124 2090 ullum
1136 2054 1195 2091 effe
1204 2067 1318 2103 corpus
1330 2059 1421 2103 quod

43 2107 190 2140 attritum
202 2116 311 2140 tenues
321 2104 400 2139 exse
410 2103 535 2151 spiritus
545 2117 611 2138 non
631 2106 757 2139 emittat
772 2104 960 2152 ‚praesertim
974 2106 1049 2139 dum
1068 2117 1179 2139 eorum
1193 2116 1297 2152 partes
1323 2106 1421 2140 celeri

44 2158 79 2190 &
101 2156 265 2201 reciproco
278 2165 371 2188 motu
382 2164 552 2200 agitantur.
565 2155 651 2187 Hinc
664 2165 804 2187 marmor
813 2154 888 2187 dum
900 2152 1081 2201 expolitur3
1095 2152 1280 2188 ferrumubi
1299 2152 1419 2189 malleo

45 2203 188 2238 tunditur
201 2214 351 2249 ·‚cuprum
362 2214 434 2236 cum
444 2200 574 2235 incaluit
583 2228 593 2242 ,
604 2203 744 2249 ingratos
756 2203 872 2236 odores
893 2201 1039 2236 fundunt.

79 2252 165 2299 Opp.
181 2267 208 2288 2.
229 2250 447 2286 Utsuccinum
460 2278 469 2291 ‚
489 2249 573 2283 licea
585 2277 594 2291 ‚
611 2262 650 2283 ex
671 2262 731 2296 qua
758 2249 876 2285 scilicet
898 2249 935 2284 fit
951 2262 1022 2283 cera
1036 2249 1251 2298 obsignatoria
1267 2275 1277 2291 ,
1300 2248 1417 2284 &alia

44 2299 133 2345 hujus
142 2312 267 2344 generis
278 2311 409 2347 corpora
424 2309 534 2333 tenues
550 2297 666 2333 halitus
677 2299 847 2342 emittant3
862 2299 947 2335 nulla
959 2299 992 2332 id
1011 2297 1241 2345 probabilitate
1259 2296 1419 2332 affevera-

46 2346 166 2394 tiposse
181 2376 191 2392 ‚
202 2361 240 2383 ex
252 2349 442 2393 adamante,
455 2353 489 2385 &
506 2348 642 2395 gemmis
652 2346 819 2385 duriffimis
829 2349 896 2396 post
909 2347 1018 2385 levem
1026 2348 1172 2382 attritum
1183 2343 1334 2429 vis}‹}sani
1346 2345 1418 2382 sub-

211 2398 303 2432 Tom.
340 2398 361 2431 I
369 2398 396 2430 I·
1201 2395 1222 2428 F
