1878 2724
486 140 864 190 TRACTATUS
913 139 1149 189 parntis.
1484 168 1522 199 77

648 254 764 287 Prima
786 248 960 297 Conclusio.

150 350 387 400 Chymicorum
405 350 564 401 principia
583 360 650 385 non
667 352 770 398 prima
784 379 795 395 ,
821 348 875 385 sed
898 348 938 383 ad
959 347 1116 384 summurn
1140 351 1301 400 principia
1321 349 1445 387 secund:
1455 351 1502 385 ria

113 399 178 436 dici
198 398 336 449 possunt.

152 448 246 486 Proh.
259 451 299 486 <9-
311 450 495 499 explicatur
505 448 602 485 cond.
620 446 681 483 Illa
694 447 766 483 sunt
779 449 883 496 prima
897 448 1054 496 principia
1066 476 1077 491 ,
1099 459 1154 483 aut
1168 447 1336 484 miscibilia
1347 479 1358 494 ,
1378 452 1410 485 in
1427 462 1500 498 quae

112 501 213 533 mixta
224 510 360 547 corpora
377 510 435 548 per
445 509 623 533 extremam
641 497 675 533 &
688 496 836 543 ultimam
851 494 1006 543 analyfim
1021 496 1221 532 resolvuntur
1242 512 1250 533 :
1274 496 1326 532 sed
1342 501 1503 548 principia⁴

111 548 346 594 Chymicorum
362 575 372 590 ‚
396 550 432 582 ut
455 547 540 582 forte
555 557 610 594 per
621 545 761 593 primani
777 546 811 582 ὃς
828 545 930 591 magis
952 543 1088 579 obviam
1100 545 1253 594 analyfim
1263 548 1440 595 prodeant,
1460 556 1499 582 ea

113 608 222 633 tamen
235 595 358 646 possunt
373 599 407 631 in
419 607 526 645 partes
535 593 743 643 simpliciores
753 594 855 629 adhuc
868 590 1014 629 diffolvi:
1029 605 1066 628 ut
1076 594 1257 642 peritiffimi
1274 596 1428 645 Chymici
1449 597 1499 632 fa-

111 652 238 690 tentur,
264 656 301 680 ac
317 642 427 680 multis
437 642 716 680 observationibus
735 644 877 679 constare
887 642 1006 691 potest.
1016 643 1050 677 Id
1063 646 1151 678 enim
1166 644 1267 692 liquet
1285 643 1429 693 spiritum
1451 649 1500 680 vi*

109 696 144 730 ni
157 693 424 730 inflammabilern
438 704 559 743 magna
575 705 616 728 ex
635 704 726 742 parte
745 695 780 729 in
792 705 909 740 aquam
928 695 1077 727 converti
1093 707 1100 729 :
1118 706 1189 742 quae
1209 705 1319 729 tamen
1340 696 1372 729 in
1387 694 1497 744 lingua

108 745 301 778 acerrimum
317 743 463 793 saporem
475 742 658 792 impressum
673 742 850 791 relinquit:
869 741 952 775 adeo
970 753 1007 776 ut
1025 740 1044 776 s
1061 743 1151 777 iritus
1170 742 1218 778 illi
1237 743 1385 777 ardentes
1404 749 1436 780 &
1449 746 1498 778 in-

105 790 321 827 flammabiles
331 794 366 829 in
379 805 495 841 aquam
505 798 539 829 &
549 790 646 827 salem
661 792 792 827 tandem
807 790 978 826 volatilem
992 755 1191 827 resolvantur
1211 805 1218 827 :
1233 802 1269 827 ut
1280 791 1388 828 multis
1399 795 1499 827 ratio-

108 840 205 875 nibus
219 846 253 878 &
265 844 501 891 experimentis
513 841 750 877 demonstravit
761 843 810 876 vit
821 838 1020 875 doetiffimus
1034 844 1077 877 D.
1092 842 1150 874 Du
1164 842 1250 877 Clos.

153 891 237 926 Non
251 892 296 925 ita
305 892 432 940 pridem
447 893 479 926 in
489 894 577 940 regia
594 890 770 926 Academia
787 890 901 924 decem
918 889 1100 936 unciaeplei
1117 888 1209 924 craffi
1219 895 1253 927 ὃ(
1265 888 1424 925 foetidiex
1439 903 1498 925 va-

105 939 160 974 riis
169 938 287 988 plantis
301 942 435 976 extraffl
446 951 503 989 per
527 938 654 974 crebras
667 939 888 974 distillationes
904 936 943 972 fic
953 937 1084 974 fuerunt
1095 938 1280 974 rectificatae
1289 969 1297 983 ‚
1312 951 1346 974 ut
1363 940 1495 988 aequalis

105 987 230 1038 semper
245 1001 335 1037 aquae
344 991 521 1025 communis
531 991 640 1038 portio
648 989 821 1023 adderetur
832 1001 840 1023 ε
854 999 913 1036 per
923 988 975 1034 24·
988 990 1099 1036 itaque
1112 987 1242 1024 iteratas
1257 989 1497 1032 distillationes,

103 1047 190 1087 aqna
205 1037 311 1073 multo
326 1037 532 1074 sale'volatili
544 1041 755 1087 impraegnata
767 1037 890 1087 semper
902 1036 966 1072 fuit
981 1036 1140 1072 exstillata
1154 1050 1289 1087 3magna
1300 1039 1416 1073 itidem
1433 1050 1498 1073 ter-

104 1098 145 1121 tae
157 1089 267 1137 portio
277 1088 394 1123 educta
412 1089 470 1123 est:
483 1089 567 1123 adeo
583 1100 619 1123 ut
628 1089 696 1122 duce
715 1099 844 1123 tantum
868 1089 970 1121 unciae
990 1098 1047 1122 aut
1063 1089 1191 1122 circiter
1210 1089 1276 1122 olei
1289 1089 1390 1137 magis
1411 1087 1498 1122 dilu-

102 1136 132 1169 ti
142 1148 181 1170 ex
191 1135 305 1170 decem
315 1139 416 1172 unciis
435 1136 658 1184 superfuerint.
681 1134 783 1184 Qod
794 1135 904 1170 oleum
918 1134 1052 1170 ulterius
1068 1136 1281 1171 rectificatum
1295 1165 1304 1179 ,
1322 1135 1375 1171 seu
1392 1136 1496 1170 distil-

105 1183 205 1219 latum
221 1184 372 1233 potuisset
386 1188 421 1221 in
435 1185 606 1234 phlegma,
622 1185 719 1220 salem
739 1183 910 1221 volatilem
929 1189 962 1221 &
980 1196 1097 1219 terram
1110 1185 1215 1220 adhuc
1241 1184 1358 1220 resolvi
1376 1198 1384 1220 ε
1401 1185 1497 1220 Adeo

104 1239 144 1266 ut
156 1244 218 1268 nec
236 1233 359 1282 spiritus
375 1237 442 1269 vini
461 1236 574 1269 ardens
585 1263 595 1277 ‚
617 1246 677 1269 nec
687 1234 799 1268 oleum
812 1232 930 1282 ipsum,
957 1244 1012 1267 aut
1026 1232 1153 1281 sulphur
1167 1236 1250 1268 inter
1267 1236 1370 1282 prima
1387 1246 1495 1269 rerum

103 1283 260 1330 principia
271 1285 434 1318 numerari
443 1282 580 1332 possint:
597 1279 650 1318 sed
661 1293 706 1316 eae
724 1280 794 1317 sunt
804 1311 814 1326 ‚
828 1293 865 1317 ut
875 1282 1011 1316 diximus
1022 1311 1032 1325 ‚
1058 1281 1248 1317 secundariae
1260 1283 1407 1330 quaedam
1417 1295 1497 1317 con-

102 1332 266 1366 cretiones
282 1361 291 1375 ‚
308 1345 379 1380 quae
396 1345 438 1368 ex
455 1330 882 1382 simplicioribus'pendent.

141 1378 295 1425 Confirm.
313 1384 368 1418 Ne
380 1381 459 1417 illud
474 1383 608 1430 quidem
625 1381 818 1417 crediderim
828 1379 906 1416 sales
920 1393 960 1416 ex
976 1378 1137 1415 cineribus
1158 1382 1319 1416 extraCtos
1334 1381 1418 1416 adeo
1432 1379 1493 1416 esse

102 1427 260 1477 simplices
273 1458 282 1473 ‚
305 1443 342 1466 ut
361 1443 400 1465 ex
419 1430 663 1480 simplicioribus
681 1443 748 1465 non
766 1431 958 1479 prodierint.
975 1432 1013 1465 Et
1030 1430 1101 1464 lane
1120 1441 1194 1464 cum
1211 1428 1376 1464 considero
1417 1429 1494 1465 isces

103 1479 265 1521 marinos,
285 1482 344 1528 qui
360 1493 477 1530 magna
491 1493 531 1515 ex
547 1491 637 1529 parte
657 1491 697 1514 ex
710 1492 795 1527 aqua
812 1477 886 1514 salsa
905 1481 1089 1514 nutriuntur
1102 1508 1112 1522 ‚
1132 1477 1214 1514 nihil
1228 1477 1294 1513 salis
1311 1491 1372 1528 prae
1396 1492 1413 1514 e
1427 1480 1494 1514 fer-

102 1538 137 1561 re
152 1541 161 1563 :
179 1539 291 1563 contra
303 1528 452 1566 homines
464 1535 496 1567 δε
512 1530 670 1564 terrestres
687 1532 866 1564 animantes
880 1557 890 1572 ‚
919 1540 991 1575 quae
1003 1527 1099 1562 rebus
1120 1525 1198 1562 salsis
1218 1528 1410 1576 plerumque
1427 1542 1493 1564 non

102 1575 271 1611 vescuntur
285 1606 294 1620 ‚
322 1581 427 1612 urinas
441 1585 473 1615 &
489 1577 615 1613 sudores
631 1578 792 1612 interdum
811 1583 845 1614 &
862 1579 1015 1624 pituitam
1026 1577 1110 1611 adeo
1128 1575 1235 1611 salsam
1246 1589 1377 1625 egerere
1388 1592 1396 1614 :
1407 1578 1492 1613 mul-

104 1635 173 1659 tum
184 1627 219 1660 in
230 1637 302 1660 eam
318 1628 508 1674 propendeo
521 1625 732 1668 sententiam,
754 1625 851 1659 salem
865 1624 966 1673 ipsum
981 1637 1047 1659 non
1066 1627 1208 1672 primum
1224 1624 1285 1659 else
1307 1625 1466 1661 miscibile
1479 1655 1491 1670 ,

102 1685 157 1708 aut
165 1675 303 1722 primam
314 1673 376 1710 effe
390 1681 423 1712 &
436 1673 687 1711 indiffolubilem
704 1686 891 1709 atomorum
907 1674 1151 1708 concretionem
1163 1702 1173 1717 ‚
1197 1671 1249 1708 sed
1272 1672 1490 1711 secundariam

101 1722 280 1765 duntaxat,
297 1736 435 1770 quaeque
453 1737 492 1759 ex
511 1735 639 1759 textura
660 1724 847 1758 mechanica
856 1725 992 1758 omnino
1010 1722 1142 1770 pendet.

117 1770 240 1808 Proh-2.
255 1771 413 1808 conclufio
427 1787 434 1808 :
454 1784 541 1808 tanta
555 1775 587 1807 in
601 1775 638 1806 iis
652 1771 786 1807 vocibus
797 1771 878 1814 salis,
894 1771 1059 1819 sulphuris,
1072 1773 1267 1808 &mercurii
1284 1770 1491 1820 ambiguitas,

102 1830 193 1855 tanta
210 1820 253 1855 est
266 1821 477 1862 homonvmia
492 1851 501 1863 ‚
523 1833 558 1856 ut
573 1834 621 1856 res
633 1822 682 1857 his
695 1820 830 1856 vocibus
845 1819 992 1869 subjectae
1003 1822 1056 1854 vix
1067 1819 1235 1868 designari,
1250 1822 1306 1856 aut
1314 1822 1491 1870 principio-

100 1880 172 1904 turn
184 1868 257 1915 loco
268 1900 276 1914 ‚
290 1883 328 1905 ex
339 1872 456 1919 quibus
474 1870 628 1906 ducantur
637 1880 744 1906 rerum
752 1871 924 1918 qualitates
935 1900 945 1914 ,
963 1869 1078 1905 haberi
1095 1867 1221 1918 possint.
1242 1872 1322 1905 Non
1337 1872 1423 1905 enirn
1438 1870 1490 1905 so-

100 1916 337 1969 lfimChymlci
354 1922 432 1969 quid
447 1922 593 1956 mercurii
606 1932 636 1957 ν.
656 1933 700 1970 gr.
723 1920 800 1968 quid
810 1919 967 1968 sulphuris
988 1922 1123 1954 nomine
1136 1918 1342 1966 intelligant,
1356 1922 1440 1955 inter
1458 1919 1489 1955 se

101 1966 302 2005 dissentiunt:
316 1969 367 2005 sed
382 1983 442 2007 nec
460 1970 550 2004 idem
562 1970 688 2006 Author
710 1969 818 2005 secum
835 1968 900 2018 ipse
916 1967 1087 2005 consentit.
1101 1969 1155 2003 Sic
1167 1970 1338 2012 mercurii,
1362 1980 1415 2004 aut
1427 1967 1490 2018 spi-

101 2016 177 2050 titus
190 2020 341 2062 nomine,
350 2033 416 2056 non
436 2030 606 2067 argentum
620 2021 733 2055 vivum
744 2049 754 2063 ‚
770 2017 859 2068 quod
871 2017 1081 2054 metallorum
1102 2020 1274 2053 materiam
1287 2016 1348 2052 esse
1361 2030 1490 2066 putant,

102 2062 156 2099 sed
174 2065 358 2113 &liquores
377 2069 533 2116 quosdam
549 2068 721 2104 exstillatos
736 2070 879 2105 donant:
894 2067 958 2103 five
976 2065 1035 2102 fint
1053 2068 1135 2102 acidi
1153 2072 1187 2103 &
1203 2078 1430 2115 penetrantes,
1451 2080 1488 2103 ut

101 2113 226 2199 sgiritus
256 2117 400 2160 vitrioli‚
423 2129 478 2151 aur
501 2115 623 2165 spiritus
639 2118 730 2162 salis3
754 2117 818 2153 five
835 2116 1184 2159 fintinflammabiles,
1206 2128 1241 2150 ur
1264 2116 1386 2165 spiritus
1409 2118 1486 2151 vini.

141 2164 194 2199 inc
206 2162 360 2212 sulphuris
376 2167 509 2202 nomine
523 2167 681 2202 interdum
690 2181 805 2217 corpus
816 2168 892 2203 illud
908 2167 1061 2202 foetidum
1074 2171 1106 2202 &
1120 2164 1336 2209 uotiffimum3
1354 2168 1486 2200 interim

102 2212 178 2247 olea
194 2226 264 2260 quae
275 2227 311 2250 ex
327 2215 444 2264 plantis
462 2227 519 2263 per
527 2215 773 2253 distillationem
789 2229 927 2261 exeunt,
954 2214 1086 2252 confusa
1108 2215 1284 2249 admodum
1311 2226 1392 2248 voce
1406 2214 1486 2248 desi-

101 2262 304 2312 gnam-jam
315 2276 435 2312 quanta
450 2263 618 2299 interillos
638 2279 745 2315 pugna
769 2268 830 2311 est,
851 2280 956 2302 utrum
983 2266 1087 2313 liquor
1104 2264 1159 2298 ille
1184 2261 1426 2298 inflammabilis
1452 2269 1486 2310 ὃς

103 2313 206 2346 tenuis
227 2315 330 2360 quiex
350 2317 428 2350 vino
443 2313 640 2358 exstillatur,
660 2318 807 2350 mercurii
820 2319 954 2352 nomine
978 2314 1144 2350 donandus
1163 2311 1269 2355 fit3an
1290 2310 1406 2359 sitpais
1424 2311 1485 2346 sulss

102 2360 213 2408 phuris
230 2365 357 2410 purior:
375 2365 457 2398 adeo
471 2375 506 2398 ut
519 2362 581 2397 sola
591 2366 731 2410 partium
748 2376 875 2399 textura
893 2394 902 2407 ‚
928 2378 992 2399 non
1016 2361 1144 2397 essentia
1156 2390 1165 2403 ,
1187 2372 1241 2395 ant
1259 2360 1359 2407 specie
1381 2360 1399 2395 ἒι
1420 2360 1482 2396 sul-

103 2408 222 2458 phure‚
234 2411 286 2446 vel
298 2412 340 2448 ab
355 2413 429 2448 oleo
440 2414 506 2449 vini
517 2411 643 2448 differat
658 2427 665 2449 :
684 2426 755 2448 cum
767 2415 890 2449 eaedem
912 2413 972 2449 sint
988 2409 1150 2458 utriusque
1162 2409 1347 2445 affectiones
1359 2439 1366 2452 ‚
1382 2408 1482 2458 iisque

1220 2461 1247 2493 K
1277 2461 1307 2499 iij
