1878 2724
461 124 830 163 TRA‘CTATUS
871 122 1118 163 munaus,-
1446 141 1493 175 5„-

498 226 554 259 De
568 234 690 259 natura
709 222 748 259 ό·
770 226 972 274 generatione
987 225 1099 273 ignis.-

122 329 237 376 Ignem
251 323 451 360 elementum
466 321 540 366 effe,
556 333 611 357 aut
621 334 737 370 corpus
752 320 882 370 simplex
892 352 902 366 ,
920 324 1115 372 praecipuum
1136 329 1261 357 naturae⁴
1278 333 1436 372 organum
1452 329 1484 361 δε

88 379 230 414 maxime
241 371 609 421 aetuostingPhilosophi
620 383 704 420 pene
718 384 834 407 omnes
844 373 1061 409 consentiunt.
1079 373 1169 408 Nam
1179 383 1290 406 caetera
1307 374 1410 420 agitat
1421 373 1489 408 ele-

88 437 215 468 menta,
234 435 336 472 eaque
358 424 498 457 omnino
511 433 642 470 torpent
655 420 730 465 ‚nisi
741 420 785 455 ab
802 423 878 469 igne
888 423 945 469 qui
962 422 1006 457 est
1019 422 1141 469 quietis
1154 421 1348 468 impatiens,
1371 422 1489 471 impel-

89 475 204 512 lantut.
219 475 342 510 Utrum
360 483 440 506 vero
457 473 540 519 ignis
550 471 652 505 atomi
670 470 815 504 rotundae
834 468 894 505 sint
918 499 928 513 ‚
945 482 981 505 ut
994 471 1122 506 videtur
1132 470 1312 516 Epicureis,
1324 473 1411 518 quod
1431 470 1491 507 fint

90 526 233 560 maxime
245 519 385 557 mobiles
401 538 410 564 3
428 532 471 554 an
488 522 595 568 potius
612 516 671 552 fi-nt
685 517 934 565 velutquaedarn
955 518 1133 555 tenuissima
1146 517 1311 554 filamenta
1326 548 1333 557 .
1349 532 1490 567 quorum

89 572 235 621 implexu
246 581 361 605 caerera
372 569 535 603 elementa
552 567 779 603 devinciuntur
792 594 802 609 ‚
819 579 854 602 ut
871 567 1030 603 existimat
1043 569 1080 603 P.
1095 568 1284 602 Honoratus
1296 567 1410 612 Fabri,
1424 570 1493 605 fru-

90 623 151 658 stra
161 622 326 669 quietim,
341 629 413 652 cum
425 615 517 652 nullo
532 615 604 650 satis
618 616 740 652 idoneo
749 629 943 664 argumento
956 646 967 661 ,
984 616 1080 653 nullis
1097 617 1326 664 experimentis
1343 646 1353 660 ‚
1370 616 1424 653 sed
1444 618 1492 653 le-

90 668 223 708 viffimis
241 678 366 703 tantum
374 667 766 714 cmje&urisam1nmum
781 666 895 714 figuras
907 665 1028 715 affequi
1043 666 1151 702 liceat.
1170 666 1234 700 His
1246 667 1355 713 itaque
1373 667 1492 703 omiffis

92 731 163 767 quae
175 716 354 753 admodum
374 713 446 752 sunt
468 713 603 750 obscura
617 743 628 759 ,
649 726 688 749 ea
702 714 804 751 solum
822 728 893 763 quae
913 716 954 750 ad
980 718 1156 753 veritatem
1173 714 1378 764 propensiora
1395 716 1493 752 nobis

90 766 298 806 videbuntur
309 794 319 809 ,
339 763 583 814 prosequemur.
597 794 600 797 ,

131 818 183 853 Ac
199 817 344 866 primum
357 813 391 848 id
402 813 505 862 liquet
515 816 618 863 ignita
636 812 842 862 corpuscula,
855 825 1069 862 quaecumque
1093 812 1152 849 fint
1171 812 1225 849 illa
1242 844 1251 859 ,
1275 813 1396 851 summa
1411 815 1495 851 cele-

92 868 190 902 ritate
203 864 294 901 volvi
308 892 320 909 ,
339 876 440 912 atque
452 865 485 900 in
494 875 610 899 omnes
619 874 703 912 pene
720 874 830 912 partes
842 864 963 898 vibrari
975 892 985 907 ‚
996 864 1064 899 fere
1075 875 1110 899 ut
1130 864 1243 912 aquae
1267 864 1340 900 vase
1358 864 1494 914 globoso

93 914 216 950 crebris
237 912 454 950 foraminibus
477 911 607 962 pertuso
627 910 892 960 quoquoverfiim
906 918 939 950 &
950 913 1099 949 radiatim
1112 912 1269 963 spargitur
1283 942 1294 957 ,
1310 915 1388 950 dum
1402 927 1494 963 aquae

94 962 283 1013 corpuscula
301 965 467 998 turmatim
494 961 634 998 exiliunt
648 990 658 1006 ‚
678 967 711 999 δε
736 964 843 1010 priora
863 961 906 997 ab
928 961 1170 1010 insequentibus
1191 975 1386 1011 premuntur.
1408 965 1494 1000 Cum

93 1015 195 1048 etiarn
206 1015 310 1062 ignita
325 1011 379 1046 illa
393 1009 563 1060 copuscula
579 1024 647 1047 non
665 1009 775 1046 senfim
786 1039 796 1054 ,
808 1009 940 1059 &quafi
960 1024 1016 1060 per
1030 1012 1144 1061 gradus
1173 1011 1382 1048 velocitatem
1409 1011 1495 1048 suam

93 1064 265 1110 acquirant
277 1091 286 1106 ‚
298 1073 334 1096 ut
351 1064 463 1110 gravia
477 1072 612 1108 quaeque
637 1071 772 1109 corpora
787 1077 796 1104 3
811 1059 862 1095 sed
892 1072 996 1096 totam
1014 1060 1106 1096 simul
1118 1090 1127 1105 ,
1145 1066 1178 1098 &
1196 1074 1353 1109 quantam
1374 1062 1495 1097 habere

93 1109 223 1160 poss‘unt
239 1112 416 1146 maximam
430 1108 636 1144 celeritatem
658 1111 692 1144 in
706 1107 749 1144 sui
763 1121 870 1145 motus
889 1112 1050 1158 principio
1067 1112 1164 1146 nasta
1180 1109 1240 1146 sint
1254 1139 1264 1154 ,
1280 1125 1348 1147 non
1378 1114 1495 1146 mirum

95 1161 139 1196 est
159 1158 179 1194 fi
199 1157 386 1195 incredibili
403 1157 580 1195 velocitate
593 1159 767 1207 agitentur.
787 1159 835 1192 Ac
847 1157 902 1193 nisi
913 1161 995 1206 ignis
1006 1161 1140 1194 terrenis
1152 1159 1341 1207 corporibus
1353 1159 1429 1195 effe:
1449 1161 1496 1194 al-

95 1208 212 1257 ligatus
222 1237 232 1252 ,
249 1210 285 1243 in
295 1209 420 1256 puncto
432 1207 502 1242 fere
517 1219 585 1242 tem
596 1209 674 1241 ioris
684 1219 881 1242 moveretur.
907 1209 999 1245 Hinc
1010 1207 1064 1242 lux
1080 1217 1153 1255 quae
1168 1207 1256 1243 forte
1275 1209 1319 1243 est
1339 1211 1420 1258 ignis
1438 1223 1495 1258 pu-

102 1269 173 1301 rus,
187 1260 223 1293 in
236 1269 408 1292 momento
425 1268 510 1304 pene
531 1256 562 1289 di
593 1256 746 1292 unditur..

154 1306 305 1342 Secundo
319 1334 328 1349 ‚
344 1305 423 1340 illud
437 1307 536 1340 etiam
554 1305 681 1340 constat
695 1307 805 1354 ignem
817 1316 872 1340 aut
884 1303 968 1340 nihil
989 1304 1050 1340 effe
1063 1317 1178 1354 praerer
1192 1304 1233 1341 su!
1262 1304 1360 1340 hurea
1377 1335 1387 1349 ‚
1398 1318 1434 1341 ut
1446 1308 1496 1342 lo-

96 1367 241 1403 quuntur
253 1356 406 1403 Chymici
418 1384 428 1398 ,
439 1353 490 1389 seu
499 1352 608 1389 oleosa
619 1353 806 1403 corpuscula
816 1382 825 1397 ‚
835 1366 890 1388 aut
898 1366 970 1389 cum
988 1355 1026 1388 iis
1047 1357 1184 1390 omnino
1198 1358 1226 1390 el
1241 1367 1259 1389 e
1270 1357 1495 1402 conjuanum.

96 1407 188 1442 Nam
204 1417 272 1452 quae
282 1403 391 1439 oleosa
407 1403 478 1439 sunt
488 1415 545 1439 aut
555 1405 702 1451 pinguia,
713 1403 810 1439 facile
820 1403 1060 1439 inflammantur
1071 1419 1079 1440 :
1089 1402 1142 1438 sed
1155 1416 1229 1451 quae
1248 1415 1330 1438 terra
1343 1417 1397 1439 aut
1411 1417 1496 1453 aqua

97 1453 284 1497 abundant,
299 1456 356 1490 vix
366 1454 496 1489 incendi
511 1451 648 1501 poffunt.
669 1452 769 1490 Unde
784 1457 818 1490 ὅ(
835 1464 942 1501 partes
957 1452 1018 1487 illae
1036 1451 1215 1502 sulphureae
1227 1465 1301 1488 cum
1320 1456 1394 1502 igne
1405 1453 1497 1490 simul

97 1501 235 1538 avolant
247 1532 256 1545 ‚
272 1502 390 1550 quibus
405 1501 601 1550 consumptis
616 1502 738 1538 restant
752 1503 876 1537 cineres
887 1530 896 1544 ‚
915 1504 971 1549 qui
991 1514 1027 1537 ur
1043 1502 1120 1538 oleo
1143 1503 1354 1538 destituuntur
1367 1532 1378 1546 ,
1394 1502 1434 1538 fic
1445 1507 1498 1539 in„

48 1594 51 1597 ,
97 1551 258 1587 flammari
288 1552 426 1600 amplius
449 1564 518 1586 non
561 1550 700 1598 possunt.
742 1551 947 1586 Crediderim
986 1562 1095 1587 tamen
1122 1554 1232 1600 ignem
1260 1564 1334 1587 cnm
1364 1565 1405 1586 eo
1438 1552 1498 1588 sul-

100 1600 203 1648 phure
226 1612 280 1635 aut
313 1601 388 1635 oleo
406 1600 563 1634 confundi
581 1612 648 1634 non
665 1612 686 1633 o
712 1609 831 1633 ortere.
867 1600 970 1635 Unde
987 1602 1074 1634 enim
1093 1612 1182 1635 tanta
1202 1603 1250 1633 vis
1270 1601 1415 1647 partibus
1436 1602 1498 1636 illis

102 1647 216 1684 oleofis'
228 1676 237 1691 ‚
253 1661 323 1695 quae
334 1648 451 1683 molles
464 1646 534 1682 sunt
559 1653 592 1685 δι
611 1612 772 1683 flexiliiles
783 1676 793 1691 ‚
808 1660 943 1695 quaeque
959 1659 995 1683 ut
1011 1650 1078 1696 igni
1095 1647 1153 1684 sint
1167 1647 1288 1697 pabulo
1302 1677 1312 1691 ,
1325 1648 1367 1683 ab
1387 1662 1427 1684 co
1448 1662 1498 1685 ta-

104 1709 181 1734 men
203 1699 344 1734 omnino
361 1696 616 1744 distinguuntur?

151 1748 287 1790 Tertio,
299 1759 340 1781 ne
357 1746 436 1781 illud
446 1745 581 1792 quidem
594 1745 700 1781 adhuc
719 1745 923 1793 exploratum
953 1745 997 1780 est
1018 1774 1027 1789 ,
1054 1758 1095 1782 an
1115 1757 1220 1782 motus
1241 1744 1297 1779 ille
1316 1747 1444 1794 rapidus
1462 1747 1498 1783 sit

103 1797 113 1829 i
139 1797 185 1830 nis
195 1797 314 1830 atomis
329 1796 519 1844 congenitus
533 1806 586 1838 ‚ut
603 1795 730 1830 videtur
746 1797 911 1843 Epicureis
927 1810 936 1830 ς
951 1806 991 1830 an
1010 1797 1114 1843 potius
1133 1795 1152 1832 ὲ
1177 1793 1286 1829 subtili
1306 1800 1337 1831 ὃ(
1360 1796 1499 1831 :etherea

101 1809 281 1880 lgbstantia
299 1845 445 1880 dimanet
459 1872 469 1886 ‚
493 1855 530 1878 ut
547 1844 652 1892 placet
673 1843 829 1881 Cartesio.
858 1845 908 1878 Ac
933 1843 1040 1879 nescio
1058 1857 1100 1880 an
1114 1844 1272 1880 validiore
1293 1843 1356 1878 alia
1373 1847 1499 1880 ratione

103 1892 236 1942 probari
252 1893 347 1941 poffit
359 1893 486 1929 subtilis
500 1891 555 1927 illa
571 1892 743 1928 substantia
757 1922 766 1936 ,
795 1893 896 1941 quam
909 1905 945 1927 ea
957 1906 1028 1940 quae
1048 1906 1088 1929 ex
1103 1906 1216 1930 natura
1237 1898 1269 1930 δι
1286 1897 1499 1942 generatione

106 1944 191 1991 ignis
209 1943 392 1978 desumitur.
414 1945 502 1979 Nam
518 1940 587 1977 fieri
603 1956 670 1979 non
683 1943 794 1991 potest
807 1954 842 1978 ut
862 1955 910 1977 res
922 1955 1035 1990 parum
1053 1945 1174 1993 agitata
1198 1954 1351 1991 magnum
1371 1956 1498 1979 motum

112 2003 262 2039 procreet
274 1995 424 2028 :tantum
439 1993 564 2039 quippe
585 1991 679 2027 alteri
711 2004 818 2027 motus
837 1992 914 2026 dare
940 1992 1048 2038 potest
1062 2021 1072 2037 ,
1097 2003 1256 2040 quantum
1273 1990 1328 2040 ipfi
1347 1996 1497 2042 contigit.

108 2039 172 2075 Sed
182 2041 216 2076 in
227 2052 320 2076 motu
341 2047 374 2078 &
388 2042 602 2090 generatione
615 2043 694 2088 ignis
707 2053 757 2076 res
768 2053 879 2078 contra
896 2040 925 2076 se
944 2040 1054 2077 habet.
1083 2044 1172 2079 Nam
1194 2054 1349 2089 magnum
1361 2041 1501 2089 plerum-

109 2100 176 2136 que
193 2089 378 2124 incendium
398 2103 442 2125 ex
461 2089 714 2128 scintillaoritur.
728 2091 829 2127 Unde
853 2103 935 2139 ergo
954 2102 1060 2126 tantus
1078 2091 1134 2127 ille
1151 2102 1258 2126 motus
1271 2119 1281 2134 ‚
1298 2089 1355 2126 m'fi
1375 2089 1498 2125 subtilis

109 2138 256 2185 quaedam
273 2141 409 2173 materia
432 2151 502 2185 quae
518 2140 551 2174 in
565 2152 723 2188 perpetuo
743 2153 834 2176 motu
852 2139 1014 2185 versatur,
1031 2143 1113 2190 ignis
1132 2152 1267 2189 quoque
1285 2141 1500 2188 agitationem

108 2199 301 2234 Psol'noveflt
311 2198 321 2223 Ξ

109 2270 119 2277 ,
145 2236 245 2282 Qod
258 2238 371 2280 urique
390 2249 427 2270 ex
442 2250 476 2270 en
489 2249 557 2283 quae
567 2237 779 2274 in'tormentis
796 2239 917 2275 bellicis
932 2245 966 2277 &
981 2239 1134 2276 cuniculis
1146 2254 1174 2275 v.
1190 2240 1233 2273 les
1247 2237 1396 2280 mines,fit
1407 2251 1499 2274 com-

112 2287 261 2320 morione
274 2314 283 2328 ‚
295 2285 492 2329 potiffimum
510 2284 731 2324 confirmatur.
748 2291 832 2336 Qae
847 2292 934 2324 enim
947 2290 1094 2324 videntur
1119 2288 1321 2333 circumjecta
1340 2299 1474 2336 corpora
1488 2318 1497 2333 ‚

112 2347 178 2370 non
195 2333 265 2368 satis
277 2336 382 2370 valide
397 2338 556 2383 aoitantur
595 2347 630 2370 ut
654 2347 778 2371 tantum
796 2340 955 2386 impeturn
968 2349 1147 2386 procreent.
1166 2340 1248 2385 Ergo
1268 2335 1390 2371 necesse
1403 2338 1451 2372 est
1465 2351 1500 2373 ut

113 2381 307 2427 invifibilem
325 2386 459 2433 quidem
473 2414 483 2429 ,
498 2384 551 2424 sed
565 2385 783 2421 vehementer
800 2399 927 2423 motam
946 2393 980 2424 ὃ(
994 2386 1145 2423 subtilem
1163 2385 1337 2422 admodum
1363 2384 1501 2422 substan-

1260 2436 1294 2468 H
1319 2435 1338 2478 ij
