1878 2724
156 188 270 224 meum
283 183 339 220 vix
350 180 468 232 capillo
479 177 639 231 majorem
658 181 773 230 sponte
782 210 794 226 ,
808 193 845 217 ut
858 180 939 216 alibi
950 182 1103 226 diximus,
1112 179 1273 226 ascendit,
1292 193 1361 219 tum
1376 184 1497 221 vitrum
1507 151 1571 221 mi?

160 232 317 282 croscopii
333 244 410 282 apte
428 232 503 268 huic
514 230 628 267 tubulo
641 231 781 280 applicat
795 261 805 276 ‚
816 242 915 279 atque
928 233 961 266 in
973 243 1066 279 aquae
1076 230 1211 279 guttula,
1232 243 1354 280 qmnta
1366 233 1436 269 fere
1447 247 1486 270 ex
1501 239 1567 270 aci-

161 282 241 318 tulae
250 285 342 332 apice
359 280 572 331 suspenditur,
583 295 620 327 30
629 279 740 316 saltem
750 280 1110 329 ejusmodianimalcula
1126 282 1302 317 admodum
1320 295 1438 332 vegeta
1456 285 1567 320 distin-

163 334 218 368 ste
229 331 393 381 conspicit.
411 334 461 368 An
475 331 560 369 forte
577 331 611 368 hi
627 331 798 368 vermiculi
820 342 860 366 ex
879 330 948 366 aliis
959 330 1136 380 prodiere?
1156 343 1198 367 an
1207 333 1317 381 potius
1341 344 1381 368 ex
1393 335 1565 382 putredine

160 380 230 431 ipsa
243 384 312 417 nati
331 382 482 417 videntur
496 392 507 419 Ξ
804 383 810 390 ”

198 431 238 468 R.
248 431 470 479 Qantumvis
483 430 552 466 haec
569 429 761 466 animalcula
771 431 897 465 minuta
907 428 968 467 fint
978 441 1050 464 cum
1064 427 1202 465 senfibus
1217 431 1327 467 nostris
1338 432 1456 468 collata
1468 463 1478 477 ,
1494 447 1569 469 ma-

160 492 228 530 gna
242 492 352 517 tamen
366 486 399 519 &
412 493 515 530 prope
531 479 660 516 infinita
673 491 865 530 organorum
888 482 1048 515 varietate
1069 478 1133 515 effe
1156 480 1307 517 instructa
1328 483 1440 519 :adeo
1464 495 1499 519 ut
1523 495 1562 519 ex

161 530 234 565 aliis
246 529 306 566 fint
314 541 471 580 prognata
481 544 489 567 ε
499 542 536 565 ac
549 529 636 568 forte
647 542 762 566 eorum
776 542 840 564 ova
859 530 893 565 in
911 533 1024 579 pipere
1036 529 1234 565 delituerunt
1248 547 1256 575 ς
1273 543 1327 567 aut
1339 544 1426 568 certe
1447 533 1563 568 eadem

163 580 208 614 est
217 579 404 615 adhibenda
415 578 577 629 responsio
592 593 710 628 ,quarn
724 579 808 615 infra
818 578 1038 629 subjiciemuS,
1057 591 1130 619 cum
1146 580 1187 614 de
1208 582 1247 615 iis
1268 581 1452 618 vermiculis
1465 585 1519 631 qui
1532 585 1566 619 in

161 628 254 677 gallis
266 632 469 678 reperiuntur
477 659 487 674 ,
496 628 598 665 verba
616 629 788 666 faciemus.

182 677 326 723 Instant.
339 682 478 714 Vermes
486 678 532 714 illi
545 681 601 727 qui
611 681 644 715 in
656 678 852 715 animalibus
864 690 929 714 tam
943 677 1133 726 frequenter
1144 681 1446 728 reperiuntur,unde
1459 694 1568 718 emer·

161 738 245 777 gunt
261 737 272 764 ἰ
291 730 325 764 in
338 727 416 764 valis
432 729 586 778 hepaticis
600 728 791 778 plerumque
805 726 1058 764 innumerabiles
1071 728 1220 763 videntur
1234 758 1244 773 ,
1266 730 1441 779 praesertim
1459 734 1491 767 in
1505 745 1569 780 po-

162 779 191 812 ri
205 775 324 812 biliarii
335 778 477 815 ramulis.
492 771 671 815 In'arteriis
689 778 761 815 solis
781 791 846 813 non
860 779 1072 826 reperiunturt
1087 779 1139 813 Sic
1153 780 1186 814 in
1203 783 1311 828 capite
1329 782 1419 815 cervi
1436 780 1491 817 sub
1507 782 1569 817 lin-

161 838 226 875 gua
241 832 274 865 &
289 829 323 862 in
334 840 371 862 ea
386 826 537 864 vertebra
555 840 619 876 qua
638 839 737 878 caput
750 830 868 862 cervici
882 827 1042 868 neCkitur3
1060 829 1091 862 in
1109 831 1253 863 vervecis
1267 830 1383 864 itidem
1393 835 1499 879 capite
1511 861 1520 875 ‚
1534 837 1571 869 &

164 887 204 910 ea
217 875 415 924 potiffimum
426 889 517 926 parte
526 878 611 913 unde
623 888 796 925 erumpunt
809 889 942 920 cornua,
956 875 1121 924 saepiffime
1131 889 1257 912 vermes
1272 879 1355 914 nasci
1368 880 1503 915 testatur
1512 884 1572 915 Vir

163 923 290 961 Clariis.
307 928 351 962 D.
363 927 461 970 Redi,
481 929 538 973 qui
555 931 590 962 &
603 925 705 960 multa
717 925 779 959 alia
799 925 925 973 profert
940 924 1090 973 exempla
1104 953 1114 968 ‚
1141 937 1179 959 ex
1205 926 1326 973 quibus
1342 928 1460 963 confici
1478 930 1574 964 vide-

165 983 215 1008 tur
225 1002 234 1017 ,
249 986 375 1009 vermes
386 974 578 1024 plerumque
590 988 608 1018 ‚s
619 979 653 1012 ὅ(
672 973 789 1010 inseEka
800 973 863 1009 line
875 972 1060 1021 parentibus
1072 1002 1082 1017 ,
1099 986 1153 1008 aut
1171 974 1239 1009 ullo
1249 988 1340 1011 certo
1359 977 1481 1013 semine
1504 978 1574 1014 for-

164 1025 257 1060 mari.
277 1026 352 1060 Nec
370 1024 533 1066 formicae,
553 1035 609 1058 aut
624 1025 755 1058 minutae
771 1026 952 1058 animantes
975 1022 1082 1057 liberae
1100 1021 1170 1057 sunt
1195 1024 1214 1058 a
1233 1025 1411 1073 pediculis,
1437 1039 1494 1062 aut
1516 1041 1572 1076 pu-

164 1070 282 1107 licibus
298 1087 305 1109 :
321 1074 439 1108 mirum
457 1074 567 1119 iraque
584 1070 605 1107 si
627 1072 749 1121 pulices
764 1067 880 1107 omnes
890 1074 945 1119 qui
958 1074 991 1107 in
1004 1083 1198 1119 unaquaque
1222 1086 1440 1122 pennatorum
1466 1075 1572 1124 specie

151 1119 208 1168 ‚sui
222 1124 347 1170 quique
358 1124 487 1171 generis
501 1123 701 1164 videntur,ex
716 1121 784 1156 aliis
801 1122 993 1170 prodierint,
1004 1134 1070 1156 non
1084 1120 1197 1170 sponte
1209 1124 1350 1170 quadam
1372 1125 1568 1162 emerserint.

202 1171 297 1220 Resp.
318 1171 412 1208 Nihil
430 1169 557 1206 absurdi
574 1167 634 1206 ess‘e
652 1170 674 1205 fi
695 1173 902 1218 quantumvis
915 1173 1037 1206 minuta
1050 1170 1244 1206 animalcula
1255 1185 1295 1207 ex
1311 1173 1381 1209 aliis
1396 1187 1572 1223 procreen-

167 1229 218 1254 tur
233 1234 241 1256 :
254 1233 329 1256 cum
342 1222 374 1255 id
385 1220 509 1257 facilius
528 1219 564 1255 sit
578 1220 749 1256 intelledku
761 1249 771 1263 ‚
794 1220 894 1268 quam
913 1232 981 1256 tam
993 1231 1103 1269 aptam
1117 1232 1312 1269 organorum
1327 1223 1518 1261 structuram
1537 1227 1572 1262 in

166 1268 238 1318 ipfis
260 1270 432 1305 elementis
445 1298 454 1313 ,
466 1282 521 1304 aut
535 1282 656 1305 natura:
671 1267 792 1319 abyffis
807 1271 952 1319 repetiti.

201 1321 242 1356 Et
250 1322 385 1367 quidem
404 1322 438 1355 in
455 1319 609 1368 pediculo
624 1319 761 1355 foemina
776 1322 922 1356 ovarium
940 1318 1151 1368 microscopio
1173 1321 1371 1371 conspicitur
1384 1353 1393 1366 ‚
1422 1327 1510 1375 quod
1526 1330 1573 1362 vir

165 1371 324 1404 acerrimo
335 1399 344 1413 ‚
358 1382 432 1405 cum
443 1371 570 1403 viveret
582 1371 736 1417 ingenio,
756 1373 797 1406 D.
814 1369 1055 1404 vaamerdam
1074 1397 1082 1408 ‚
1103 1382 1139 1404 ut
1151 1370 1213 1405 alia
1231 1385 1314 1420 pene
1329 1375 1498 1411 innumera
1512 1378 1575 1411 cir-

168 1429 206 1452 ca
222 1417 341 1454 insecta
358 1419 490 1467 pulchre
518 1417 707 1454 delineavit.
735 1420 841 1464 Hujus
863 1430 977 1468 typum
996 1422 1056 1453 Vir
1072 1418 1199 1456 Clariis.
1219 1427 1252 1458 &
1267 1422 1308 1456 de
1331 1421 1430 1458 literis
1448 1427 1575 1470 optime

170 1469 303 1504 meritus
315 1472 361 1505 D.
372 1470 515 1504 chcnot
526 1465 696 1504 nobiscum
706 1470 970 1507 communicavit.
983 1469 1068 1505 Vide
1081 1467 1236 1507 tabellam
1248 1470 1305 1508 ult.
1315 1473 1343 1508 A
1353 1473 1400 1507 est
1413 1474 1573 1512 orificium

171 1519 268 1554 uteri.

208 1568 230 1601 F
243 1571 273 1604 D
285 1569 308 1602 E
321 1567 351 1602 C
365 1569 395 1602 G
413 1567 496 1604 tubae
509 1598 520 1613 ‚
535 1571 566 1605 in
583 1569 699 1618 quibus
718 1570 788 1606 sunt
798 1583 860 1606 ova
870 1600 879 1615 ‚
894 1568 958 1605 five
970 1569 1084 1609 lentes,

211 1619 247 1652 H
262 1629 361 1652 ovum
371 1617 440 1652 aliis
455 1624 556 1668 majus
570 1649 580 1664 ‚
599 1622 675 1669 quia
692 1619 819 1656 orificio
833 1622 963 1670 propius
981 1634 989 1656 :
1003 1622 1027 1655 13
1045 1620 1171 1671 capsula
1188 1621 1283 1669 plena
1293 1622 1420 1671 glutine
1436 1626 1506 1661 ovis
1518 1636 1576 1676 ag·

169 1666 384 1718 glutinandis,

212 1717 296 1764 Opp.
307 1724 344 1750 2⁰
363 1720 501 1752 Vermes
514 1721 567 1766 qui
581 1722 612 1755 in
627 1719 733 1769 gallis,
748 1725 782 1757 &
793 1718 923 1755 stellatis
939 1719 1044 1768 pilulis
1061 1732 1308 1768 quercuum,aut
1323 1725 1355 1757 in
1370 1722 1441 1759 aliis
1456 1722 1574 1758 frueti-

172 1763 232 1800 bus
247 1771 279 1802 &
290 1764 468 1801 tuberculis
479 1772 681 1816 reperiuntur
695 1800 704 1814 ,
715 1783 757 1805 ex
773 1768 863 1805 nullo
880 1770 1010 1804 animali
1021 1772 1095 1805 oriri
1107 1770 1203 1818 poll'e-
1222 1773 1310 1808 Nam
1330 1774 1363 1807 in
1381 1784 1495 1807 centro
1507 1772 1579 1822 gal-

172 1814 211 1850 lae
224 1844 231 1858 ,
247 1826 302 1848 aut
320 1815 428 1862 pilula:
442 1815 571 1853 stellata:
583 1833 682 1854 ovum
693 1818 848 1862 nascitur,
868 1819 955 1866 quod
967 1818 1030 1854 una
1041 1832 1112 1854 cum
1122 1819 1207 1868 galla
1221 1821 1261 1854 ad
1274 1824 1493 1856 maturitatem
1503 1834 1579 1870 per-

171 1864 298 1899 ducitur
318 1877 326 1899 :
342 1866 425 1899 adeo
444 1878 479 1900 ut
494 1870 611 1904 vermis
631 1871 773 1918 primum
789 1881 828 1904 ex
838 1881 926 1913 ovo,
947 1875 1015 1905 turn
1035 1868 1140 1905 musca
1157 1881 1315 1919 exurgat,
1334 1883 1438 1919 eaque
1457 1872 1579 1908 roden-

170 1913 214 1948 do
233 1912 290 1948 fibi
310 1915 432 1950 exitum
446 1927 548 1963 parat.
746 1935 748 1937 ·
1077 1922 1082 1926 '

211 1965 286 1998 Nec
299 1962 469 1998 verisimile
486 1965 529 1999 est
539 1965 677 2014 gallam,
692 1965 744 2003 seu
760 1979 923 2003 tumorem
933 1966 1008 2003 hinc
1027 1967 1089 2004 effe
1108 1981 1214 2004 ortum
1231 1998 1240 2013 ‚
1260 1969 1349 2017 quod
1370 1969 1474 2005 musca
1490 1982 1580 2007 tene-

172 2012 292 2046 riorem
309 2011 467 2046 ramulum
489 2017 765 2063 pupugeritmam
781 2030 882 2050 ovum
900 2016 978 2050 illud
989 2018 1075 2064 galla
1087 2018 1271 2053 conclusum
1284 2017 1381 2053 fibras
1398 2031 1512 2054 omnes
1523 2049 1531 2064 ,
1548 2026 1583 2058 δε

172 2058 257 2108 quasi
272 2059 403 2094 venulas
415 2060 436 2094 ὲ.
445 2061 530 2109 galla
541 2074 706 2097 mutuatur
716 2093 725 2107 ‚
741 2077 812 2111 quae
823 2078 923 2099 ovum
935 2070 967 2100 &
982 2067 1194 2101 vermiculum
1211 2067 1406 2109 formam&
1420 2070 1580 2105 nutriunt.

171 2112 262 2157 Saepe
273 2111 370 2144 etiarn
382 2111 415 2144 in
426 2109 519 2159 gallis
537 2111 644 2159 plures
657 2112 826 2148 vermiculi
840 2125 1028 2158 cernuntur,
1058 2114 1117 2150 suis
1137 2120 1261 2164 quique
1287 2115 1413 2151 cellulis
1434 2117 1582 2154 distincti.

174 2160 278 2207 Qod
291 2157 311 2192 fi
323 2158 442 2208 gallam
460 2159 636 2196 detraxeris
650 2190 660 2204 ‚
674 2162 752 2197 dum
766 2176 867 2197 ovum
888 2164 998 2199 recens
1013 2165 1056 2199 est
1076 2164 1254 2201 formatum
1269 2193 1277 2207 ‚
1304 2165 1336 2199 id
1355 2179 1521 2213 nunquam
1548 2169 1581 2202 in

172 2221 319 2243 vermem
335 2221 555 2257 promovetur.
576 2212 650 2247 Nec
664 2212 779 2247 eadem
789 2214 864 2247 anni
876 2214 1064 2261 tempestate
1084 2214 1151 2250 haec
1165 2214 1358 2251 animalcula
1373 2216 1390 2250 ὲ
1402 2214 1493 2264 gallis
1505 2228 1584 2264 pro,

171 2258 287 2293 deunr.
303 2261 375 2292 [mo
393 2259 545 2305 quaedam
564 2261 597 2295 in
615 2259 754 2296 alterum
772 2274 895 2297 annum
913 2264 1105 2311 expectant.

206 2308 307 2354 Qod
323 2308 364 2341 de
374 2307 465 2355 gallis
480 2313 515 2344 &
526 2312 631 2355 pomis
647 2339 656 2353 ‚
676 2323 713 2345 ur
727 2323 849 2346 vocant
862 2341 872 2355 ,
897 2324 1074 2358 quercuum
1093 2313 1232 2348 diximus
1246 2342 1256 2356 ,
1273 2312 1304 2347 id
1317 2315 1350 2347 in
1366 2312 1586 2361 plerisque'ar·

170 2356 304 2392 boribus
316 2353 474 2399 usuvenit,
485 2370 520 2392 ur
533 2371 644 2393 earum
658 2358 738 2394 folia
750 2358 901 2396 vesiculas
911 2361 1056 2398 habeant
1065 2375 1121 2397 aut
1132 2361 1272 2398 sacculos
1283 2364 1339 2409 qui
1352 2362 1517 2397 vermibus
1534 2375 1586 2399 re-

167 2405 308 2455 plentur.
325 2407 377 2455 Sic
387 2405 455 2456 fagi
472 2407 562 2446 velut
580 2420 726 2458 racemos
739 2408 855 2461 florum
866 2422 984 2462 gerunt
992 2441 1004 2459 ‚
1020 2412 1080 2461 ‘qui
1091 2411 1207 2460 baccas
1216 2410 1381 2449 subrubras
1393 2425 1448 2449 aut
1463 2426 1585 2462 purpu-
