1878 2724
270 122 324 154 So
658 110 938 150 PHYSICAE
977 113 1306 150 GENERALIS

280 165 355 202 tiles
373 194 382 209 ,
401 167 435 200 in
451 162 571 212 quibus
589 165 764 198 mixtorum
777 160 915 196 elsentiae
931 166 964 197 &
979 163 1061 199 vires
1075 163 1266 199 delitescunt
1285 177 1294 199 t
1314 173 1349 199 ut
1359 164 1418 199 vix
1431 163 1553 200 eodem
1566 176 1691 214 genere

286 227 403 251 omnes
424 214 658 262 comprehendi
673 211 812 260 poffint3
835 223 872 244 ac
892 209 1018 258 semper
1028 214 1259 258 inquirendum
1278 214 1375 249 restet
1388 226 1441 250 cur
1457 227 1495 249 ea
1506 227 1643 264 corpora
1661 218 1700 250 in.

286 277 372 313 aqua
384 262 584 298 resolvantur
598 291 608 305 ‚
637 275 703 296 non
727 264 809 295 item
827 271 922 296 terra.

286 322 290 326 ·
319 314 441 350 Eadem
459 312 503 346 est
515 323 599 345 rato
615 310 781 359 sulphuris.
798 312 849 344 Sic
869 312 955 345 enim
972 322 1093 346 vocant
1111 311 1145 345 id
1164 324 1265 347 omne
1278 313 1367 359 quod
1387 312 1430 349 est
1444 313 1694 351 inflammabile:

288 363 342 400 sed
366 376 407 396 eo
432 360 557 409 semper
583 360 669 394 redit
695 360 853 408 quaestio,
873 359 960 394 unde
975 361 1007 394 id
1027 359 1129 395 habet
1152 362 1241 409 quod
1259 361 1426 398 flammam
1439 368 1612 413 concipiat.
1640 368 1694 400 De

290 413 452 448 mercurio
471 421 580 444 autem
599 422 689 444 tanta
704 409 751 444 est
775 421 859 445 inter
873 421 929 444 eos
944 410 1184 454 controversia,
1197 422 1233 446 ut
1251 409 1359 447 sedari.
1375 424 1446 447 non
1458 413 1563 461 poffit.
1602 413 1701 461 Qid'

291 463 380 496 enim
392 472 568 496 commune
581 459 627 494 est
643 459 933 494 intermercurium
944 487 955 502 ‚
972 458 1024 494 seu
1033 472 1206 509 argentum
1224 462 1338 496 vivum
1350 487 1360 503 ,
1381 465 1414 497 &
1431 460 1554 509 spiritus
1567 475 1698 507 tenues,

291 521 346 546 aut
367 520 578 558 penetrantes
596 527 606 553 ·‚
626 508 689 544 five
713 508 773 544 sint
794 509 898 552 acidi,
911 506 976 543 five
995 520 1085 545 acres
1108 529 1116 555 3
1133 509 1196 545 five
1215 511 1336 553 macri,
1350 511 1508 555 utaiunt,
1521 517 1557 548 δι’,
1570 513 1699 548 fameli-

292 561 324 594 ci
337 588 347 603 ,
374 558 487 606 quales
502 557 573 593 sunt
583 561 618 594 in
633 558 729 594 succis
743 558 874 592 acidulis
890 573 898 593 ;
930 557 994 594 si-ve
1009 560 1147 610 pingues
1165 565 1199 597 δε
1216 558 1335 596 oleofi:
1349 559 1435 595 adeo
1450 572 1485 596 ut
1499 563 1554 596 vix
1565 563 1649 596 inter
1668 561 1700 598 se

295 610 474 657 quicquam
492 606 638 643 habeant
661 620 846 643 commune.

329 656 481 703 Confirm.
493 670 516 694 1.
528 657 615 692 Cum
630 669 758 694 acetum
776 656 967 692 distillatum
978 655 1101 693 calcem
1116 657 1244 707 plumbi
1256 657 1387 695 rubram
1397 687 1408 703 ‚
1425 658 1478 694 seu
1494 660 1630 695 minium
1642 658 1703 695 dis-

295 706 394 743 solvit
405 735 415 750 ‚
440 707 578 743 humore
598 706 722 743 filtrato
733 737 742 752 ‚
765 705 819 742 seu
833 719 891 756 per
904 708 1005 754 panni
1020 706 1153 742 lacinias
1168 708 1337 757 percolato
1350 714 1383 745 δ(
1396 708 1549 745 exhalato
1563 737 1574 753 ,
1595 708 1704 758 plum..

297 756 379 793 bum
393 769 541 792 remanet
553 757 728 792 candidum
742 786 752 800 ‚
763 762 796 794 &
813 756 926 793 dulce:
940 756 1030 803 quod
1043 756 1163 792 idcirco
1179 760 1307 794 Saturni
1322 756 1506 793 saccharum
1522 758 1711 807 appellant:

298 817 433 854 tumque
446 818 574 841 acetum
586 819 700 841 omues
714 805 782 842 suos
796 807 887 840 exuit
900 805 1104 849 actile05,nec
1117 806 1204 843 aliud
1221 807 1439 855 tamenquam
1450 810 1588 857 partium
1602 806 1709 856 figura

296 857 334 893 in
343 868 384 890 eo
400 855 462 891 fuit
478 859 703 893 immutatum:
725 856 815 904 quod
832 858 947 903 urique
962 855 1073 892 multis
1088 856 1221 906 probari
1240 855 1342 906 poffet
1359 859 1717 906 experimentisfirgo·

298 908 438 955 partium
451 918 512 941 con
519 904 669 954 figuratio
681 934 690 948 ‚
715 917 771 940 aut
785 916 910 943 textura
923 934 933 948 ‚
959 917 1016 944 aut
1025 919 1133 942 motus
1146 919 1284 943 ornnem
1294 905 1515 942 differentiam
1529 919 1602 942 tum
1613 908 1647 943 in
1666 909 1715 941 iis-

299 957 464 1004 principiis
478 984 487 998 ,
506 966 575 990 turn
600 957 632 991 in
651 953 866 1003 qualitatibus
882 967 954 1002 quae
968 967 1006 990 ex
1018 957 1056 993 iis
1071 958 1217 992 oriuntur
1229 985 1239 1001 ‚
1256 958 1394 991 omnino
1412 955 1576 1000 efficiunt,
1594 958 1642 991 uti
1657 956 1708 991 fu-

301 1003 361 1040 fius
383 1005 587 1040 ostendemus
602 1017 676 1040 curn
700 1006 740 1040 de
760 1003 994 1052 qualitatibus,
1021 1003 1073 1040 seu
1096 1007 1136 1041 de
1161 1004 1391 1042 affectionibus
1409 1018 1583 1054 corporum
1602 1004 1716 1040 verbm

301 1054 474 1090 faciemus.
500 1056 587 1090 Tum
607 1056 694 1089 enim
709 1054 919 1090 manifestum
929 1053 987 1090 fiet
999 1053 1241 1103 Chymicorum
1253 1056 1411 1104 principia
1421 1057 1459 1088 iis
1473 1053 1708 1090 affectionibus

303 1102 503 1151 explicandis
519 1117 585 1139 non
599 1106 702 1152 magis
720 1102 863 1139 sufficere
878 1133 889 1148 ‚
905 1103 1008 1151 quarn
1022 1104 1154 1152 vulgata
1166 1105 1343 1140 elementa.
1370 1105 1454 1139 Sunt
1466 1106 1554 1139 enim
1568 1116 1606 1138 ea
1618 1106 1716 1152 prin-

304 1154 389 1201 cipia
403 1152 494 1189 velut
507 1152 638 1201 syllabae
652 1164 705 1187 aut
720 1165 819 1188 voces
839 1165 911 1200 quae
926 1165 965 1187 ex
978 1155 1143 1203 principiis
1157 1154 1357 1190 mechanicis
1378 1164 1534 1201 tanquam
1552 1166 1592 1187 ex
1610 1152 1719 1188 literisv

305 1200 499 1241 coalescunt·
524 1204 632 1250 Atque
649 1213 686 1237 ut
701 1215 740 1237 ex
758 1205 867 1250 paucis
892 1201 992 1239 literis
1011 1202 1137 1239 infinita
1155 1202 1318 1238 vocabula
1334 1204 1481 1237 oriuntur
1499 1232 1508 1245 ,
1525 1201 1565 1236 fic
1579 1214 1618 1236 ex
1630 1214 1719 1251 pau-—

305 1253 350 1285 cis
362 1253 528 1299 principiis
539 1264 610 1295 quae
624 1251 813 1287 mechanica
826 1253 1032 1287 nominamus
1047 1281 1057 1295 ,
1077 1252 1204 1287 infinita
1240 1263 1319 1299 rope
1332 1279 1340 1293 ,
1357 1263 1427 1285 tum
1445 1249 1625 1294 miscibilia‚
1639 1262 1718 1286 tumr:

306 1302 412 1334 mixta
421 1298 641 1335 concrescunt.
668 1303 779 1348 Atque
795 1298 951 1348 ejusmodi
965 1304 1188 1337 concretiones
1211 1265 1404 1335 {cundatiae
1421 1312 1488 1335 tam
1505 1300 1615 1336 rnultae
1627 1299 1719 1345 sunt„

306 1359 343 1384 ut
356 1351 409 1383 vix
433 1360 523 1384 certo
535 1361 672 1385 nurnero
691 1349 928 1397 comprehendi
946 1362 1080 1399 queant.

346 1397 496 1443 Confirm.
507 1402 630 1433 iterum.
644 1400 808 1447 Principia
818 1398 968 1446 chymica
981 1400 1021 1434 ad
1035 1412 1159 1435 certum
1170 1413 1342 1435 numerum
1361 1405 1395 1437 &
1409 1400 1532 1436 summa
1545 1399 1639 1435 velut
1652 1411 1718 1447 ge-

309 1458 387 1482 nera
400 1447 527 1483 facilius
539 1448 648 1486 reduci
665 1446 791 1497 poffunt
805 1478 815 1491 ‚
829 1447 849 1483 si
864 1450 897 1483 in
921 1451 958 1484 iis
973 1461 1162 1485 communes
1178 1461 1325 1493 tantum,
1352 1455 1385 1487 &
1412 1449 1611 1485 mechanicae
1634 1448 1714 1484 affe-

310 1497 436 1532 &iones
459 1496 663 1546 speetenttir,
687 1498 787 1546 quam
812 1496 833 1532 fi
860 1497 1024 1533 elementa
1042 1499 1190 1547 quaeidam
1207 1499 1337 1535 aetuofin
1351 1528 1361 1543 ,
1392 1511 1448 1534 aut
1472 1500 1630 1548 principia
1645 1527 1655 1542 ‚
1674 1509 1722 1533 ut:

312 1549 402 1580 aiunt
414 1575 424 1589 ,
446 1547 647 1595 hypostatica
659 1576 668 1591 ,
688 1560 758 1595 quae
769 1560 824 1595 per
837 1545 867 1582 se
880 1547 1045 1582 consistant
1056 1548 1218 1595 separata,
1233 1548 1484 1585 considerentur.
1504 1550 1591 1583 Tum
1609 1550 1713 1592 enim,

312 1607 349 1630 ut
362 1601 427 1644 jam
445 1595 606 1630 ostensum
622 1597 683 1639 est,
710 1598 851 1643 precaria
871 1598 1100 1632 tantummodo
1119 1596 1213 1641 sunt,
1244 1603 1277 1634 &
1297 1600 1394 1647 gratis
1417 1594 1581 1642 concessa,
1603 1609 1714 1646 neque

313 1644 377 1680 ulla
387 1657 475 1679 certa
494 1646 623 1680 ratione
638 1658 751 1681 eorum
774 1645 945 1680 existentia
960 1646 1176 1681 demonstrari
1194 1648 1311 1695 potest.

350 1694 416 1728 Sed
432 1695 510 1729 illud
525 1697 665 1743 apertius
688 1696 732 1730 est
752 1700 786 1731 &
799 1705 893 1731 extra
904 1694 1156 1730 controverfiam
1172 1695 1311 1743 positum
1330 1724 1339 1739 ‚
1358 1698 1442 1743 ignis
1466 1706 1523 1730 aut
1545 1694 1662 1730 caloris
1678 1697 1722 1730 vii

314 1755 450 1791 corpora
467 1745 499 1778 in
513 1746 617 1777 varias
630 1742 746 1778 resolvi
766 1754 874 1790 partes
886 1771 895 1785 ‚
916 1755 1051 1789 quarum
1064 1743 1131 1777 aliae
1146 1744 1297 1779 volatiles
1308 1773 1317 1787 ,
1342 1744 1412 1778 aliae
1425 1742 1494 1778 sunt
1514 1742 1586 1777 fixae
1606 1760 1615 1786 3
1641 1744 1718 1779 aliae.

316 1791 449 1839 liquidae
462 1821 471 1835 ,
487 1790 553 1825 aliae
565 1790 670 1836 ficcae,
685 1804 721 1827 ut
741 1791 882 1826 dilucide
907 1791 1049 1840 explicat
1064 1795 1107 1827 D.
1127 1795 1235 1841 Boyle.
1247 1795 1333 1840 Qae
1349 1791 1500 1828 volatiles
1519 1791 1609 1837 sunt,
1629 1791 1714 1829 ficcae

317 1848 351 1879 &
368 1839 511 1889 'insipidae
524 1870 534 1884 ,
552 1839 647 1876 flores
659 1840 864 1891 appellantur
880 1854 889 1876 ε
911 1853 946 1875 ut
972 1840 1196 1890 cumsulphur
1210 1845 1293 1892 ignis
1309 1845 1342 1878 vi
1368 1844 1401 1877 in
1416 1840 1494 1878 vasis
1512 1843 1574 1876 rite
1594 1845 1722 1890 aptatis·

316 1889 431 1926 sursum
445 1892 477 1925 in
488 1889 582 1925 flores
601 1889 798 1927 sublimatur.
815 1891 914 1937 Qod
931 1888 951 1924 fi
974 1893 1038 1926 ae'ri
1058 1891 1152 1926 detur
1166 1892 1271 1927 aditus
1288 1905 1295 1926 :
1314 1903 1350 1927 ut
1361 1892 1494 1939 quando
1507 1890 1561 1926 sub
1579 1903 1715 1939 campa-

315 1952 356 1976 na
369 1941 474 1974 vitrea
490 1940 675 1975 incenditur
690 1970 700 1985 ‚
725 1953 792 1975 tum
810 1943 844 1975 in
855 1939 1020 1976 flammam
1034 1939 1124 1985 abit,
1151 1940 1241 1977 fimul
1260 1947 1294 1979 &
1311 1940 1472 1989 liquorem
1489 1938 1616 1989 praebet
1629 1969 1639 1984 ‚
1655 1943 1712 1988 qui

317 1988 529 2038 vitri-frigore
544 2002 712 2026 concretus
729 1993 883 2038 guttatim
902 1993 933 2024 in
943 2003 999 2025 vas
1021 1989 1200 2037 subjeetum
1216 1991 1339 2027 decidit
1350 2019 1361 2035 ,
1380 1996 1415 2029 &
1434 1990 1544 2026 oleum
1558 1989 1715 2038 sulphuris

320 2038 385 2072 dici
405 2036 485 2073 solet
498 2068 507 2080 ‚
532 2038 583 2073 sd
596 2039 706 2085 male3
723 2036 754 2074 id
768 2042 857 2075 enim
872 2040 918 2074 est
936 2039 1159 2077 acidiffimuni.
1706 2059 1709 2063 ·

366 2087 453 2122 Cum
467 2099 572 2136 partes
593 2088 697 2133 ficcae,
720 2089 912 2127 &volatiles
935 2089 1047 2138 sapidae
1071 2090 1161 2135 sunt,
1178 2102 1248 2126 tum
1263 2090 1372 2126 salium
1389 2087 1574 2125 volatilium
1591 2100 1720 2124 nomen

318 2136 503 2173 sortiuntur.
523 2140 604 2184 Qe
613 2150 723 2175 autem
736 2138 807 2174 sunt
819 2139 951 2186 liquidae
969 2145 1001 2176 &
1016 2139 1261 2175 infl=1mmbiles
1273 2171 1281 2184 ‚
1301 2140 1374 2176 olea
1391 2156 1399 2183 ;
1424 2151 1492 2186 quae
1502 2148 1715 2184 penetrantes

322 2186 393 2221 sunt
404 2216 413 2228 ,
426 2200 485 2221 nec
498 2187 687 2223 inflammari
711 2186 836 2237 poffiint
848 2218 856 2232 ‚
876 2188 1002 2236 spiritus
1017 2189 1217 2238 appellamur
1242 2206 1250 2227 τ
1277 2189 1452 2227 cuiusmodi
1471 2187 1518 2221 est
1531 2185 1655 2233 spiritus
1668 2187 1715 2220 vi-

325 2234 431 2278 trioli,
451 2236 592 2272 auti‘lud
609 2238 718 2273 oleum
737 2237 893 2286 sulphuris
911 2267 920 2280 ‚
940 2239 980 2273 de
1004 2251 1072 2286 quo
1095 2254 1172 2274 irox
1199 2241 1346 2278 diximus.
1364 2239 1446 2285 Qae
1460 2234 1685 2283 ίἶῐῐῖῑὶῐῖἶῖΡῘᾶῐΙῑΐ
1702 2263 1715 2279 ,

324 2285 518 2331 ph'cgnmis
531 2316 540 2330 ‚
569 2286 621 2322 seu
638 2300 728 2335 aquae
755 2300 879 2323 nomeu
895 2291 1048 2325 retinent.
1075 2290 1156 2332 Quae
1172 2288 1241 2325 fixae
1256 2319 1265 2333 ,
1286 2289 1397 2337 sapidae
1416 2290 1450 2322 δε
1463 2284 1568 2319 solidae
1581 2313 1590 2326 ‚
1614 2282 1710 2327 (3Ῑέδὸ

327 2331 394 2367 fixa:
413 2340 443 2369 δε
463 2334 618 2382 insipidae,
638 2349 720 2372 terra
737 2349 790 2372 aut
807 2349 900 2385 caput
915 2350 1076 2373 mortuum
1097 2331 1313 2374 isoininintur.
1337 2336 1399 2372 Sed
1429 2334 1525 2368 valde
1540 2331 1714 2382 probabile

328 2382 371 2415 est
381 2381 532 2429 ejusmodi
541 2399 646 2433 partes
657 2401 724 2424 non
737 2385 797 2422 effe
813 2388 933 2436 primas
947 2399 1133 2426 atomorum
1149 2389 1372 2425 concretiones
1389 2414 1399 2430 ,
1421 2396 1481 2422 nec
1504 2395 1617 2419 ornnes
1637 2384 1714 2418 ἃᾶυ

1673 2434 1708 2468 in
