1878 2724
328 165 387 207 708
832 162 856 197 P
885 161 920 195 H
944 162 974 196 Y
998 161 1019 195 S
1041 159 1101 195 IC
1124 162 1163 195 AE

327 211 463 260 pedibus
478 209 656 247 musculum
671 207 800 259 pollicis
821 210 923 246 nostri
933 209 1049 255 refert,
1065 219 1182 259 quater
1205 207 1277 245 fere
1298 213 1403 258 maior
1429 208 1472 245 est
1488 209 1521 245 in
1534 221 1625 246 mare
1637 209 1741 260 quam

328 265 361 297 in
379 261 530 297 foemina.

366 313 482 358 Itaque
495 309 615 345 insecta
628 310 709 344 inter
723 307 894 358 sanguinea
908 307 1061 344 animalia
1071 337 1080 352 ‚
1094 308 1265 358 &plantas
1282 306 1395 344 medio
1406 307 1477 344 sunt
1489 307 1565 344 loco
1583 309 1737 346 constitu-

327 371 359 393 ta
372 388 381 402 ‚
396 365 514 397 &cum
524 358 665 407 utrisque
675 371 828 407 magnam
844 357 970 394 habent
987 356 1205 395 affinitatem:
1219 359 1373 393 extremis
1384 360 1468 393 inter
1484 358 1657 408 sanguinea
1667 388 1677 404 ,
1688 359 1737 396 su.

326 412 446 457 premis
461 411 544 444 inter
554 407 750 457 vegetabilia
762 407 833 444 sunt
846 407 997 444 finitima.
1010 408 1109 445 Unde
1119 411 1167 443 vir
1181 407 1234 443 ille
1246 406 1444 443 doetiffimus
1455 412 1544 457 cujus
1556 408 1634 458 saepe
1644 422 1737 445 men-

327 460 454 493 tionem
474 458 663 501 facimus‚ea
677 470 846 507 comparat
864 470 938 494 cum
954 457 1174 507 caryophylis.
1188 461 1226 493 In
1242 458 1354 492 medio
1374 456 1502 493 seminis
1524 470 1614 494 extat
1625 457 1736 495 album

328 507 534 543 tuberculum
546 537 557 552 ,
577 520 731 555 tanquam
747 507 918 543 umbilicus
935 522 943 544 z
969 507 1025 543 ubi
1042 507 1150 543 semen
1169 507 1373 551 intumescit,
1401 507 1484 543 hanc
1509 507 1737 545 membranam

323 557 491 606 disrumpit
506 570 608 606 ·,apex
622 556 749 593 seminis
765 557 916 593 deorsum
927 557 1061 594 inflexus
1076 558 1197 593 radices
1211 568 1361 607 procreat
1374 585 1384 602 ‚
1402 568 1468 592 tum
1481 572 1562 601 ovo,
1574 569 1629 593 aut
1642 557 1740 593 serni.

324 619 366 642 ne
381 609 416 643 in
433 608 510 642 duas
521 619 626 656 partes
639 605 824 643 dehiscente
840 607 957 643 foliola
974 606 1091 643 sursum
1107 610 1242 652 emittit,
1254 612 1287 645 &
1298 608 1435 655 primam
1447 607 1632 656 pelliculam
1644 619 1680 642 ut
1690 610 1739 643 in—

325 655 411 692 secta
426 659 526 694 exuit.
536 657 622 693 Cum
637 656 782 692 adolevit
805 657 904 692 caulis
915 656 1031 693 florem
1051 670 1183 706 gemma
1197 656 1382 693 conclusum
1403 661 1437 693 ὃς
1460 657 1674 693 convolutum
1688 659 1739 691 in-

326 705 389 740 star
399 706 550 755 nymphae
568 706 621 742 vel
634 706 764 742 auteliae
781 707 908 755 profert
920 736 930 752 ‚
945 720 982 742 ac
999 708 1134 744 tandem
1145 706 1207 744 flos
1219 706 1284 758 ipse
1296 704 1359 743 sese
1373 705 1515 756 explicat
1532 707 1627 744 instar
1644 708 1738 756 papi-

325 753 430 794 lionis,
445 754 572 792 Verum
591 756 650 792 ista
663 757 847 793 identidem
859 756 1071 807 exposuimus-

854 856 885 892 C
909 858 938 894 A
967 859 991 894 P
1015 859 1051 895 U
1075 858 1107 894 T
1157 859 1189 891 V
1205 857 1229 893 1.

845 952 901 987 De
910 954 1000 1002 pulli
1013 958 1246 1003 procreatione.

326 1052 560 1139 OMninm
569 1047 702 1098 quidem
714 1049 930 1086 animantium
941 1064 1040 1087 ovum
1050 1052 1098 1087 est
1107 1051 1198 1087 velut
1208 1063 1386 1087 commune
1401 1051 1612 1101 primordium
1627 1068 1635 1090 :
1649 1065 1737 1102 quae-

426 1101 501 1135 dam
517 1111 628 1135 tamen
639 1100 734 1133 vivos
748 1097 846 1135 foetus
856 1129 865 1144 ‚
875 1100 938 1135 alia
950 1114 1014 1138 ova
1027 1102 1184 1137 duntaxat
1198 1113 1380 1150 procreant.
1393 1104 1483 1138 Hinc
1495 1100 1636 1137 solennis
1649 1104 1736 1138 divi-

325 1149 370 1186 sio
379 1149 569 1189 animalium
581 1151 616 1184 in
630 1149 776 1197 vivipara
790 1155 824 1186 &
839 1152 985 1199 ovipara.
998 1154 1051 1187 De
1072 1154 1214 1200 oviparis
1228 1152 1291 1188 hoc
1311 1151 1385 1186 loco
1398 1151 1622 1195 dicendum,&
1636 1165 1737 1200 quam

324 1212 437 1235 natura
452 1202 540 1234 viam
550 1197 671 1235 insistat
685 1200 718 1233 in
730 1198 809 1246 pulli
822 1203 1048 1247 procreatione
1062 1230 1073 1245 ‚
1082 1201 1181 1250 paulo
1191 1199 1381 1250 diligentius
1396 1201 1602 1238 intuendum.
1615 1204 1737 1249 Neque

326 1252 416 1286 enim
427 1248 550 1284 diversa
564 1248 634 1284 fere
650 1248 694 1283 est
707 1248 847 1285 aliorum
862 1251 1052 1286 animalium
1069 1253 1162 1288 ratio.
1176 1253 1253 1287 Hoc
1272 1263 1498 1301 argumentum
1523 1251 1592 1299 post
1611 1251 1736 1287 Aristo-

326 1299 438 1342 telem,
463 1303 498 1336 &
516 1297 698 1334 Fabricium
716 1296 758 1332 ab
777 1300 1037 1348 Aquapendente
1057 1312 1174 1350 praeter
1197 1313 1330 1337 caeteros
1357 1313 1503 1336 accurate
1525 1303 1737 1349 pertractavit

320 1349 518 1384 Guillelmus
536 1350 711 1392 Harvaeus,
727 1353 763 1385 δε
775 1351 924 1385 omnium
940 1349 1181 1400 diligentissime
1203 1349 1380 1387 Marcellus
1404 1349 1619 1399 Malpighius.
1645 1352 1735 1387 Hinc

325 1399 409 1433 adeo
422 1398 752 1448 praecipuaffldesumam
764 1427 774 1442 ,
790 1411 863 1447 quae
881 1399 942 1434 hoc
957 1403 1066 1450 capite
1084 1401 1284 1449 complectar
1300 1403 1535 1450 experimenta.

374 1446 522 1484 Primum
537 1440 649 1496 ita⁸c1ue
665 1460 771 1496 partes
787 1460 826 1483 ex
850 1447 968 1497 quibus
987 1463 1089 1486 ovum
1106 1452 1316 1499 componitur
1329 1479 1338 1494 ,
1363 1462 1433 1485 tum
1448 1449 1534 1484 illius
1558 1450 1590 1484 in
1611 1448 1736 1498 gallina:

326 1509 421 1534 utero
434 1500 696 1546 procreationem
707 1527 717 1542 ,
727 1498 888 1546 postremo
903 1512 967 1547 qua
976 1502 1102 1535 ratione
1113 1500 1217 1548 pullus
1231 1513 1269 1536 ex
1281 1513 1348 1535 ovo
1360 1499 1519 1534 formetur
1532 1528 1541 1542 ‚
1561 1499 1660 1546 quam
1675 1511 1736 1547 po-

327 1558 399 1582 tero
421 1547 563 1582 dilucide
576 1547 757 1596 expediam.
777 1548 904 1584 Auctor
929 1560 1038 1585 tamen
1062 1551 1099 1584 iis
1121 1549 1240 1585 fuerim
1253 1578 1263 1593 ,
1280 1551 1337 1598 qui
1352 1549 1421 1584 haec
1438 1560 1559 1585 naturae
1583 1548 1737 1583 miracula

326 1597 491 1646 perspecta
504 1595 623 1632 habere
643 1596 767 1642 volunt,
777 1608 813 1632 ut
825 1596 879 1647 ipsi
893 1600 1047 1646 experiri,
1058 1605 1092 1636 δε
1105 1598 1277 1635 observare
1292 1612 1358 1634 non
1372 1609 1558 1648 graventur,
1576 1610 1647 1645 quae
1664 1597 1735 1632 lon-

326 1659 366 1695 ge
378 1646 491 1682 melius
504 1658 541 1681 ex
553 1645 654 1682 oculis
665 1645 850 1696 ipfis,quam
861 1659 898 1683 ex
907 1647 1047 1684 aliorum
1059 1648 1217 1685 relatione
1233 1648 1402 1685 discuntur.
1418 1648 1483 1684 Sed
1499 1648 1541 1683 ad
1554 1660 1623 1683 rem
1635 1647 1734 1696 ipsam

326 1697 541 1732 veniendum.

362 1748 399 1780 In
418 1759 484 1781 ovo
496 1744 560 1780 liaec
572 1745 655 1790 sunt,
671 1744 772 1790 testa,
789 1745 978 1782 membrana
993 1748 1176 1783 communis
1196 1760 1265 1796 quae
1281 1747 1368 1783 testae
1385 1747 1529 1783 adhaeret
1540 1773 1552 1789 ,
1575 1745 1639 1780 alia
1659 1744 1735 1780 huic

327 1794 464 1842 subjecta
482 1807 553 1843 quae
570 1794 727 1830 albumen
738 1796 892 1833 involvit.
906 1795 1093 1832 Albuminis
1108 1808 1214 1846 partes
1237 1798 1308 1832 duae
1322 1799 1464 1833 exterior
1479 1825 1488 1840 ,
1513 1800 1547 1833 δε
1568 1794 1733 1842 liquidior,

327 1857 400 1892 quae
419 1846 554 1893 quidem
565 1845 729 1893 perforata
744 1845 934 1881 membrana
950 1845 1058 1882 effluit
1068 1877 1077 1891 ‚
1092 1849 1226 1882 interior
1237 1847 1357 1891 altera,
1376 1852 1410 1884 &
1420 1843 1550 1881 crassior
1564 1857 1634 1891 quae
1645 1845 1735 1880 tenui

326 1907 458 1941 quoque
470 1893 697 1929 membranula
709 1893 750 1928 ab
765 1907 901 1930 externo
915 1894 1081 1931 albumine
1100 1897 1259 1944 separatur
1272 1910 1281 1931 t
1301 1897 1333 1930 id
1349 1899 1471 1944 quippe
1489 1893 1616 1928 sublato
1631 1894 1734 1927 corti-

326 1955 363 1976 ce
380 1945 530 1990 &priore
545 1946 653 1977 tunica
666 1942 790 1990 pertusa
804 1957 870 1978 non
878 1943 1009 1982 diffluit.
1025 1944 1187 1979 Albumen
1202 1957 1334 1991 quoque
1343 1945 1406 1979 alia
1417 1941 1644 1978 membranula
1657 1942 1676 1977 a
1688 1943 1734 1975 vi-

328 1991 409 2026 tello
424 1993 557 2035 dividit,
575 1993 607 2027 in
618 1995 705 2040 cnjus
715 1992 826 2026 medio
840 1991 915 2026 alba
927 1993 1076 2040 quaedam
1088 1992 1178 2028 velut
1191 1996 1321 2028 cicatrix
1332 1994 1430 2029 inest:
1445 2005 1517 2041 quae
1527 1991 1662 2039 quidem
1676 2019 1686 2034 ,
1697 2002 1733 2026 ut

325 2042 435 2089 postea
444 2041 570 2076 dicetur
582 2040 645 2083 ‚est
658 2042 797 2088 primum
811 2041 892 2089 pulli
903 2043 1085 2078 exordium.
1103 2045 1140 2077 ln
1154 2054 1292 2088 utroque
1306 2046 1364 2078 ovi
1375 2045 1468 2092 apice
1488 2040 1560 2076 sunt
1571 2041 1642 2076 dure
1654 2040 1733 2076 cha-

327 2090 403 2126 lazae
416 2120 424 2133 ‚
441 2103 518 2137 quas
538 2089 616 2125 falso
632 2101 748 2138 putant
765 2088 827 2125 effe
841 2092 896 2125 ovi
912 2094 1060 2139 germina
1076 2106 1084 2128 ε
1104 2092 1151 2128 hae
1166 2091 1322 2128 vitellum
1335 2105 1407 2127 cum
1421 2092 1587 2127 albumine
1609 2102 1732 2124 conne-

326 2140 428 2182 Ctunt.
443 2143 523 2175 Sunt
534 2141 622 2175 enim
633 2138 805 2175 albuminis
826 2146 860 2178 δι
871 2140 975 2175 vitelli
995 2141 1195 2177 membranae
1211 2144 1242 2176 in
1257 2142 1361 2178 nodos
1376 2142 1475 2177 instar
1493 2138 1627 2175 funiculi
1649 2151 1732 2174 con·

326 2201 428 2226 tortae.
453 2191 543 2225 Hinc
567 2188 696 2224 vitellus
714 2201 796 2238 aegre
817 2189 859 2224 ab
887 2189 1055 2226 albumine
1076 2191 1237 2226 divellitur
1250 2221 1259 2234 ,
1278 2189 1334 2226 nisi
1347 2190 1496 2240 disruptis
1508 2187 1657 2224 chalazis.
1671 2190 1732 2223 Hae

324 2243 448 2288 quippe
461 2239 530 2274 sunt
545 2238 633 2274 velut
647 2238 776 2273 oviduo
786 2239 932 2275 cardines
944 2269 954 2283 ,
965 2252 1102 2288 quorum
1120 2252 1185 2290 ope
1196 2240 1325 2276 vitellus
1342 2243 1375 2276 in
1397 2241 1508 2276 medio
1533 2240 1729 2274 continetur.

323 2290 541 2336 Unaquaeque
552 2287 654 2323 tribus
668 2287 760 2323 velut
768 2287 909 2337 globulis
923 2317 933 2332 ,
952 2301 1006 2325 aut
1022 2290 1233 2338 grandinibus
1249 2291 1381 2326 constat.

376 2341 491 2374 Ovum
501 2336 539 2372 [ic
552 2337 719 2374 formatur.
739 2340 776 2373 ln
791 2340 905 2373 ovatio
916 2367 926 2381 ,
948 2340 1036 2386 quod
1047 2354 1088 2374 eo
1102 2339 1171 2375 fere
1190 2339 1264 2374 loco
1277 2342 1312 2374 in
1324 2338 1437 2374 avibus
1453 2338 1496 2372 est
1514 2335 1728 2380 collocatum,

325 2387 381 2423 ubi
395 2390 426 2423 in
439 2389 589 2438 viviparis
600 2387 642 2424 est
655 2385 779 2437 septum
789 2386 998 2424 transversum
1014 2417 1024 2432 ‚
1044 2390 1095 2426 seu
1108 2389 1318 2439 diaphragma
1329 2417 1340 2433 ,
1362 2400 1500 2425 ovorum
1521 2386 1706 2422 rudimenta
1717 2414 1730 2431 ‚
