1878 2724
404 165 505 238 &34ita
517 198 669 247 dispositae
681 228 690 242 ,
703 207 738 233 ut
751 197 892 248 sanguini
905 198 945 234 ad
958 212 1014 235 cor
1030 197 1196 235 transitum
1208 195 1386 247 praebeant.
1404 196 1487 234 Duae
1507 208 1543 234 ut
1560 199 1733 249 plurimum
1758 201 1807 239 ita

407 254 662 297 conjunguntur,
675 259 710 282 ut
726 260 781 283 cor
789 247 896 284 versus
913 247 972 284 sint
982 260 1150 284 concavae:
1170 249 1246 284 hinc
1258 247 1396 297 sanguini
1409 248 1447 282 ad
1462 260 1517 282 cor
1535 255 1694 287 remeanti
1712 253 1807 288 obse.

406 308 558 345 quuntur.
575 298 619 332 At
631 296 651 330 si
664 296 787 346 sanguis
803 301 934 347 proprio
945 299 1089 347 pondere
1106 326 1115 341 ,
1133 310 1187 333 aut
1200 297 1261 331 alia
1276 297 1317 331 de
1330 296 1419 332 causa
1439 297 1549 333 vei-fiis
1566 311 1710 336 extrema
1736 315 1807 338 cor-

405 348 495 394 poris
511 358 653 381 remeare
664 359 835 382 conaretur
847 377 856 392 ‚
872 347 1001 383 obstant
1015 347 1138 382 eaedem
1152 347 1293 381 valvulae
1310 375 1319 389 ‚
1337 358 1406 393 quae
1420 345 1576 395 sanguinis
1590 347 1677 397 lapsu
1690 350 1805 387 disten·

404 396 522 431 duntur
535 424 544 438 ,
557 407 617 430 nec
627 394 732 432 sinunt
742 408 815 432 eum
825 397 846 432 ἐι
856 409 971 432 trunco
983 397 1022 432 ad
1035 408 1140 431 ramos
1157 397 1369 431 contendere.
1387 396 1489 443 quue
1502 408 1538 431 ut
1559 398 1695 433 diximus
1710 429 1718 443 ‚
1747 399 1802 435 vel

405 445 438 479 in
447 457 543 480 manu
554 444 619 493 ipsa
631 448 770 494 experiri
785 449 891 494 quivis
906 447 1014 495 potest
1028 475 1038 489 ,
1055 445 1075 481 si
1090 457 1206 480 venam
1224 457 1327 494 prope
1341 446 1560 481 internodium
1574 475 1583 489 ‚
1605 446 1662 481 ubi
1677 447 1803 498 semper

403 493 447 528 est
458 493 564 542 aliqua
576 495 709 530 valvula
725 524 734 538 ,
751 495 859 544 digito
870 493 1026 544 presseris.
1041 498 1128 531 Tum
1143 496 1229 529 enim
1246 507 1330 529 vena
1342 492 1446 529 versus
1459 507 1514 529 cor
1532 497 1665 539 inanita,
1680 510 1750 546 pars
1763 498 1805 534 il..

403 541 464 577 lius
475 543 598 588 altera,
611 549 646 580 &
664 543 683 579 ἐι
701 545 985 580 cordesemotior
998 542 1197 581 intumescet.
1222 543 1332 580 Nullae
1352 555 1463 578 autem
1481 543 1551 580 sunt
1562 545 1719 594 ejusmodi
1734 548 1804 582 val-

402 591 485 627 vulae
499 595 532 627 in
542 595 685 630 arteriis:
702 593 785 628 nihil
800 596 889 629 enim
900 595 946 629 est
967 594 1099 643 periculi
1111 605 1152 628 ne
1165 589 1288 643 sanguis
1302 605 1420 642 magna
1435 595 1470 628 vi
1495 593 1515 629 ὲ
1536 595 1634 630 corde
1652 595 1803 645 impulsus

400 653 460 689 per
471 644 601 676 arterias
613 643 782 692 regressum
805 655 921 681 tentet.

448 691 536 726 Cum
548 694 658 740 itaque
671 705 743 741 pars
754 705 850 729 venae
861 693 943 729 infra
955 693 1106 730 valvulas
1117 693 1217 741 posita
1231 693 1457 740 comprimitur
1469 720 1478 735 ‚
1492 692 1546 727 vel
1564 692 1583 728 ὲ
1597 690 1686 728 fibris
1700 695 1804 729 circu-

401 738 520 775 laribus
535 770 544 784 ‚
556 753 626 788 quae
642 753 677 776 ut
690 744 723 776 in
737 743 889 778 intestinis
901 771 911 787 ,
930 742 970 778 sic
986 746 1017 778 in
1031 746 1155 778 arteriis
1168 750 1202 782 &
1219 743 1309 778 venis
1320 753 1411 776 motu
1421 770 1430 785 ,
1444 752 1479 775 ut
1488 743 1581 777 aiunt
1593 771 1603 785 ,
1630 743 1803 790 peristalti-

399 801 440 824 co
454 794 487 826 δε
503 790 705 825 vermiculari
720 794 840 826 tunicas
859 792 1005 828 vasorum
1018 793 1176 842 stringunt
1191 823 1200 838 ,
1210 791 1267 830 vel
1279 790 1300 827 Ξι
1313 792 1526 839 circumjectis
1545 790 1712 827 musculis:
1732 804 1802 829 tum

400 851 492 873 venre
505 839 598 874 tubus
608 842 747 876 anstarur
758 869 768 883 ,
788 846 821 877 ὃς
837 840 961 891 sanguis
974 843 1013 877 ad
1024 855 1129 890 partes
1145 841 1308 892 oppositas
1323 839 1452 888 pellitur
1469 855 1477 877 :
1500 840 1555 874 illa
1567 840 1724 888 pressione
1742 854 1803 877 ex-

400 886 587 923 hauriuntur
605 888 719 923 sacculi
733 918 742 932 ,
761 889 814 923 seu
827 890 967 926 valvulae
981 919 990 933 ‚
1009 897 1042 927 δε
1052 890 1172 938 sanguis
1184 904 1241 939 per
1252 892 1368 924 rimam
1380 891 1581 938 interjectam
1593 889 1624 924 se
1640 889 1775 926 insinuat
1790 905 1800 927 :

399 938 457 983 qui
467 935 519 970 ubi
531 937 731 985 pertransiit,
751 937 839 973 mole
857 938 1034 974 suaiterum
1046 940 1162 988 implet
1174 937 1317 974 valvulas
1335 965 1343 980 ,
1360 949 1416 971 aut
1427 937 1563 972 sacculos
1577 938 1587 980 ‚‘
1601 940 1690 986 iique
1700 941 1801 974 interr

399 987 520 1032 jectam
530 989 647 1021 rimam
657 987 842 1022 occludunt.
864 989 951 1022 Tum
969 1000 1040 1036 pars
1054 1001 1149 1023 venae
1174 988 1315 1036 superior
1333 986 1504 1023 constrifflt
1518 985 1632 1021 sursum
1657 989 1799 1036 impellit

397 1033 608 1082 ‘sanguinem3
625 1040 658 1071 δε
670 1034 799 1069 forsitan
812 1048 879 1071 non
897 1036 984 1071 fluxu
993 1039 1150 1071 continuo
1162 1066 1172 1080 ,
1188 1036 1240 1071 sed
1254 1033 1449 1081 interpositis
1459 1034 1591 1070 morulis
1603 1049 1666 1083 ope
1679 1037 1797 1074 valvu-

396 1082 498 1118 larum
509 1083 631 1133 sanguis
647 1095 873 1132 promovetur.
894 1084 954 1120 Etsi
964 1097 1035 1134 pars
1048 1097 1139 1120 venae
1150 1088 1235 1120 inter
1246 1082 1392 1118 valvulas
1406 1086 1582 1132 intercepta
1591 1113 1600 1128 ,
1612 1083 1668 1119 ubi
1679 1091 1798 1133 premi-

399 1143 472 1176 tur,
488 1135 649 1182 impetum
670 1146 803 1170 omnem
820 1133 985 1183 pressionis
1004 1134 1114 1171 ¹versus
1133 1147 1189 1170 cor
1201 1164 1211 1179 ,
1240 1133 1298 1170 ubi
1319 1130 1400 1167 liber
1417 1134 1460 1169 est
1478 1145 1678 1169 commeatus
1703 1136 1800 1172 trans-

396 1193 511 1217 mittit.

437 1232 646 1279 Nequeillud
661 1246 738 1268 vere
750 1234 811 1268 dici
823 1233 927 1283 potest
937 1263 946 1278 ,
961 1246 1002 1269 eo
1012 1245 1137 1271 tantum
1155 1231 1312 1282 appositas
1330 1228 1391 1265 esse
1403 1230 1547 1266 valvulas
1558 1261 1567 1276 ‚
1589 1244 1654 1280 quo
1667 1233 1799 1271 descen-

397 1279 465 1316 sum
479 1281 639 1331 sanguinis
650 1284 840 1332 impediant.
855 1286 943 1320 Nam
957 1283 1143 1332 ubicunque
1153 1295 1199 1317 eae
1210 1282 1331 1318 fuerint
1341 1309 1350 1323 ‚
1369 1291 1496 1314 motum
1507 1279 1666 1330 sanguinis
1676 1282 1697 1318 ἐι
1707 1295 1798 1320 trun-

398 1342 438 1364 co
456 1331 496 1364 ad
508 1343 615 1366 ramos
634 1333 828 1382 impediunt:
844 1335 933 1369 Hinc
943 1333 1070 1383 stylus&
1083 1332 1210 1367 ramulis
1227 1330 1330 1366 versus
1353 1334 1493 1377 majores
1515 1330 1610 1365 facile
1623 1331 1726 1368 subire
1742 1345 1798 1381 po.

395 1379 456 1414 test
468 1409 477 1424 ,
491 1393 557 1415 non
568 1383 648 1416 item
666 1382 685 1418 'a
696 1382 871 1430 majoribus
887 1382 998 1419 versus
1013 1383 1112 1418 exiles
1125 1394 1231 1417 ramos
1248 1392 1303 1416 :ac
1316 1391 1358 1415 ne
1376 1380 1530 1426 injeetum
1549 1381 1680 1426 quidem
1692 1381 1798 1430 liquo-

396 1440 465 1464 rem
479 1429 575 1464 facile
587 1432 766 1467 admittunt
778 1459 787 1474 ‚
816 1431 871 1468 nisi
882 1431 938 1467 ubi
950 1432 1043 1467 nullae
1053 1432 1125 1467 sunt
1140 1430 1275 1467 valvulae
1288 1459 1297 1473 ,
1310 1440 1345 1464 ut
1366 1429 1397 1462 in
1410 1428 1628 1476 pulmonibuS.
1649 1430 1795 1467 Infinitas

395 1477 479 1513 hanc
491 1480 524 1513 in
542 1492 612 1514 rem
623 1480 731 1515 afferri
741 1480 828 1530 posse
843 1484 985 1517 rationes
995 1495 1062 1517 non
1073 1483 1209 1529 ignoro:
1228 1480 1302 1515 hinc
1313 1480 1400 1512 enim
1413 1479 1512 1512 totius
1524 1480 1600 1513 vitae
1610 1484 1795 1516 oeconomia

395 1528 518 1574 pendet
532 1546 541 1572 3
556 1528 632 1564 hinc
643 1529 832 1566 morborum
846 1530 945 1566 causae
963 1521 1170 1567 innotescunt
1185 1545 1192 1565 :
1211 1528 1327 1565 verum
1346 1527 1400 1562 ista
1415 1528 1553 1562 Medicis
1573 1528 1792 1577 relinquimus-

394 1578 600 1626 Nuncigitur
615 1592 686 1626 quae
696 1592 808 1615 contra
817 1582 942 1629 opponi
953 1579 1056 1617 solent
1068 1579 1110 1615 ab
1128 1582 1163 1615 iis
1177 1581 1235 1629 qui
1247 1576 1436 1614 ratiunculas
1454 1579 1562 1626 potius
1583 1577 1682 1626 quarn
1695 1578 1795 1629 expeg

394 1627 535 1663 rimenra
548 1627 770 1665 consectantur
784 1659 794 1675 ,
818 1631 1005 1668 videamus.
1631 1676 1655 1698 2

897 1730 1078 1766 Solvuntur
1093 1728 1287 1776 objectiones.

942 1789 966 1809 Ο

429 1825 539 1861 Multa
552 1838 723 1874 opponunt
742 1829 845 1876 magis
859 1828 1056 1876 inquirendo
1071 1858 1081 1873 ‚
1100 1833 1134 1865 &
1148 1827 1222 1862 alias
1237 1840 1276 1871 ex
1297 1826 1368 1861 aliis
1384 1823 1587 1860 difficultates
1601 1825 1762 1861 neffiendo
1781 1834 1795 1868 ‚'

392 1875 495 1920 quam
512 1877 742 1914 ratiocinando,
756 1884 784 1912 1⁰
799 1880 878 1913 Non
888 1876 973 1924 posse
987 1880 1115 1923 concipi
1127 1876 1182 1923 qu'i
1202 1877 1270 1910 fieri
1289 1874 1382 1922 possit
1396 1886 1430 1907 ut
1446 1873 1568 1920 sanguis
1584 1886 1650 1908 tam
1666 1876 1731 1908 cito
1751 1886 1794 1909 ex

390 1925 515 1957 arteriis
531 1925 564 1958 in
576 1936 674 1958 venas
685 1937 850 1960 commeet
861 1939 869 1960 :
882 1926 1150 1972 quandoquidem
1164 1927 1249 1958 inter
1266 1924 1322 1958 illa
1337 1922 1407 1957 vasa
1420 1921 1508 1956 nulla
1520 1922 1564 1956 est
1576 1925 1768 1958 communio
1781 1941 1792 1968 ς

391 1971 484 2006 nullae
500 1971 571 2007 sunt
590 1973 803 2009 anastomoses
817 2002 825 2016 ‚
843 1972 896 2008 seu
907 1971 1054 2008 vasorum
1076 1973 1313 2009 inoculationes
1324 1989 1335 2018 3
1348 1983 1409 2007 nec
1427 1982 1584 2006 venatum
1593 1971 1705 2007 ostiola
1717 1985 1792 2010 cum

389 2023 579 2056 arteriarum
593 2021 708 2062 itidem
717 2023 836 2059 ostiolis
854 2026 1105 2070 conjunguntur.

425 2070 560 2105 Addunt
581 2070 659 2105 illud
671 2085 805 2120 quoque
815 2101 826 2116 ,
842 2075 909 2107 vim
924 2072 1045 2107 nullam
1060 2070 1162 2106 adesse
1174 2084 1244 2119 quae
1262 2071 1447 2120 sanguinem
1459 2070 1621 2118 propellat
1640 2072 1672 2104 in
1686 2070 1791 2119 capil-

389 2119 471 2155 lares
482 2122 691 2156 venassNam
703 2124 750 2157 vis
765 2122 869 2156 cordis
885 2122 1056 2167 impellens
1071 2114 1182 2157 sensini
1195 2120 1384 2156 debilitatur
1394 2149 1404 2162 ‚
1423 2131 1484 2154 nec
1495 2120 1685 2154 venularurn
1697 2119 1789 2155 orifi-

378 2171 439 2203 ‘cia
449 2169 572 2218 semper
586 2181 836 2218 patent3neque
847 2169 919 2206 ossis
932 2170 1054 2206 habent
1070 2170 1257 2206 firmitatem
1276 2184 1284 2206 :
1308 2170 1359 2203 sed
1379 2167 1491 2217 saepit‘is
1516 2172 1713 2211 connivent,
1731 2180 1788 2203 aut

388 2217 527 2267 collapsa
538 2218 739 2257 clauduntur.
760 2224 832 2257 Nec
845 2220 974 2254 demum
1002 2221 1216 2255 musculorum
1234 2218 1349 2268 pressio
1372 2217 1557 2266 sanguinem
1583 2219 1735 2265 exprimit
1753 2220 1787 2252 in

389 2279 487 2303 venas
504 2267 646 2316 :singnis
659 2272 746 2306 enim
760 2269 812 2304 vel
823 2268 1008 2304 cessantibus
1023 2269 1170 2305 musculis
1183 2268 1315 2304 venulas
1330 2267 1425 2303 subit.
1435 2270 1505 2302 Iino
1516 2268 1599 2302 intra
1610 2265 1721 2302 offium
1731 2278 1787 2300 ca-

389 2319 506 2352 vitates
520 2347 529 2360 ,
551 2318 705 2367 &inipso
719 2318 854 2354 cerebro
867 2318 990 2354 venulae
1010 2318 1193 2368 sangninem
1208 2320 1381 2366 excipiunt.

447 2368 534 2415 ResJv.
556 2369 607 2403 Ut
622 2368 714 2404 nullae
736 2367 835 2404 essent
859 2367 1014 2415 ejusmodi
1033 2367 1246 2403 anistomoses
1262 2397 1271 2410 ,
1287 2365 1473 2415 sanguinem
1495 2375 1604 2401 tamen
1628 2361 1715 2413 posse
1731 2376 1787 2411 per

386 2428 486 2450 caecos
499 2418 600 2453 carnis
614 2429 670 2454 aut
680 2417 834 2457 viscerum
849 2429 973 2454 meatus
987 2429 1084 2455 venas
1097 2418 1222 2467 ingredi
1236 2431 1244 2454 ε
1256 2429 1291 2452 ut
1303 2428 1385 2465 aqua
1394 2413 1541 2463 pluvialis
1553 2426 1610 2463 per
1621 2425 1711 2449 tertae
1723 2425 1786 2462 po-
