1878 2724
367 171 453 211 gitur
466 195 475 211 ,
489 177 523 201 nt
535 167 567 201 in
578 159 712 199 acerbo,
725 163 758 196 δε
771 157 897 192 austero
917 157 1027 207 sapore
1041 176 1050 204 3
1068 158 1121 193 vel
1137 159 1254 194 leniter
1268 155 1410 204 laxatur,
1431 168 1468 197 ut
1492 164 1525 198 in
1545 161 1643 201 dulci.
1667 163 1763 203 Hinc

367 208 457 251 ‘sallus
468 221 500 252 δε
511 215 617 249 acidus
628 207 803 244 corrodunt
819 223 828 251 3
853 219 926 242 acet
944 210 1102 258 pungit&
1115 208 1363 256 vellicat:quod
1379 222 1520 248 amarum
1533 213 1599 257 est,
1617 213 1761 265 linguam

367 265 564 305 abstes-gig&
575 257 820 308 quodammodo
832 260 962 293 evertit.
975 261 1082 306 Atque
1099 268 1134 293 ut
1146 257 1276 293 diversae
1293 263 1435 308 corporis
1448 273 1553 309 partes
1564 264 1680 300 eodem
1692 279 1763 300 mo.

371 327 404 349 tu
419 303 611 348 titillationis
622 322 688 344 non
700 305 841 342 similiter
852 309 1012 355 agitantur
1023 337 1032 352 ‚
1052 321 1111 343 nec
1122 308 1261 343 eundem
1273 307 1394 344 sensum
1408 323 1578 359 procreant
1599 311 1649 348 :fic
1658 325 1765 350 motus

368 364 510 410 corporis
528 359 627 408 sapidi
637 358 730 393 aliter
745 356 897 405 linguam,
913 357 1004 392 aliter
1016 358 1174 406 reliquum
1188 370 1302 407 corpus
1313 356 1422 404 afficit,
1437 360 1565 409 &quasi
1577 363 1662 397 tactu
1678 376 1763 411 quo-

369 412 443 445 dam
454 409 574 457 ubique
585 409 771 458 percipitur.
783 408 871 441 Nam
885 418 1013 442 carnem
1024 409 1221 442 excoriatam
1235 408 1327 442 aliter
1338 406 1396 451 sal,
1417 409 1510 445 aliter
1530 421 1655 445 acetum
1668 440 1678 455 ‚
1702 412 1764 446 ali..

368 470 417 494 ter
432 459 552 508 spiritus
568 460 634 493 vini
645 461 733 506 juxta
747 455 892 503 saporum
913 459 1105 492 varietatem
1118 455 1261 493 afficiunt
1277 471 1284 493 :
1302 457 1384 491 adeo
1399 469 1434 492 ut
1458 459 1580 508 sapores
1597 473 1712 495 omnes
1724 472 1764 497 ex

369 512 508 556 partium
521 519 612 542 motu
631 503 928 552 &configuratione
942 507 1114 550 ducantur,
1133 507 1282 554 &gustus
1304 505 1368 554 ipse
1388 507 1474 542 taCtu
1493 509 1636 556 quodam
1658 511 1765 544 conti-

368 570 491 594 neatur.
504 558 566 592 Sed
581 556 666 592 fort‘e
682 553 785 590 causas
800 552 945 603 saporum
957 556 1062 592 adhuc
1078 558 1248 604 propiores
1266 553 1384 592 merito
1396 557 1512 605 aliquis
1529 559 1688 608 exquiret.
1716 560 1768 599 Sit

369 608 466 656 igitur

942 654 1091 690 Secunda
1104 654 1274 701 Conclufio.

407 756 561 790 Proximae
578 760 611 791 &
628 755 832 789 continentes
844 751 991 802 saporum
1004 753 1100 787 causae
1108 753 1179 788 satis
1196 754 1372 788 commode
1387 754 1427 788 ad
1448 755 1606 803 principia
1626 752 1769 802 Chyrnis

372 817 482 839 corum
504 807 535 839 in
549 806 638 839 vario
648 804 725 838 statu
743 801 942 838 considerata.
961 802 1166 846 referuntur,
1187 802 1366 837 dummodo
1384 805 1469 838 iniis
1485 815 1615 852 quoque
1633 802 1771 847 Mechaff

373 855 449 889 nicae
462 852 652 888 affectiones
665 851 858 900 spedtentur.

410 904 484 936 Pars
500 900 708 936 conclusionis
724 912 809 947 prior
819 901 913 935 variis
929 897 1106 934 rationibus
1120 903 1155 935 &
1166 902 1396 947 experimentis
1415 899 1561 935 illustrari
1574 902 1683 949 potest.
1706 903 1769 936 At-

374 963 437 998 que
451 961 486 985 ut
500 950 541 984 ab
558 963 598 984 eo
614 949 724 997 sapore
737 951 794 996 qui
816 947 967 996 infipidus
983 949 1092 982 vocari
1106 947 1204 991 solet,
1220 949 1383 983 ordiamur
1396 978 1405 992 ‚
1423 951 1446 983 is
1464 951 1603 984 maxime
1614 953 1646 985 in
1659 952 1696 984 iis
1717 962 1769 984 re-

374 1001 495 1047 peritur
507 998 692 1047 corporibus
705 1026 714 1041 ,
731 1010 801 1044 quae
812 999 974 1046 principiis
986 998 1098 1032 activis
1114 996 1233 1043 spiritu,
1248 997 1363 1039 sulfure
1374 1004 1407 1034 ὃς
1419 997 1480 1032 sale
1492 1010 1575 1046 pene
1591 1000 1769 1034 destituun-

375 1059 442 1091 tur,
470 1058 505 1081 ut
516 1050 550 1082 in
567 1059 650 1094 aqua
665 1045 807 1094 simplici.
828 1045 962 1093 Insipida
976 1057 1108 1092 quoque
1121 1045 1223 1080 solent
1240 1046 1303 1080 dici
1319 1058 1455 1094 corpora
1469 1074 1479 1089 ,
1507 1048 1540 1081 in
1557 1046 1672 1094 quibus
1685 1048 1770 1096 spiri.

375 1109 423 1131 tus
440 1095 460 1131 ἐι
477 1107 561 1130 terra
572 1101 699 1143 &aqua
712 1107 796 1143 pene
807 1094 988 1129 obruuntur
1001 1122 1010 1137 ,
1025 1096 1058 1128 in
1069 1094 1164 1137 statu,
1179 1105 1214 1128 ut
1224 1097 1314 1129 aiunt
1329 1122 1339 1137 ,
1363 1095 1532 1131 fixationis.
1553 1097 1616 1131 Sed
1635 1095 1691 1131 ubi
1706 1095 1770 1144 spi..

373 1148 449 1181 ritus
460 1144 521 1180 sese
534 1157 588 1180 aut
602 1145 707 1179 calore
722 1173 731 1188 ‚
746 1156 802 1179 aut
815 1144 1071 1179 fermentatione
1091 1144 1251 1191 explicant
1265 1171 1274 1185 ,
1303 1156 1372 1179 tum
1387 1147 1491 1179 varios
1509 1144 1653 1180 fundunt
1675 1144 1771 1193 sapo-

374 1196 529 1230 res.Cum
542 1194 665 1243 spiritus
684 1193 773 1228 salini
787 1194 1008 1242 deprimuntur
1023 1221 1032 1236 ,
1050 1191 1225 1241 insipiditas
1246 1193 1393 1240 quaedam
1406 1206 1478 1230 cum
1497 1195 1704 1230 adstriffione
1716 1194 1771 1229 vel

374 1244 545 1293 asperitate
555 1245 724 1293 conjundhi
742 1245 915 1291 percipitur
925 1271 934 1286 ,
946 1255 1017 1289 quae
1033 1242 1141 1291 postea
1155 1244 1188 1278 in
1206 1243 1394 1278 aciditatem
1408 1242 1570 1279 adolescit.
1588 1246 1680 1291 Saepe
1693 1255 1774 1277 eve-

375 1297 424 1330 nit
440 1306 474 1328 ut
487 1293 612 1341 spiritus
625 1306 693 1328 non
705 1290 795 1326 simul
811 1293 850 1326 ad
861 1293 1082 1326 maturitatem
1097 1291 1295 1335 evehantur,
1311 1291 1362 1326 sed
1381 1292 1448 1327 aliis
1464 1292 1568 1329 adhuc
1578 1293 1682 1326 crudis
1694 1292 1772 1327 reli-

376 1346 432 1390 qui
448 1342 656 1377 maturescere
670 1340 893 1378 &dulcescere
907 1342 1072 1389 incipiant.
1093 1342 1186 1376 Hinc
1198 1339 1289 1389 sapor
1309 1352 1351 1376 ex
1369 1341 1543 1376 dulcedine
1563 1347 1597 1379 δε
1620 1341 1773 1377 aciditate

378 1404 580 1439 temperatus.
591 1393 752 1434 exoritur,
780 1392 835 1438 qui
849 1389 973 1425 vinosus
986 1391 1049 1424 dici
1066 1389 1186 1438 potest.

412 1444 501 1477 Hinc
510 1440 627 1488 duplex
639 1441 681 1474 est
691 1440 822 1474 aciditas
838 1454 846 1475 :
871 1453 932 1475 una
946 1452 1013 1487 quae
1025 1440 1230 1476 dulcedinem
1246 1442 1412 1489 praevertit
1428 1469 1438 1484 ,
1466 1439 1566 1475 altera
1578 1453 1648 1488 quae
1669 1440 1773 1477 subse.¹

378 1493 484 1539 quitur
503 1491 576 1524 :illa
588 1490 715 1524 videtur
729 1491 761 1523 in
776 1489 884 1537 spiritu
899 1488 1020 1532 salino,
1041 1501 1157 1537 atque,
1181 1502 1217 1525 ut
1229 1493 1318 1525 aiunt
1331 1520 1339 1534 ‚
1356 1490 1509 1525 famelico
1525 1489 1624 1538 posita
1643 1506 1651 1526 :
1667 1491 1771 1539 qualis

378 1544 411 1576 in
427 1538 604 1575 limonibus
616 1541 761 1576 &aureis
781 1541 883 1587 pomis
899 1540 1072 1587 percipitur
1086 1553 1092 1574 :
1110 1537 1185 1574 cum
1198 1542 1284 1575 enim
1295 1552 1331 1574 ea
1343 1538 1502 1588 spiritibus
1521 1540 1680 1574 exhaustis
1698 1554 1773 1575 om-

378 1592 413 1625 ni
425 1590 578 1623 aciditate
595 1588 646 1624 sua
656 1600 832 1633 exuuntur,
850 1600 918 1624 tum
946 1588 1151 1623 dulcedinem
1164 1588 1247 1624 suam
1262 1603 1329 1625 non
1340 1600 1466 1624 tuentur
1480 1602 1488 1624 z
1507 1588 1583 1623 hinc
1595 1588 1687 1624 brevi
1697 1601 1772 1624 cum

379 1638 454 1673 tabe
469 1644 503 1675 ἃ
517 1637 744 1674 nauseabundo
757 1638 867 1686 sapore
878 1649 1133 1686 corrumpuntur.
1147 1640 1270 1674 Contra
1286 1641 1317 1674 in
1331 1641 1408 1674 vino
1422 1638 1552 1672 aciditas
1566 1638 1772 1673 dulcedinem

380 1687 602 1735 consequitur,
617 1700 719 1735 eaque
729 1688 824 1724 nona⁴
839 1687 968 1736 spiritu,
985 1686 1036 1722 sed
1056 1687 1074 1723 a
1093 1686 1154 1723 sale
1167 1688 1266 1724 fluido
1279 1689 1435 1724 dimanat.
1458 1689 1546 1723 Hinc
1566 1686 1708 1722 acetosus
1731 1686 1772 1721 li-

379 1750 462 1783 quor
482 1739 578 1772 tertio
594 1740 675 1786 ignis
684 1738 783 1786 gradu
794 1737 979 1781 distillatur,
996 1749 1033 1771 ac
1043 1749 1148 1785 partes
1164 1737 1265 1773 habet
1277 1737 1401 1785 asperas
1414 1743 1446 1774 ὅ(
1460 1735 1675 1785 penetrabiles
1697 1750 1704 1772 :
1719 1748 1774 1770 un.

380 1786 420 1820 de
432 1788 539 1821 muria:
550 1789 634 1821 vices
649 1786 723 1821 obit
734 1817 743 1831 ‚
756 1793 790 1825 &
803 1799 938 1836 corpora
950 1786 970 1822 ἐι
986 1787 1157 1834 putredine
1171 1788 1224 1821 diu
1235 1788 1381 1821 vindicat
1401 1800 1408 1822 :
1427 1786 1514 1833 quod
1532 1785 1613 1820 illius
1639 1785 1772 1831 liquoris

381 1836 511 1869 aciditas
526 1849 593 1870 non
608 1838 640 1871 in
655 1836 764 1884 spiritu
778 1837 903 1871 volatili
914 1835 983 1879 ‚sed
994 1838 1025 1870 in
1038 1835 1178 1870 crasliori
1190 1835 1296 1870 salesit
1307 1835 1474 1870 collocata.
1488 1837 1574 1869 Hinc
1584 1832 1662 1868 succi
1675 1834 1772 1867 limo-

381 1897 457 1918 num
471 1911 480 1925 ,
498 1890 529 1920 &
544 1885 751 1930 omphacium
764 1886 970 1930 putredinem
984 1897 1049 1918 non
1060 1883 1212 1925 inhibent
1232 1898 1239 1918 ε
1262 1884 1449 1916 aciditatcm
1463 1885 1550 1916 enirn
1567 1881 1688 1916 habent
1701 1881 1773 1915 dul-

383 1933 503 1965 cedinis
514 1934 663 1977 praeviam
678 1931 697 1966 ἓι
708 1932 817 1978 spiritu
828 1961 838 1976 ,
853 1945 919 1966 non
932 1931 952 1965 a
964 1930 1023 1964 sale
1033 1932 1262 1979 profecitam,&
1283 1934 1358 1979 quia
1376 1934 1526 1965 tenuioris
1548 1930 1617 1965 sunt
1630 1929 1774 1965 substan-

384 1982 434 2015 tiae
453 2008 461 2022 ,
478 1979 546 2014 cito
567 1979 774 2015 evanescunt.

419 2032 499 2063 Sunt
513 2028 567 2062 alii
582 2029 707 2076 sapores
731 2030 787 2075 qui
807 2028 998 2063 cruditatem
1015 2033 1047 2065 &
1068 2027 1254 2063 fixationem
1266 2040 1335 2064 tum
1353 2028 1515 2076 spirituum
1528 2059 1536 2072 ‚
1555 2029 1775 2074 tum-fahum;

384 2090 440 2112 aut
468 2076 574 2112 lenem
608 2077 765 2112 fusionem
787 2079 998 2113 comitantur:
1018 2089 1054 2111 ut
1081 2078 1299 2126 adstringens,
1326 2077 1454 2112 acerbus
1470 2107 1480 2121 ‚
1506 2079 1645 2114 austerus
1660 2095 1667 2116 :
1687 2079 1776 2127 spiri-

386 2137 435 2161 tus
450 2137 559 2160 autem
573 2125 702 2161 sulfure-i
716 2127 795 2161 dum
812 2125 868 2161 fixi
892 2132 924 2163 δέ
945 2126 1032 2161 crudi
1052 2126 1142 2170 sunt,
1162 2126 1329 2162 obscurum
1344 2127 1518 2162 admodum
1536 2126 1681 2176 saporem
1706 2127 1776 2163 effi-
1819 2145 1821 2147 ’

386 2179 485 2211 ciunt.
498 2178 549 2210 Sic
562 2175 665 2211 farina
683 2177 780 2210 tritici
795 2203 804 2218 ,
823 2187 961 2210 ovorum
975 2174 1162 2219 albumina,
1187 2188 1320 2224 quaeque
1345 2175 1488 2210 sulfureis
1506 2175 1672 2212 abundant
1691 2175 1778 2224 spiri·

386 2226 472 2259 tibus
484 2224 536 2259 vel
548 2237 660 2272 parum
675 2224 823 2260 exaltatis
839 2254 848 2269 ‚
867 2223 935 2258 haec
951 2223 1083 2272 insipida
1101 2237 1184 2273 pene
1205 2226 1372 2261 videntur:
1391 2238 1460 2272 qux
1484 2238 1562 2260 vero
1578 2224 1698 2273 spiritus
1711 2230 1774 2271 jam

386 2276 577 2322 vigentes&
594 2276 633 2309 ad
648 2285 775 2310 motum
796 2285 923 2322 paratos
940 2272 1080 2317 babent,
1099 2286 1133 2309 ut
1156 2275 1205 2309 lac
1220 2304 1229 2318 ,
1244 2280 1276 2312 ὃ(
1294 2287 1367 2309 caro
1381 2304 1390 2318 ,
1421 2273 1545 2309 facilius
1570 2276 1683 2310 eadem
1703 2273 1774 2307 dul-

387 2326 524 2359 celcunt.
541 2326 629 2361 Nam
640 2323 778 2365 dulcedo
796 2324 813 2366 ὲ
829 2322 988 2373 spiritibus
1015 2324 1056 2359 ad
1075 2326 1293 2360 maturitatem
1313 2324 1476 2372 proveffis
1496 2321 1694 2373 potissimum
1723 2322 1775 2364 di2

390 2384 508 2410 ssiflssata
