1878 2724
598 136 745 175 PARS
780 136 1030 177 TERTIA.
1436 149 1468 179 61

97 187 135 224 in
143 184 332 223 membrana
344 185 465 222 extima
473 186 662 235 pulmonum
671 185 816 235 copiosos
825 185 885 222 effe
896 188 1034 224 diximus
1044 215 1054 231 ,
1066 199 1104 224 ex
1117 184 1233 237 quibus
1252 192 1286 226 δε
1303 187 1387 225 tussis
1410 158 1488 227 rno‘.⁹

99 236 180 272 lesta
189 264 200 280 ,
214 241 248 273 &
259 235 423 284 respiratio
436 235 586 271 anhelosa
595 265 605 280 ‚
617 240 650 274 δι
665 235 804 284 hydrops
815 235 1005 284 pulmonum
1015 236 1206 286 plerumque
1215 240 1368 273 oriuntur.
1427 242 1482 276 uin

99 291 135 324 &
146 286 258 321 duetus
269 285 460 333 pulmonum
472 284 548 334 saepe
556 283 791 333 disrumpuntur
809 285 859 321 vel
869 283 913 320 ob
926 284 1202 322 setiacrimoniam
1212 315 1221 330 ‚
1237 286 1348 323 veleb
1359 286 1484 337 sangui-

100 336 150 371 nis
159 331 341 370 crassitiem.
361 335 451 369 Hinc
465 346 557 369 cruor
569 334 622 369 vel
642 335 765 382 ejicitur
778 345 835 382 per
849 333 1010 369 tracheam
1021 362 1030 377 ,
1051 334 1104 370 vel
1130 338 1162 371 in
1188 334 1258 384 ipsis
1275 334 1483 374 veficularum

99 383 275 419 interstitiis
288 384 473 432 congeritur
491 397 500 419 z
522 382 608 418 unde
630 387 661 419 δι
682 384 948 430 peripneumonia
979 383 1031 417 vel
1065 387 1098 419 in
1117 387 1329 433 capacitatem
1348 384 1486 424 thoracis

98 433 225 480 ejicitur
236 459 247 474 ‚
262 443 300 466 ex
313 444 377 480 qua
391 431 428 467 fit
439 443 631 480 cmpyema3
644 430 682 465 fic
694 430 751 466 seri
762 432 892 466 acrioris
905 431 923 465 ὲ
934 430 1086 480 sanguine
1107 431 1240 468 secretio
1253 431 1393 481 primum
1416 434 1478 470 tus.

98 479 155 516 sim
166 509 175 524 ‚
191 480 308 515 deinde
322 493 395 516 cum
410 492 473 529 prae
488 482 637 516 coctione
649 479 687 515 fit
701 478 823 515 ctaffius
832 508 844 524 ‚
863 486 895 517 δὲ
907 480 1040 516 tracheae
1050 510 1062 526 ‚
1074 480 1127 517 seu
1139 479 1371 518 bronchiorurn
1379 485 1486 532 parie-

100 528 188 566 tibus
203 528 388 564 adhaerescit
399 558 410 573 ,
427 527 669 577 inspirationem
686 527 822 566 inhibet.

134 580 215 615 Non
228 576 366 613 diffimili
382 579 509 613 ratione
528 579 642 614 ductus
654 577 883 613 bronchiorurn
903 576 922 613 ὲ
941 576 1080 627 largiore
1099 581 1268 627 potatione
1291 579 1485 629 plerumque

99 627 283 670 arctantur,
297 627 383 675 quod
393 625 470 662 vafis
481 625 531 662 san
556 629 659 663 uineis
675 629 812 662 nimium
828 627 972 661 distentis
984 631 1241 676 comprimantur.
1267 631 1356 664 Hinc
1366 628 1487 666 diffici-

100 675 138 711 lis
149 675 313 724 respiratio
329 675 397 710 fere
407 688 443 711 ut
458 678 491 711 in
506 639 649 711 feffirium
662 675 868 725 paroxysmis,
895 675 957 710 lsta
968 704 978 719 ‚
992 678 1142 724 inquam,
1167 676 1284 712 leviter
1304 679 1488 729 perstringi-

99 737 192 768 mus,
212 724 300 771 quod
315 725 355 758 ad
368 726 517 759 Medicos
529 727 690 772 pertinere
702 725 878 762 videantur
894 754 904 769 ,
927 736 1030 772 eaque
1044 738 1115 760 cum
1132 726 1152 762 ὲ
1169 726 1279 761 multis
1300 730 1486 764 recentiori-

101 772 159 807 bus
175 801 185 816 ,
204 784 272 807 tum
285 772 304 808 ἐι
314 771 590 810 doctiffivnllifio
605 773 672 809 fuse
683 778 716 811 δι
728 774 913 809 methodice
921 776 1167 822 pertrastentur.
1176 777 1420 811 Tantummodo
1431 778 1489 812 des

101 820 204 856 libare
226 821 385 857 voluimus
412 829 483 870 quae
505 834 650 871 naturam
662 852 673 867 ,
696 820 784 858 usum
796 829 828 860 &
839 835 958 871 organa
971 822 1187 871 respirationis
1198 853 1208 866 ‚
1228 826 1261 859 in
1277 837 1341 871 qua
1365 826 1487 873 potiff-

102 869 194 906 mum
203 872 272 904 vira
280 870 435 914 consistit,
457 873 558 919 magis
570 871 732 906 illustrant.
750 874 831 917 Qo
851 874 938 905 enim
955 872 1057 905 modo
1069 870 1125 906 fiat
1138 872 1320 920 respiratio,
1338 886 1404 908 non
1419 885 1487 910 tam

100 931 141 953 ex
149 920 274 966 integra
290 924 323 955 ὅ(
334 918 405 953 sana
417 947 427 962 ,
447 918 549 967 quam
560 931 598 953 ex
612 917 679 953 laesa
693 917 849 955 discimus.
864 919 966 968 Qod
979 920 1092 968 utique
1105 922 1139 956 in
1156 923 1279 958 caeteris
1291 933 1421 970 quoque
1433 936 1488 960 or.

101 979 258 1016 ganorurn
272 966 494 1005 funfflonibus
503 967 557 1004 usu
568 969 672 1004 venit.

625 1064 657 1100 C
679 1065 708 1100 A
729 1067 755 1101 P
772 1066 807 1102 U
830 1067 861 1101 T
901 1069 947 1102 V.

547 1161 699 1210 Praecipm'
712 1164 926 1212 respirationis
937 1164 1018 1209 ufhs.

201 1263 234 1296 Ic
251 1260 370 1308 primus
378 1258 508 1293 videtur
519 1256 735 1306 respirationis
746 1259 813 1294 usus
824 1289 833 1304 ‚
844 1271 880 1295 ut
893 1258 1050 1308 sanguinis
1065 1272 1122 1309 per
1134 1259 1303 1310 pulmones
1320 1264 1488 1301 circuitum

100 1263 511 1359 Hpromoveateadeo
523 1317 557 1341 ut
567 1308 735 1355 pulmones
749 1308 809 1344 fint
821 1309 910 1344 velut
923 1309 1080 1358 sanguinis
1096 1309 1261 1345 torcularia
1275 1325 1283 1347 ε
1300 1309 1363 1346 five
1375 1315 1407 1347 in
1424 1313 1490 1362 ipsa

104 1358 309 1409 inspiratione
318 1358 336 1394 ὲ
349 1355 424 1391 valis
435 1354 612 1404 sanguineis
627 1356 808 1406 compteffis
821 1358 942 1406 sanguis
952 1358 1041 1394 velut
1052 1361 1293 1407 exprimatnr;in
1306 1360 1492 1409 exspiratio-

104 1421 148 1444 ne
168 1419 225 1457 per
243 1406 357 1441 eadem
371 1403 442 1440 vasa
456 1402 578 1454 sanguis
595 1406 614 1443 ὲ
631 1407 728 1441 corde
741 1407 926 1455 impellatur
941 1424 950 1450 3
979 1405 1043 1443 five
1059 1411 1091 1443 in
1107 1407 1170 1456 ipsa
1195 1407 1401 1457 inspiratione
1417 1412 1491 1447 vasa

105 1457 297 1506 pulmonum
308 1454 506 1503 explicentur
516 1481 526 1496 ‚
540 1466 611 1501 quae
623 1455 744 1503 alioqui
757 1459 970 1492 conniverent
986 1471 995 1492 ε
1008 1458 1091 1493 unde
1102 1462 1136 1494 δι
1146 1455 1285 1492 veficulae
1298 1458 1490 1507 pulmonum

106 1516 176 1542 tum
189 1517 262 1540 aere
275 1504 450 1552 implentur
465 1530 475 1545 ,
494 1508 527 1539 &
542 1503 726 1553 sanguinem
749 1506 783 1540 in
800 1505 1017 1541 ventriculum
1035 1506 1140 1541 cordis
1160 1505 1309 1542 sinistrum
1334 1519 1489 1556 tanquam

106 1554 351 1590 totidem'cunei
361 1551 655 1600 impelluntNimia
667 1565 763 1601 porro
775 1556 855 1588 aeris
863 1566 953 1589 mora
963 1557 994 1590 in
1005 1554 1213 1602 pulmonibus
1226 1556 1345 1591 ideirco
1357 1557 1491 1594 molesta

108 1605 156 1639 est
165 1633 175 1647 ,
189 1603 277 1651 quod
287 1600 456 1650 ingressum
466 1599 623 1650 sanguinis
637 1604 669 1636 in
683 1601 754 1636 vasa
768 1603 958 1650 pulmonum
972 1614 1090 1640 arceat.
1102 1606 1283 1653 Turgentes
1306 1607 1395 1641 enim
1408 1606 1490 1642 vefi-

107 1653 187 1687 culae
197 1650 288 1686 exilia
303 1650 371 1685 haec
389 1649 460 1685 vasa
473 1648 630 1698 sanguinis
650 1650 718 1699 plus
727 1649 798 1686 satis
808 1654 1032 1700 comprimunt:
1046 1653 1131 1688 unde
1143 1658 1178 1690 &
1187 1652 1401 1702 exspiratione
1411 1669 1491 1705 opus

106 1701 160 1736 est.
179 1703 229 1736 Sic
240 1698 316 1734 vasis
327 1699 502 1747 sanguineis
517 1700 694 1734 identidem
708 1699 815 1748 pressis
835 1706 869 1738 δ(
882 1701 1021 1737 dilatatis
1036 1730 1046 1745 ,
1063 1713 1169 1737 motus
1184 1701 1340 1750 sanguinis
1354 1707 1435 1754 jugis
1447 1706 1491 1741 est

108 1749 288 1786 &celerior
300 1762 307 1784 :
321 1759 355 1783 ut
369 1750 402 1782 in
416 1751 556 1796 corporis
575 1748 687 1783 habitu
717 1761 754 1783 ex
779 1749 844 1784 levi
866 1749 1081 1785 musculorum
1098 1753 1321 1787 contractione
1335 1751 1492 1802 sanguinis

107 1799 274 1833 circulatio
287 1808 504 1845 promovetur.
518 1798 606 1832 Hinc
627 1796 684 1832 ubi
701 1796 819 1833 secatur
835 1812 938 1843 vena,
952 1799 1071 1848 sanguis
1094 1798 1228 1835 liberius
1245 1798 1337 1844 fluit,
1361 1804 1491 1849 quando

108 1845 276 1882 brachium
289 1846 472 1881 extenditur
486 1873 495 1888 ‚
513 1857 569 1881 aut
578 1845 708 1881 baculus
720 1860 816 1883 manu
829 1850 1046 1884 contrectatur
1055 1849 1259 1893 ‚&volvitut
1268 1878 1280 1893 ,
1301 1862 1370 1898 quo
1384 1863 1492 1888 motus

108 1894 321 1931 musculorum
335 1894 512 1942 adjuvetur·

147 1958 181 1979 20
194 1946 242 1979 Ex
257 1942 384 1978 leviilla
423 1942 590 1978 ulmonum
604 1941 793 1980 dilatatione
806 1950 839 1983 ὃς
850 1943 1008 1993 preffione
1026 1945 1147 1994 sanguis
1161 1948 1259 1982 etiam
1270 1948 1451 1996 percolatur
1460 1955 1495 1988 &

110 1994 339 2028 comminuitur
350 2018 359 2034 ,
378 1996 388 2025 ἰ
402 2004 465 2038 que
477 1990 513 2026 fit
524 1990 653 2025 fluidiot
665 2021 674 2034 ,
691 1998 726 2029 &
741 1993 759 2028 ὲ
771 1993 998 2041 coagulatione
1014 1996 1209 2031 vindicatur.
1235 1997 1387 2031 Necdum
1402 2000 1494 2034 enirn

110 2042 181 2077 satis
193 2038 346 2088 exquisita
358 2040 400 2074 est
414 2039 579 2087 sanguinis,
592 2039 680 2087 chyli
692 2046 726 2077 &
739 2040 877 2089 lympha:
892 2043 924 2076 in
937 2042 1052 2078 dextro
1062 2044 1164 2078 cordis
1175 2042 1242 2080 sinu
1256 2045 1440 2093 permistio,
1457 2059 1495 2082 ac

110 2089 243 2126 subinde
255 2101 334 2136 opus
345 2088 391 2122 est
405 2100 439 2123 ut
452 2100 502 2123 tot
514 2088 675 2135 liquorum
693 2102 798 2137 partes
810 2089 964 2126 minutius
983 2092 1322 2141 concidantur-‚aquosi
1336 2099 1369 2130 &
1379 2093 1495 2130 effoeti-
1537 2089 1541 2094 ⁷

111 2150 248 2187 vapores
260 2137 312 2172 vel
331 2139 362 2172 in
381 2140 389 2170 i
416 2136 444 2172 sa
454 2136 663 2185 exspiratione
678 2139 904 2186 protrudantur
917 2169 927 2183 ‚
942 2141 995 2176 vel
1010 2153 1068 2189 per
1086 2141 1228 2190 lymphae
1245 2143 1359 2177 ductus
1381 2155 1495 2181 aman-

113 2189 227 2222 dentur
238 2201 246 2223 :
260 2198 294 2221 ut
305 2188 337 2221 in
348 2151 414 2234 ipso
425 2188 567 2235 corporis
577 2185 689 2222 habitu
702 2200 758 2237 per
768 2186 983 2225 insensibilem
1001 2189 1277 2239 transpirationem
1289 2190 1409 2240 sanguis
1419 2205 1496 2244 gon·

113 2239 256 2272 tinenter
276 2247 476 2284 expurgatur.
514 2263 518 2266 .

151 2292 193 2330 3⁰.
207 2284 287 2319 lllud
299 2283 368 2319 satis
379 2285 503 2319 videtur
518 2283 688 2332 probabile
700 2288 863 2333 puriorem
879 2291 912 2323 δε
923 2287 1056 2321 vitalem
1064 2299 1171 2322 auram
1183 2285 1300 2336 partim
1318 2290 1350 2324 in
1365 2288 1496 2337 pulmo-

113 2347 190 2369 num
205 2332 345 2369 veficulis
356 2336 506 2377 retineri,
521 2336 636 2382 partim
651 2336 683 2369 in
693 2334 854 2382 capillaria
867 2335 937 2370 vasa
950 2337 1033 2384 adigi
1048 2365 1058 2379 ,
1076 2339 1191 2384 partim
1204 2348 1333 2372 tenuem
1349 2343 1381 2375 ὃς
1397 2352 1496 2387 poro.

114 2383 179 2418 sam
193 2382 382 2431 pulmonum
396 2384 535 2420 tunicam
547 2395 734 2433 penetrare,
751 2384 934 2436 &thoracis
951 2385 1086 2435 implere
1100 2388 1281 2423 cavitatem.
1307 2389 1345 2422 Et
1364 2389 1496 2436 quidem

1194 2436 1269 2471 liii
1308 2438 1329 2483 ij
