1878 2724
383 186 441 230 384
684 172 950 215 PHYSICAE
975 174 1121 211 PARS
1157 173 1440 211 SECUNDA.

379 243 477 279 quam
502 233 534 265 in
550 231 576 275 13
589 238 776 278 purpureus,
791 230 825 263 &
839 224 987 260 caeruleus
1002 223 1062 259 sint
1075 223 1190 258 itidem
1209 222 1359 259 fortiores
1370 233 1472 273 prope
1485 223 1517 257 G
1531 249 1541 266 ,
1551 232 1650 270 quam
1666 221 1772 258 versus

379 281 420 315 M
434 293 442 316 t
454 278 542 326 quod
561 290 597 313 ex
604 277 701 324 periri
715 273 908 309 facillimum
928 272 984 309 est.

412 343 439 376 5.
466 328 511 363 At
528 325 548 360 fi
558 325 661 360 radius
680 323 730 358 bis
745 321 1008 372 refringatur,sed
1019 321 1160 357 eandem
1174 318 1387 355 inflexionem
1398 348 1408 364 ,
1422 317 1474 354 seu
1490 329 1692 354 curvaturam
1703 331 1771 355 non

379 374 484 411 servet
494 403 503 418 ,
512 386 581 410 tum
602 372 674 419 post
689 371 862 407 secundam
876 371 1110 406 refrafflonem
1122 369 1201 405 nulli
1216 379 1384 417 emergent
1397 368 1532 404 colores.
1545 369 1599 403 Sic
1611 369 1716 402 radius
1725 366 1773 403 so-

378 423 459 459 lidus
484 426 508 460 E
520 424 543 457 F
557 451 568 467 ,
597 422 627 456 G
638 423 672 457 H
696 423 729 456 in
751 423 849 468 priori
870 420 971 469 figura
996 432 1034 454 ex
1053 431 1126 454 aete
1146 420 1180 454 in
1200 430 1256 452 vas
1278 419 1306 453 A
1319 419 1343 452 B
1365 429 1448 463 aqua
1472 415 1605 466 plenum
1625 417 1772 452 incidens

378 472 553 509 inflectitur
565 501 574 515 ,
585 476 619 509 δέ
637 472 733 506 variis
747 468 914 505 coloribus
930 471 1064 517 tingitur
1081 470 1139 503 inl
1157 473 1190 505 &
1203 467 1248 510 L,
1258 465 1353 501 sedin
1364 467 1453 500 exitu
1468 477 1507 500 ex
1520 477 1602 512 aqua
1611 467 1643 500 in
1661 478 1772 501 aerem

377 520 417 556 fic
431 521 589 571 frangitur
599 523 657 555 inl
672 522 711 555 M
723 524 757 556 &
776 521 802 554 L
812 521 846 555 N
858 529 894 553 ut
904 531 975 566 quae
990 529 1060 566 pars
1079 518 1346 558 eratinterior,&
1354 525 1437 550 cava
1449 543 1459 558 ‚
1470 519 1535 562 jam
1551 513 1608 549 flat
1621 516 1778 559 exteriora,

378 573 412 608 δε
424 582 570 608 convexa
583 583 590 605 :
611 569 694 604 adeo
709 578 744 604 ut
754 580 838 617 pene
852 569 887 602 in
905 567 1029 602 rectam
1038 565 1159 602 lineam
1169 565 1367 603 restituaturf
1375 565 1488 611 Quare
1499 562 1626 599 colotes
1638 563 1771 612 quidem

376 1197 411 1233 in
427 1199 441 1232 1
462 1196 490 1232 L
509 1206 688 1245 apparent,
710 1195 763 1231 sed
787 1194 865 1230 nulli
880 1193 1016 1243 amplius
1033 1203 1205 1229 cernuntur
1223 1190 1328 1228 versus
1346 1188 1391 1228 M
1404 1193 1450 1229 N.
1468 1196 1539 1230 lmo
1560 1193 1582 1232 fi
1606 1193 1766 1244 speculum

375 1248 411 1281 in
427 1250 439 1281 1
453 1249 501 1290 L,
518 1256 574 1281 aut
592 1246 811 1295 hydrargyrus
838 1242 1049 1286 adhibeatur,
1068 1245 1127 1290 qui
1151 1242 1258 1276 radios
1289 1240 1434 1277 reflectat
1455 1242 1562 1279 versus
1590 1246 1625 1280 O
1645 1245 1669 1280 Ρ
1685 1258 1693 1280 :
1710 1242 1767 1279 etfi

375 1295 502 1330 oelores
513 1305 696 1343 appareant
705 1294 825 1336 inIL,
850 1292 930 1327 nulli
945 1303 1057 1328 tamen
1074 1302 1246 1326 cernuntur
1257 1292 1290 1325 in
1305 1293 1340 1326 O
1359 1293 1392 1327 P.
1405 1292 1495 1327 Nam
1515 1295 1571 1341 qui
1583 1293 1665 1328 radii
1674 1304 1766 1329 erant
1834 1313 1835 1317 =
1876 1305 1878 1326 l

376 1346 551 1378 exteriores
579 1346 612 1379 in
631 1340 767 1392 ingreffu
776 1353 895 1390 nempe
916 1341 947 1374 G
961 1343 995 1376 H
1005 1369 1014 1385 ,
1051 1341 1086 1375 H
1112 1342 1139 1375 L
1161 1339 1241 1374 fiunt
1258 1341 1426 1374 interiores
1451 1341 1521 1390 post
1532 1341 1765 1379 reflexionem:

376 1393 462 1428 unde
473 1395 578 1429 omnis
590 1392 679 1428 color
693 1392 861 1426 destruitur
873 1404 882 1426 t
895 1401 971 1424 curn
983 1389 1099 1424 eadem
1117 1389 1280 1424 radiorum
1304 1387 1438 1425 inflexio
1453 1403 1518 1426 non
1539 1402 1680 1428 maneat.
1694 1391 1765 1439 Qi

376 1440 457 1478 verb
469 1441 676 1478 refledtuntut
687 1444 721 1476 in
737 1451 829 1488 aquae
847 1437 1013 1488 superficie
1027 1440 1092 1474 ΡΗ
1103 1467 1113 1483 ,
1131 1440 1164 1473 in
1176 1440 1197 1473 S
1207 1438 1238 1473 C
1251 1466 1262 1482 ‚
1285 1439 1307 1472 ii
1332 1450 1465 1488 quoque
1481 1439 1573 1475 nullis
1599 1441 1764 1489 tinguntur

378 1490 553 1528 coloribus,

415 1538 540 1576 Venim
552 1551 590 1574 ea
606 1553 656 1576 res
665 1540 746 1575 mihi
755 1540 883 1575 videtur
897 1540 996 1588 digna
1007 1568 1016 1583 ‚
1032 1550 1104 1588 quae
1119 1536 1215 1586 paulo
1224 1534 1355 1571 uberius
1372 1535 1569 1585 explicetur:
1587 1535 1763 1586 praesertirn

375 1601 449 1624 cum
459 1589 531 1637 post
545 1589 682 1625 alteram
693 1589 783 1640 hujus
793 1592 900 1636 operis
909 1590 1089 1625 editionem
1111 1590 1157 1622 D.
1176 1586 1341 1622 Marione
1363 1587 1520 1621 eximium
1535 1586 1576 1621 de
1598 1586 1762 1624 coloribus

376 1638 549 1673 tractatum
568 1638 690 1687 publici
698 1641 771 1687 jutis
785 1638 910 1675 fecerit.
922 1641 968 1674 Ex
978 1651 1043 1685 quo
1053 1636 1186 1684 quidem
1196 1646 1265 1682 quae
1277 1639 1310 1670 δε
1324 1634 1491 1671 intellectu
1505 1646 1599 1671 erunt
1606 1635 1762 1683 faciliora,

375 1692 410 1724 δε
420 1687 548 1722 utiliora
558 1687 764 1732 videbuntur,
776 1687 825 1724 his
837 1686 955 1726 omiffis
967 1698 1038 1736 quae
1050 1688 1249 1722 Geometriae
1266 1686 1416 1732 peritiam
1439 1683 1619 1733 postulant,
1649 1684 1762 1722 decer>-

376 1747 460 1784 μω.
1291 1784 1338 1818 Ac
1358 1781 1500 1831 primiim
1559 1782 1667 1819 uidem
1690 1782 1762 1821 fieri

1254 1830 1359 1867 solent
1378 1833 1522 1880 trigona,
1557 1844 1597 1867 eu
1611 1832 1760 1881 prist-nata

1254 1882 1359 1914 vitrea
1383 1879 1498 1927 quibus
1523 1880 1602 1914 radii
1628 1882 1760 1918 luminis

940 1939 947 1948 ¹
965 1902 1212 1992 {affl
1253 1930 1348 1963 variis
1386 1930 1549 1978 tinguntur
1581 1929 1760 1969 coloribus.

1251 1978 1302 2012 Sit
1315 1990 1364 2014 ex.
1376 1989 1424 2026 gr.
1439 1975 1595 2026 prismatis
1615 1979 1716 2015 sectio
1730 1981 1761 2017 Δ

1250 2026 1317 2062 B'C
1341 2026 1535 2075 triangulum
1555 2026 1676 2064 scilicet
1689 2040 1761 2065 rec-

1250 2086 1320 2111 tum
1332 2074 1453 2111 habens
1464 2075 1611 2125 angulum
1630 2077 1662 2112 C
1674 2105 1685 2121 ‚
1702 2074 1758 2114 fit-

1249 2124 1383 2174 angulus
1401 2127 1441 2169 A,
1455 2140 1502 2170 40
1515 2126 1756 2174 graduum‚tum

1247 2173 1382 2222 angulus
1407 2176 1430 2209 B
1454 2177 1514 2208 erit
1535 2187 1572 2220 50
1590 2175 1755 2223 graduum.

1246 2224 1336 2258 Nam
1375 2221 1462 2272 supra
1498 2223 1754 2261 demonstratum

1245 2271 1308 2306 fuit
1349 2282 1410 2305 tres
1449 2272 1580 2319 angulos
1601 2273 1752 2321 cujusque

1244 2319 1393 2369 trianguli
1405 2319 1489 2354 simul
1500 2320 1639 2368 sumptos
1647 2333 1753 2370 aequa-

1145 2373 1173 2399 Β
1240 2371 1266 2403 ri
1283 2368 1405 2404 duobus
1416 2371 1528 2411 rectis,
1551 2369 1601 2404 seu
1612 2373 1664 2406 180
1676 2381 1751 2419 gra·

1237 2416 1345 2454 dibus.
1369 2416 1448 2454 nafis
1466 2420 1495 2454 A
1506 2421 1531 2454 B
1542 2417 1581 2455 fic
1595 2417 1750 2457 obvem-

1697 2477 1748 2502 tm
