1878 2724
402 84 772 126 TRACTATUS
808 83 1062 124 TERT1US.'
1382 95 1416 127 2.

49 134 149 191 leges
158 137 336 191 cogere,in
348 137 410 174 illis
420 140 537 174 diutius
550 139 668 174 haerete
678 167 687 183 ,
699 151 759 174 nec
769 139 859 173 tecto
871 166 881 181 ,
897 148 933 171 ut
945 138 979 172 in
989 136 1073 170 duris
1087 134 1277 183 corporibus
1287 166 1296 181 ‚
1312 137 1362 174 sed
1377 107 1438 176 vali

49 193 99 226 zio
115 200 209 226 motu
220 202 273 225 eas
286 200 393 238 partes
406 189 542 237 agitare.
554 190 607 223 Sic
619 189 707 224 enirn
721 187 973 233 unumquodque
988 196 1100 232 corpus
1115 183 1245 235 fluidum
1258 198 1436 236 comparat,

51 250 87 274 ut
101 240 137 274 in
149 250 189 273 eo
206 250 303 287 quam
317 237 482 273 liberrime
495 236 788 279 moveatur.Unde
803 248 869 270 non
880 234 965 270 aliud
984 234 1117 280 quidem
1134 234 1318 282 sanguinem
1329 240 1363 273 in
1379 250 1438 272 ve-

48 289 101 324 nis
117 314 127 330 ,
141 286 349 334 &liquorem
361 288 393 322 in
404 285 481 321 vafis
494 284 621 320 occlufis
633 284 652 320 ὲ
665 286 872 332 corruptione
887 294 941 318 aut
959 281 1153 319 diffimilium
1172 284 1311 331 partium
1325 284 1438 322 secessu

48 335 203 371 vindicat.
219 338 308 372 Nam
323 335 400 370 licet
415 347 520 384 partes
543 333 633 368 fluidi
653 332 712 368 sint
730 331 870 381 persaepe
885 334 969 367 inter
997 331 1026 366 se
1041 330 1225 367 diffidentes
1243 361 1253 376 ‚
1273 333 1436 380 aequabilis

48 394 290 420 tamen-earum
303 386 442 432 partium
451 395 557 418 motus
569 382 608 417 fic
624 381 665 417 ab
688 394 726 416 ea
734 381 846 416 caelesti
856 379 1024 415 substantia
1044 378 1239 427 gubernatur
1249 410 1258 424 ‚
1273 393 1308 416 ut
1317 395 1437 433 conge-

48 434 132 468 nitas
147 433 319 480 qualitates
335 444 497 468 tueantur.
515 432 614 478 Qod
631 429 779 479 fiplacidi
798 429 883 464 illius
897 441 1003 463 motus
1030 439 1123 464 tenor
1137 429 1342 476 perturbetur
1353 461 1362 475 ,
1372 439 1436 481 jam

48 481 193 529 liquores
208 483 410 529 corruptioni
421 483 519 516 vicini
530 481 618 515 sunt:
629 490 664 514 ut
677 490 807 514 cernere
827 478 913 512 estin
927 481 1023 521 vino,
1041 478 1129 525 quod
1144 479 1299 522 tonitrui,
1318 479 1369 515 seu
1382 494 1436 516 ae-

47 531 88 565 ris
105 530 316 566 vehementer
326 528 464 566 concuffi
476 536 567 564 motu
579 527 788 563 confunditur
801 541 808 562 :
819 524 874 561 nisi
883 525 970 560 forte
984 526 1184 563 fermentum
1191 529 1358 574 quoddam
1371 533 1436 566 aci-

47 579 126 614 dum
140 591 213 614 eam
226 580 464 626 corruptionem
475 575 594 612 efficiat
608 605 617 619 ‚
629 588 663 611 ut
679 576 732 611 suo
748 574 821 612 loco
833 576 987 610 dicemus,

95 627 196 674 Qod
207 638 320 662 autem·
328 628 428 669 aiunt,
445 624 624 660 tenuiorem
637 630 671 662 &
683 623 882 660 subtiliorem
893 623 953 658 effe
962 624 1087 659 aetheris
1100 622 1309 662 substantiam
1318 656 1328 671 ‚
1336 626 1437 674 quam

3 690 5 692 ¹
47 686 86 711 ut
98 674 211 710 crassas
225 686 391 722 aquae·atit
405 674 534 709 alterius
549 673 685 721 liquoris
714 685 820 720 partes
846 686 1079 717 commoveat3
1096 675 1126 708 id
1145 675 1277 721 quidem
1291 689 1328 710 ex
1348 687 1438 724 parte

47 723 263 759 concedimus.
279 725 358 760 Non
376 725 462 758 enim
477 722 563 758 forte
581 722 678 757 aliam
697 721 745 758 ob*
762 724 923 757 rationem
937 734 1021 769 aqua
1040 723 1229 772 congelatur
1246 752 1257 767 ,
1274 724 1329 759 nifi
1347 726 1438 772 quod

46 771 170 807 subtilis
192 774 331 808 materiae
351 783 457 820 partes
490 770 675 819 majusculae
694 773 832 806 arctatos
849 783 939 818 aquae
955 783 1078 806 meatus
1096 785 1161 807 non
1177 771 1273 807 facile
1293 773 1436 811 subeant.

46 822 147 858 Unde
159 833 231 868 quae
248 832 399 870 penetrat
416 818 561 856 subtilior
574 821 638 864 est,
650 832 748 866 quam
759 832 795 855 ut
804 831 932 854 motum
946 819 1036 855 illum
1046 849 1056 864 ,
1071 823 1103 855 in
1118 833 1184 868 quo
1198 820 1298 869 posita
1312 824 1354 858 est
1365 822 1436 859 flui:

48 870 133 905 ditas
145 898 155 913 ,
175 867 299 904 efficiat
312 883 320 905 ε
338 870 426 905 idern
446 871 534 905 enim
546 881 630 918 pene
641 868 693 904 hic
710 869 827 904 accidit
835 869 924 916 quod
937 871 1097 904 cernimus
1107 870 1140 905 in
1149 882 1223 905 aere
1235 899 1244 913 ‚
1257 874 1312 919 qui
1325 877 1436 920 juncos

47 917 152 953 libere
176 929 343 966 permeat,
367 931 478 966 neque
503 931 558 953 eos
573 929 782 961 commovet,
798 930 879 965 quos
897 929 1006 952 tamen
1019 930 1102 966 aqua
1115 930 1358 967 praetercurrens
1371 925 1437 972 jugi

47 979 143 1002 motu
158 969 315 1016 exagitat.
338 966 420 1002 Illud
429 979 562 1014 qnoque
577 966 844 1003 satis1veris1mile
859 966 942 1002 mihi
963 967 1108 1012 videtur,
1132 969 1222 1016 quod
1246 969 1312 1004 fuse
1326 971 1436 1019 prose-

47 1019 158 1064 quitur
171 1020 214 1052 D.
239 1017 408 1059 Pserrauit,
427 1028 465 1051 ea
477 1014 538 1052 effe
559 1015 655 1052 fluida
670 1016 802 1064 velquae
826 1016 971 1051 rotundis
991 1017 1140 1052 constant
1159 1017 1347 1065 corpusculis
1362 1049 1372 1063 ,
1389 1024 1438 1056 uti

46 1069 114 1113 jam
134 1065 270 1099 diximus
282 1092 292 1107 ,
307 1064 361 1099 vel
376 1076 516 1111 quorum·
532 1076 643 1113 partes
659 1068 757 1100 etiam
779 1064 940 1112 planiores
956 1066 1127 1113 interjectu
1148 1066 1273 1115 alicujus
1292 1073 1436 1117 corporis

45 1113 136 1149 fluidi
154 1112 183 1148 se
209 1124 352 1155 arantur,
372 1125 406 1147 ut
417 1125 501 1160 aqua
511 1113 597 1148 forte
611 1142 619 1157 ,
634 1119 667 1150 &
680 1114 733 1148 alii
751 1113 903 1160 liquores.
920 1115 1010 1149 Nam
1027 1126 1101 1148 cum
1118 1118 1266 1150 exomni
1280 1116 1349 1151 fere
1366 1129 1438 1153 corr

47 1173 129 1210 pore
147 1126 434 1209 effluviaq'uaedam
444 1163 650 1198 continenter
667 1173 860 1210 erumpant,
875 1174 942 1208 quas
958 1161 1046 1196 simul
1062 1163 1192 1198 confusa
1203 1192 1213 1207 ‚
1226 1163 1291 1198 alia
1329 1178 1437 1214 uoque

47 1209 185 1247 subeunt
195 1222 336 1257 corpora
347 1239 356 1253 ‚
369 1212 401 1245 in
413 1212 447 1244 iis
458 1210 594 1258 persaepe
605 1211 800 1246 fluiditatem
813 1208 972 1246 efficiunt.
988 1211 1074 1244 Cum
1087 1213 1195 1258 itaque
1208 1178 1356 1248 volatiles
1376 1215 1437 1250 illae

48 1271 155 1308 partes
167 1260 375 1294 continenter
396 1260 419 1294 ὲ·
430 1258 624 1305 quibusdam
647 1258 834 1308 corporibus
852 1270 1086 1308 prorumpant,
1099 1259 1168 1294 al-iae
1183 1261 1299 1296 itidem
1321 1264 1354 1297 in
1380 1275 1437 1298 ea-

48 1321 118 1344 xum
129 1307 241 1344 locum
251 1306 385 1342 subeant
398 1323 406 1350 3
421 1307 495 1342 hinc
510 1306 547 1343 fit
559 1319 594 1343 ut
611 1320 717 1357 partes
737 1311 836 1342 etiam
849 1307 1009 1355 planiores
1025 1321 1055 1344 v.
1066 1321 1111 1357 gr.
1130 1321 1220 1356 aquae
1237 1312 1339 1345 minus
1352 1315 1436 1347 inter

48 1356 80 1392 se
99 1356 292 1392 cohaereant.
310 1357 352 1391 At
369 1355 389 1390 si
401 1355 480 1391 illud
491 1359 724 1392 commercium
736 1356 924 1392 inhibeatur
936 1385 944 1398 ‚
958 1369 1019 1392 nec
1036 1370 1101 1405 prae
1114 1357 1233 1406 frigore
1248 1364 1281 1395 ὅ(
1297 1358 1437 1396 siccitate

49 1406 133 1439 aeris
150 1406 330 1439 communia
341 1404 396 1439 illa
410 1405 594 1452 corpuscula
613 1418 650 1440 ex
675 1405 744 1439 aliis
771 1402 959 1453 corporibus
980 1406 1131 1454 decerpi,
1151 1412 1185 1443 ὅ(
1202 1419 1318 1454 aquam
1333 1408 1437 1449 subire

49 1451 167 1503 poffint
181 1467 190 1495 3
209 1463 277 1487 tum
293 1465 381 1500 aquae
398 1452 562 1500 particulae
574 1453 735 1502 planiores
753 1452 876 1488 subtilis
886 1455 966 1487 aeris
979 1455 1122 1502 pondere
1140 1468 1250 1490 mutuo
1262 1454 1319 1490 fibi
1332 1459 1437 1507 appli-

50 1506 210 1587 canturs&
225 1501 342 1548 glacies
357 1500 502 1539 efficitur.
512 1507 637 1540 Verum
650 1503 710 1538 ista
724 1502 805 1539 fient
818 1501 964 1551 planiora
975 1515 1016 1539 ex
1033 1505 1070 1537 iis
1083 1517 1154 1552 quae
1168 1505 1207 1540 de
1219 1504 1372 1542 firmitate
1387 1509 1436 1542 dr-

51 1552 132 1586 &uti
147 1568 151 1580 =
167 1562 270 1586 umus.

559 1601 590 1637 C
611 1601 690 1637 ΑΡ
713 1603 748 1639 U
768 1601 798 1636 T
852 1602 920 1638 11:-

533 1685 588 1716 De
597 1681 757 1728 firmitate
773 1682 811 1717 ὠ
821 1682 976 1727 siccitate,
990 1710 994 1714 -

49 1748 150 1833 EX
166 1747 203 1782 fis
215 1759 282 1794 quae
295 1747 333 1782 de
348 1747 542 1781 humiditate
553 1752 586 1783 &
605 1745 766 1782 fluiditate
784 1747 869 1782 dista
885 1748 974 1792 sunt,
991 1749 1088 1784 facile
1114 1748 1292 1798 colligimus
1315 1753 1348 1785 in
1368 1762 1435 1799 quo

82 1813 86 1819 ·
119 1794 265 1831 siccitatis
278 1801 311 1833 ὅ(
325 1797 453 1830 duritiei
467 1824 476 1838 ,
491 1793 542 1829 seu
552 1795 714 1830 firmitatis
725 1807 837 1831 natura
848 1796 948 1844 polita
961 1798 997 1833 fit
1007 1827 1017 1841 ,
1040 1810 1176 1845 quaeque
1197 1798 1255 1833 fint
1270 1799 1350 1835 illius
1364 1813 1437 1835 cau-

51 1845 101 1881 sae.
111 1847 200 1882 Nam
215 1844 235 1880 si
253 1844 378 1893 liquida
391 1856 526 1892 corpora
540 1842 686 1879 efficiunt
696 1847 834 1893 partium
851 1849 1007 1894 exiguitas
1020 1876 1028 1890 ,
1041 1846 1140 1895 figura
1152 1875 1161 1888 ‚
1173 1858 1295 1882 textura
1310 1850 1349 1882 ad
1368 1862 1438 1884 mo-

53 1904 121 1928 tum
145 1894 292 1941 expedita
307 1922 317 1936 ‚
336 1898 368 1930 &
397 1905 505 1927 motus
541 1893 605 1941 ipse
633 1893 675 1927 ab
695 1894 834 1938 aethere,
861 1896 914 1929 vel
936 1908 1034 1939 aere,
1060 1895 1114 1931 vel
1133 1895 1268 1931 humore
1285 1899 1437 1933 intercur-

56 1952 149 1976 rente
166 1942 330 1987 profeems
349 1955 356 1977 :
375 1941 452 1976 illud
466 1941 513 1976 est
541 1954 617 1976 vero
642 1945 822 1990 proximum
839 1971 849 1986 ,
869 1942 961 1979 firma
973 1957 1108 1993 corpora
1132 1945 1273 1980 constare
1291 1947 1437 1994 partibus

57 1987 256 2025 craffiusculis
272 2017 282 2031 ‚
303 1990 342 2023 ad
361 2001 485 2025 motum
495 1991 599 2025 minus
623 1991 748 2026 idoneis
763 2021 772 2036 ‚
789 2004 859 2039 quae
882 1994 915 2028 in
933 1995 1123 2029 minutiores
1144 1993 1239 2028 facile
1259 1994 1356 2030 secari
1370 2009 1438 2031 non

55 2036 202 2085 possunt:
217 2042 249 2074 &-
261 2050 329 2084 quo
343 2043 476 2084 majores
494 2051 552 2086 pro
572 2039 657 2074 mole
667 2039 718 2075 sua
729 2040 851 2076 habent
866 2039 1044 2091 superficies
1059 2072 1070 2087 ,
1082 2043 1146 2078 hoc
1164 2042 1204 2077 ad
1215 2045 1438 2080 immediatum

53 2086 244 2121 contactum
258 2114 267 2129 ,
282 2091 314 2122 δε
329 2084 487 2121 firmitatis
504 2087 619 2122 statum
632 2087 702 2123 sunt
721 2092 874 2138 aptiores,
1305 2098 1308 2102 '

102 2137 147 2170 Ex
165 2136 204 2169 iis
221 2147 292 2183 quae
321 2134 532 2182 microscopio
555 2137 588 2170 in
609 2135 702 2184 lignis
727 2139 915 2184 petrefaffis
939 2141 1096 2176 cernimus
1118 2139 1195 2176 licet
1216 2144 1376 2189 conjicere
1392 2170 1402 2184 ,
1417 2141 1436 2177 ὲ

56 2182 156 2232 figura
174 2189 207 2220 &
225 2195 378 2219 contextu
387 2186 525 2231 partium
539 2184 686 2219 duritiem
697 2184 789 2221 effici.
809 2190 897 2224 Nam
910 2189 988 2237 ligni
1011 2188 1110 2224 frusta
1122 2192 1154 2224 in
1169 2190 1290 2236 lapides
1301 2202 1437 2224 conver-

53 2231 84 2267 sa
99 2245 172 2267 cum
192 2231 403 2281 microscopio
418 2233 602 2281 diligentius
622 2235 784 2269 intuemur
795 2265 804 2279 ‚
821 2249 916 2284 poros
931 2239 1048 2273 eodem
1066 2239 1135 2273 fere
1154 2238 1253 2272 modo
1267 2267 1275 2280 ‚
1290 2249 1388 2285 atque
1403 2241 1435 2273 in

52 2281 196 2316 carbone
214 2280 376 2328 dispositos
402 2281 611 2330 conspicimus
634 2310 643 2325 ,
666 2294 817 2330 tanquam
836 2285 999 2321 subnioras
1017 2285 1154 2321 maculas
1170 2285 1276 2322 :adeo
1288 2297 1323 2321 ut
1346 2299 1435 2321 mea-

55 2339 104 2365 tus
116 2330 192 2379 ligni
203 2329 411 2378 petrescentis
426 2329 605 2368 acceffione
619 2334 745 2369 extrarii
757 2332 898 2372 humoris
907 2316 1015 2373 sevnfim
1025 2335 1153 2370 distenti
1169 2334 1434 2380 videantur,tum·-

204 2379 293 2421 Tom.
328 2382 376 2431 1l3
1214 2386 1242 2419 G
1253 2397 1274 2433 g
