1878 2724
383 142 405 165 0
913 123 939 160 P
952 123 988 160 H
1001 123 1064 160 ΥΒ
1076 123 1133 161 1C
1142 122 1182 159 ΑΞ

341 138 472 214 sshdinis
484 204 494 220 ‚
509 187 578 223 quae
589 176 620 212 in
637 171 859 223 funependulo
871 184 928 208 aut
944 175 979 209 in
989 184 1147 222 campana
1159 172 1244 207 ratio
1257 170 1396 210 obtinet.

384 227 469 262 Haec
483 227 569 259 enim
588 236 662 258 cum
676 234 837 259 recurrere
853 220 1004 271 incipit,fi
1016 220 1175 259 leviffimo
1193 222 1260 259 ὶᾶιι
1275 234 1336 272 pro
1361 221 1470 259 ellitur
1480 250 1491 267 ,
1509 235 1602 272 aequo
1617 224 1743 278 semper

343 277 472 322 impetu
483 275 604 320 agitata
621 270 821 319 aequabilem
835 272 903 307 edit
921 270 1045 307 sonum.
1073 273 1126 308 Sic
1138 269 1268 308 vibrata
1290 234 1457 307 :effudinis
1467 272 1588 309 chorda
1604 275 1744 324 reliquas

343 323 477 371 quidem
492 320 606 356 leniter
620 324 907 369 commovet,‘quae
917 322 1042 357 iteratis
1054 319 1172 357 ictibus
1184 333 1258 356 cum
1264 324 1331 365 jam
1341 318 1477 357 recursus
1488 321 1558 358 suos
1569 325 1745 372 occipiunt,

345 371 440 407 instar
453 382 617 419 campanie
638 372 739 420 magis
759 382 796 410 ac
809 372 911 418 magis
927 373 1111 420 agitantur:
1126 373 1170 405 ita
1183 382 1220 405 ut
1231 369 1393 406 crescente
1405 373 1532 420 impetu
1552 372 1684 409 tandem
1694 372 1745 417 so-

344 430 401 456 net
420 417 540 454 chorda
551 447 560 463 ‚
576 431 632 457 aut
648 418 762 456 saltem
772 431 901 464 tremat,
916 418 1143 468 &impositam
1153 419 1332 455 chartulam
1342 417 1431 455 simili
1441 432 1536 457 motu
1553 424 1705 469 exagitet.

382 468 476 503 Idem
504 467 574 503 fere
604 470 722 504 accidit
747 482 820 505 cum
848 468 975 509 duobus
1004 469 1130 518 scyphis
1159 481 1242 515 aqua
1263 468 1463 507 infunditur:
1489 481 1560 507 tum
1587 473 1675 506 enirn
1694 471 1745 506 di·

343 519 416 567 gito
431 519 464 552 in
474 515 591 552 orbem
604 518 679 554 asto
688 530 772 566 aqua
786 521 819 554 in
830 530 969 567 utroque
987 529 1144 554 contenta
1154 517 1311 567 crispatur
1323 547 1333 562 ,
1346 531 1383 553 ac
1421 518 1469 554 lus
1492 517 1636 555 minusve
1656 532 1745 568 aquae

344 569 402 602 uni
412 566 557 615 adjicitur
569 596 578 611 ,
590 567 695 606 donec
704 569 744 606 ad
755 568 927 604 unisonum
938 566 1039 604 ambo
1050 567 1242 603 reducantur
1253 568 1359 616 :quod
1370 581 1389 603 u
1416 569 1427 602 i
1437 567 1474 604 fit
1482 597 1492 613 ‚
1507 566 1528 605 fi
1538 568 1691 604 aciculam
1701 572 1745 605 in-

344 615 461 653 flexam
475 618 566 650 unius
577 615 687 665 scyphi
700 619 838 666 margini
848 619 1011 666 aptaveris
1024 647 1032 661 ‚
1051 629 1126 652 cum
1137 616 1268 652 alterius
1284 618 1362 653 vitri
1370 620 1529 667 margines
1540 618 1644 667 digito
1657 618 1746 653 cele-

346 667 409 700 rius
426 676 520 702 moto
532 666 678 714 presseris
691 695 700 709 ,
714 678 784 707 tum
799 668 914 702 intueri
928 666 1042 705 licebit
1055 665 1213 702 aciculam
1232 668 1331 715 priori
1352 669 1438 702 vitro
1461 665 1644 716 impositam
1657 668 1747 703 velut

345 714 386 748 ad
401 726 554 755 numeros
566 714 772 751 saltitantem.
798 715 880 750 Illud
895 728 972 752 anre
989 728 1109 764 paucos
1125 727 1229 752 annos
1247 717 1280 750 in
1299 716 1476 752 Academia
1489 714 1682 752 advertebat
1696 719 1746 753 vir

348 761 470 799 Clariis
482 767 525 800 D.
537 763 691 808 Blondel,
710 777 829 813 aquam
847 766 880 800 in
895 764 1037 815 scypho,
1063 769 1148 813 cujus
1167 763 1258 799 labra
1277 765 1382 814 digito
1405 777 1593 814 premuntur
1615 764 1654 800 fic
1672 765 1746 801 cris.

347 814 438 860 pari,
452 825 488 848 nt
508 825 582 848 cum
601 811 694 848 sonus
708 816 747 848 ad
762 814 914 849 octavam
929 816 1099 863 pervenit,
1117 815 1212 863 parvi
1224 815 1258 850 in
1279 826 1363 864 aqua
1386 815 1495 851 circuli
1523 813 1744 865 conduplicari

347 873 525 909 appareant
537 891 547 904 ,
564 862 653 909 quod
671 874 777 898 motus
790 862 826 898 sit
844 863 944 911 duplo
960 863 1116 898 velocior.

382 912 471 946 Hinc
484 913 583 946 etiam
597 910 678 945 illius
696 923 772 947 ante
787 911 912 959 aliquot
923 923 1024 948 annos
1036 911 1117 947 faeti
1135 914 1350 959 experimenti
1370 915 1453 947 ratio
1473 913 1547 948 duci
1564 914 1668 961 potest
1680 942 1691 958 ,
1711 916 1746 950 in

346 973 414 1008 quo
434 960 568 1007 quidem
585 958 719 1008 scyphus
738 973 779 996 ex
807 960 877 995 rudi
895 965 929 998 δε
950 959 1048 995 crasso
1064 962 1150 996 vitro
1167 960 1231 1001 sola
1246 973 1327 996 voce
1348 961 1572 1011 confringitur.
1601 965 1746 1001 Primum

347 1011 435 1043 enim
448 1009 488 1042 ad
506 1020 604 1054 quem
617 1008 710 1043 velut
721 1021 837 1044 tonum
849 1021 955 1056 partes
970 1011 1046 1043 vitri
1058 1007 1116 1044 fint
1126 1009 1312 1057 compositae
1326 1022 1365 1044 ex
1381 1009 1445 1044 levi
1458 1011 1567 1045 talitro
1576 1039 1586 1055 ,
1598 1023 1654 1052 aut
1668 1013 1745 1060 digi.

348 1060 372 1092 ti
393 1055 591 1105 percuffione
604 1056 788 1105 exploratur
802 1074 811 1101 3
826 1070 893 1092 tum
907 1069 972 1092 vox
986 1056 1051 1106 ipsa
1065 1057 1140 1092 huic
1152 1068 1234 1093 tono
1250 1058 1497 1093 accommodata
1507 1086 1517 1102 ,
1537 1064 1571 1095 &
1590 1060 1744 1107 paulatim

347 1107 440 1142 aucta
458 1106 537 1140 dum
567 1103 653 1140 ultra
681 1108 833 1143 octavam
857 1107 1030 1154 perveniat
1053 1133 1064 1150 ,
1085 1107 1131 1141 ita
1143 1117 1250 1154 partes
1268 1108 1345 1142 vitri
1373 1109 1497 1150 iteratis
1525 1108 1643 1143 ictibus
1668 1109 1747 1146 ferit

347 1160 382 1192 &
401 1154 541 1190 tremulo
556 1165 650 1189 motu
665 1158 827 1204 exagitat,
841 1167 877 1190 ut
887 1156 1079 1204 opportunis
1089 1154 1190 1203 plagis
1208 1184 1218 1198 ,
1231 1156 1510 1201 quemadmodum
1520 1156 1561 1192 de
1584 1157 1747 1207 funepen-

347 1204 445 1248 dulo,
464 1216 517 1239 aut
534 1216 693 1252 campana
711 1206 864 1248 diximus,
879 1202 1026 1252 perculsa:
1043 1203 1176 1240 tandem
1191 1203 1350 1242 diffiliant.
1372 1205 1436 1241 Sed
1452 1204 1586 1254 scyphus
1598 1206 1745 1255 aequabi-

346 1253 421 1289 liter
431 1251 467 1288 sir
485 1251 581 1287 tersus
591 1281 600 1295 ,
614 1265 682 1288 non
695 1253 790 1290 lineis
807 1265 861 1288 aur
876 1253 956 1288 striis
970 1264 1140 1288 excavatus
1159 1281 1170 1296 ,
1184 1265 1240 1288 aut
1262 1253 1395 1298 incisus;
1409 1266 1446 1288 ac
1465 1255 1571 1303 digito
1586 1255 1745 1304 percussus

347 1301 461 1338 sonum
478 1302 554 1337 edat
571 1315 638 1337 non
653 1304 696 1337 ita
716 1315 847 1339 acutum
863 1332 873 1348 ‚
892 1314 928 1339 ut
944 1314 1018 1338 eum
1039 1314 1108 1339 vox
1126 1305 1269 1338 canentis
1287 1302 1406 1352 affequi
1423 1331 1434 1347 ,
1448 1315 1502 1339 aut
1518 1302 1665 1354 superare
1688 1309 1742 1342 vix

347 1363 459 1400 queat.

395 1403 478 1437 Non
490 1401 552 1437 alia
568 1403 703 1450 quidem
716 1404 841 1437 ratione
855 1402 999 1438 rotundae
1018 1414 1181 1452 campanae
1195 1412 1251 1436 aut
1266 1400 1351 1437 tubae
1367 1399 1467 1451 figura
1480 1400 1657 1450 aequabiles
1673 1402 1744 1440 effi-

347 1452 394 1485 cit
433 1449 633 1487 vibrationes
643 1481 653 1496 ,
672 1463 745 1498 quae
774 1450 837 1486 sese
860 1463 975 1486 mutuo
989 1453 1156 1501 adjrivanr.
1192 1452 1283 1488 Hinc
1312 1450 1403 1486 sonus
1433 1453 1584 1500 vegetior
1607 1458 1643 1490 ὃ(
1672 1466 1745 1503 gra-

349 1502 411 1534 tior
427 1514 434 1534 :
456 1513 532 1535 nam
553 1500 752 1536 vibrationes
772 1512 826 1535 aut
841 1500 980 1549 aequales
991 1513 1047 1536 aut
1062 1499 1121 1536 sibi
1137 1502 1281 1536 invicem
1295 1498 1534 1537 consentientes
1551 1500 1615 1537 sese
1632 1513 1745 1539 mutuo

346 1550 521 1586 intendunt
538 1565 545 1586 ε
572 1549 659 1586 sicin
676 1552 889 1598 pneumaticis
907 1553 1035 1598 organis
1053 1549 1122 1586 tubi
1136 1548 1307 1598 inaequales
1326 1578 1336 1593 ‚
1360 1548 1412 1584 sed
1426 1549 1560 1586 consoni
1576 1552 1609 1586 in
1625 1551 1743 1587 eodem

348 1598 438 1634 velut
451 1600 568 1635 ordine
587 1598 806 1647 disponuntur,
820 1612 888 1647 quo
901 1604 1058 1649 majorem
1069 1600 1169 1636 edant
1182 1600 1304 1634 sonum.
1331 1602 1367 1634 In
1383 1597 1463 1633 tuba
1474 1628 1485 1642 ,
1501 1601 1599 1635 autin
1614 1611 1746 1648 campa..

348 1659 391 1684 na
409 1646 493 1695 quasi
503 1661 655 1684 tonorum
667 1650 833 1696 congeries
843 1649 1148 1697 deprehenditur,ex
1160 1647 1276 1696 quibus
1294 1659 1406 1684 tamen
1415 1660 1493 1683 unus
1502 1647 1593 1684 velut
1610 1654 1644 1686 δι
1656 1650 1743 1684 inte-

349 1709 406 1744 ger
418 1708 511 1732 tonus
523 1698 649 1747 prodit:
660 1710 736 1733 nam
747 1696 815 1732 suus
825 1698 872 1731 est
889 1700 1007 1745 cuique
1026 1698 1144 1734 circulo
1163 1695 1322 1741 tonus,sed
1335 1700 1391 1745 qui
1407 1699 1490 1732 inter
1502 1697 1533 1732 se
1553 1697 1743 1742 consonant,

349 1745 447 1780 facile
461 1758 525 1781 una
535 1751 789 1795 conjunguntur:
809 1760 882 1782 cum
896 1746 1055 1782 discordes
1070 1746 1134 1782 sese
1148 1759 1262 1782 mutuo
1279 1745 1447 1782 obscurent
1465 1751 1499 1784 δι
1512 1746 1645 1782 elidant.
1671 1749 1743 1795 Qi

350 1807 458 1829 autern
471 1797 504 1830 in
524 1808 679 1844 campana
691 1794 808 1831 fortius
826 1796 1043 1844 percelluntur
1056 1797 1183 1841 circuli,
1200 1795 1285 1832 illius
1303 1808 1418 1832 tonum
1435 1798 1572 1832 omnino
1589 1796 1744 1831 determi-

350 1855 450 1879 nant:
470 1856 545 1878 nam
564 1847 596 1879 in
611 1845 732 1879 summa
751 1856 842 1892 parte
854 1842 992 1892 perculsa
1009 1848 1187 1880 acutiorem
1200 1874 1210 1888 ,
1221 1847 1256 1880 in
1265 1847 1330 1880 ima
1344 1844 1527 1892 pleniorem
1539 1843 1650 1880 sonum
1663 1844 1741 1879 edit.

350 1890 505 1928 Addebat
514 1892 592 1926 illud
601 1905 733 1939 quoque
743 1906 808 1927 non
819 1895 864 1927 ita
874 1894 1000 1940 pridem
1012 1894 1058 1930 D.
1069 1895 1234 1928 Marione
1246 1895 1277 1927 in
1289 1891 1368 1928 tuba
1389 1891 1507 1927 bellica
1519 1903 1697 1929 extremam
1707 1898 1743 1931 δε

350 1939 504 1980 latiorem
518 1952 640 1987 partem
662 1952 730 1975 rum
743 1952 969 1983 tremere,cum
980 1941 1076 1977 sonus
1090 1941 1137 1976 est
1146 1943 1281 1992 gravior
1292 1959 1301 1986 3
1314 1953 1350 1977 ut
1365 1941 1473 1977 media
1488 1954 1558 1990 pars
1573 1941 1657 1977 tubae
1675 1942 1743 1981 freq

351 1991 516 2033 mir,cum
527 2001 624 2024 tonus
639 1991 762 2024 acutior
773 1989 819 2023 est
842 1990 930 2027 &ad
957 2002 1031 2025 eum
1053 2002 1168 2026 tonum
1193 1993 1248 2039 qui
1262 1991 1416 2039 diapente
1436 1990 1554 2027 dicitur
1574 1993 1742 2039 pervenit:

351 2037 506 2079 tremulus
525 2050 602 2072 vero
624 2050 731 2075 motus
743 2041 774 2074 in
785 2040 902 2074 octava
917 2038 1090 2088 superiores
1103 2039 1188 2075 tubae
1208 2051 1315 2088 partes
1331 2040 1486 2077 concutit.

386 2090 426 2122 In
450 2086 527 2121 ruba
545 2086 665 2122 bellica
680 2091 750 2123 toni
774 2090 911 2122 mutatio
933 2088 987 2124 vel
1001 2101 1042 2124 ex
1063 2088 1226 2125 labiorum
1242 2087 1476 2139 compreffione
1491 2100 1562 2136 quae
1574 2091 1744 2127 contrasta

349 2138 532 2173 acutiorem
543 2165 551 2180 ‚
567 2136 689 2172 laxiora
705 2136 886 2184 pleniorem
905 2135 1018 2174 sonum
1031 2140 1208 2184 emittunt,
1224 2139 1326 2174 velex
1339 2140 1427 2174 varia
1438 2137 1562 2187 spiritus
1579 2138 1742 2186 impulsio-

351 2198 392 2222 ne
403 2185 532 2234 pendet.
554 2187 606 2220 Sic
626 2188 658 2220 in
669 2188 781 2234 organi
798 2189 995 2233 pneumatici
1017 2187 1169 2232 tubis,ut
1189 2188 1309 2238 lingula
1331 2187 1430 2236 vulgo
1453 2187 1574 2222 l'anche
1587 2218 1596 2233 ‚
1609 2188 1741 2228 brevior

352 2235 396 2270 est
410 2241 443 2272 δε
465 2235 617 2283 rigidior,
632 2233 743 2270 sonum
761 2248 889 2282 quoque
910 2235 1114 2273 intensiorem
1135 2238 1239 2272 reddit
1253 2268 1263 2281 ‚
1288 2237 1375 2283 quod
1390 2235 1660 2283 vibrationessint
1671 2248 1741 2271 cre-

353 2283 489 2325 briores3
500 2296 640 2331 cumque
656 2284 775 2332 lingula
788 2285 834 2319 est
851 2283 1026 2335 oblongior
1037 2315 1047 2329 ,
1064 2286 1244 2325 pleniorem
1257 2286 1354 2322 efficit
1364 2285 1473 2321 sonum
1487 2301 1497 2323 ι
1510 2284 1633 2321 etiamsi
1643 2284 1740 2320 tubus

352 2331 388 2366 sir
399 2332 528 2367 brevior
544 2362 553 2374 ,
567 2345 622 2368 aut
633 2333 747 2369 debilis
759 2331 956 2382 fitimpulfio.
977 2338 1013 2370 ln
1032 2335 1133 2372 fistula
1147 2336 1247 2385 vulgo
1259 2336 1490 2383 leflageolet,in
1503 2335 1582 2370 tibia
1600 2337 1740 2369 Germa-

351 2382 424 2417 nica
435 2383 527 2417 aucto
540 2380 649 2432 spiritu
660 2395 755 2419 tonus
769 2385 967 2429 incrementa
978 2385 1077 2430 subin
1092 2386 1180 2423 idem
1189 2388 1223 2423 in
1236 2385 1319 2422 rubis
1334 2384 1460 2422 bellicis
1475 2384 1529 2429 usu
1543 2386 1635 2427 venit
1645 2398 1653 2421 :
1664 2395 1740 2421 nam
