1878 2724
167 165 198 204 sa
207 166 675 212 candidaocnumerosa,cum
690 168 773 205 satur
785 168 832 202 est
845 197 857 212 ,
874 168 927 204 sed
945 171 977 204 in
990 174 1101 217 jejuno
1126 167 1199 204 vasa
1222 170 1265 206 sui
1285 174 1413 220 copiam
1439 185 1503 209 non
1524 143 1574 210 fii?

166 218 275 262 ciunt3
292 231 354 255 nec
371 230 478 255 motus
491 217 936 268 peristalticusintestinotum
947 219 1165 254 animadverti
1201 220 1292 256 otest.
1309 223 1372 257 Sed
1385 221 1439 257 ubi
1454 222 1571 273 sangui.

165 278 244 303 nem
262 266 360 304 haufit
374 297 384 312 ,
399 280 468 304 tum
482 267 650 305 manifeste
660 266 690 302 se
707 267 818 316 prodit
829 296 839 310 ‚
851 273 885 305 &
896 268 1034 317 digestio
1044 267 1081 304 fit
1099 232 1243 304 citissipme
1260 283 1351 306 :nam
1364 276 1397 308 δε
1416 273 1507 321 nigra
1519 286 1570 308 re-

165 327 333 352 crementa
342 319 409 352 cito
422 319 534 366 ejicit,
550 322 585 355 ὃς
596 316 668 352 vasa
684 315 787 353 laetea
806 315 943 352 humore
957 317 1078 353 referta
1098 316 1152 352 sub
1170 317 1322 354 obtutum
1340 322 1488 358 veniunt.

206 367 329 403 Eadem
344 379 428 414 pene
453 366 499 401 est
517 368 610 415 origo
627 365 739 414 pulicis
752 395 761 410 ,
782 365 835 400 sed
853 367 1005 402 structura
1019 365 1172 402 dissimilis
1185 385 1193 412 3
1206 368 1252 402 cst
1268 372 1356 405 enim
1378 369 1468 406 velut
1477 370 1572 419 squa-

163 418 225 453 mis
238 415 386 451 loricatus
400 415 571 465 praelongis
588 414 731 451 cruribus
749 416 901 464 praeditus
915 445 924 459 ,
947 428 1020 464 quae
1043 416 1238 465 complicata
1255 417 1369 454 subito.
1392 419 1545 456 distendit
1561 438 1568 459 ι

162 465 239 502 hinc
253 465 347 500 saltus
362 466 447 505 adeo
456 477 587 514 magnus
599 480 608 508 3
622 464 747 500 duobus
764 477 898 513 quoque
913 465 1014 500 oculis
1028 479 1095 501 non
1112 467 1291 502 invenustis
1306 469 1458 504 donatur.
1482 471 1568 506 Infra

162 514 275 550 oculos
288 515 335 549 est
346 517 466 550 cavitas
483 515 630 562 quaedam
642 516 675 549 in
684 526 746 564 qua
758 517 862 549 tenuis
874 515 1024 563 quaedam
1036 515 1189 551 laminula
1200 516 1381 552 identidem
1390 521 1505 566 agitari
1518 523 1568 555 vi-

161 564 256 599 detur
269 576 384 612 3atque
396 563 443 599 ibi
455 564 585 599 auditus
595 576 753 613 organum
766 563 963 599 collocatum
974 563 1142 614 suspicatur
1154 566 1260 613 Autor
1277 565 1433 604 laudatus.
1458 571 1493 604 In
1511 582 1569 605 an-

161 616 281 648 tetiore
293 613 505 663 capitis'parte
516 616 702 662 prominent
713 614 777 648 duo
789 613 878 649 velut
890 626 1008 649 cornua
1018 626 1157 662 quatuor
1164 616 1443 652 articulationibus
1454 618 1569 655 devin-

157 663 211 697 sta
222 674 292 710 quae
307 661 440 699 forsitan
457 663 529 699 sunt
542 663 682 699 olfaems
697 675 865 712 organum.
887 666 976 699 Inter
988 675 1165 712 utrumque
1176 667 1266 700 extat
1282 665 1446 714 proboscis
1465 695 1475 710 ‚
1499 680 1567 715 qux

160 711 277 746 tubulo
292 712 462 750 constat&
479 712 607 762 lingua,
627 725 698 760 quae
714 712 902 762 sanguinem
921 711 1043 761 exsugit
1058 728 1066 749 :
1083 726 1161 749 nam
1185 713 1272 749 foras
1297 714 1360 750 sese
1378 718 1493 753 exerit.
1515 720 1565 754 Os

157 773 292 809 quoque
307 761 429 797 duabus
440 761 531 798 velut
548 762 684 797 maxillis
699 761 768 797 fere
781 774 818 797 ut
831 763 864 798 in
875 762 1021 797 formicis
1036 763 1231 798 instructum
1245 764 1299 801 est.
1311 766 1432 813 Neque
1443 765 1566 802 abhor-

157 810 239 846 retii
253 809 504 856 verisimili‚ote
513 809 579 860 ipso
594 812 680 847 velut
690 810 839 846 forficula
855 815 887 847 in
897 811 1014 847 orbem
1031 823 1158 848 tornata
1167 815 1232 848 cuti
1243 814 1356 849 vulnus
1373 813 1491 865 infligi.
1502 819 1564 852 At-

157 872 223 908 que
243 859 292 895 hae
310 870 415 909 partes
439 873 513 896 cum
534 863 617 905 inter
633 863 797 896 anteriora
815 873 904 896 crura
916 861 1125 906 delitescant,
1152 863 1207 897 vix
1226 861 1354 911 polsunt
1367 865 1468 899 oculis
1488 864 1563 901 sub·

171 921 223 945 ici.

156 924 166 958 ‚
189 960 325 994 Omitto
339 956 506 1007 pediculos
521 959 578 1006 qui
592 956 661 992 aliis
679 956 783 993 insunt
794 957 1013 994 animantibus
1027 987 1037 1002 ‚
1052 969 1093 994 ne
1110 959 1237 995 insectis
1262 959 1397 1007 quidem
1419 961 1558 1006 ominis,

152 1006 267 1054 quales
285 1007 366 1042 olim
382 1010 415 1042 in
435 1006 540 1041 musca
555 1007 837 1053 deprehendimus.
860 1009 972 1055 Atque
991 1007 1258 1044 verifimillimum
1288 1009 1414 1045 videtur
1434 1011 1495 1046 hor
1504 1026 1559 1048 um

153 1058 302 1091 omnium
313 1056 450 1090 eandem
459 1054 556 1103 plane
567 1053 627 1090 ess'e
637 1057 808 1105 originem:
820 1056 919 1103 Cujus
935 1059 1063 1106 generis
1081 1057 1152 1093 suot
1171 1059 1283 1102 ricini,
1299 1071 1330 1094 v.
1350 1062 1476 1107 tiques,
1499 1065 1559 1110 qui

153 1117 265 1139 vaccas
283 1110 316 1141 δι
328 1116 425 1140 canes
438 1103 601 1139 infestant.
844 1133 850 1138 .

155 1183 163 1190 .
189 1154 362 1189 Godartius
383 1155 416 1189 iu
436 1152 520 1188 hunc
537 1165 705 1189 numerum
720 1153 823 1189 refert
842 1154 1027 1203 pediculum
1039 1158 1224 1204 aquaticum
1242 1158 1300 1204 qui
1328 1158 1362 1192 in
1384 1159 1475 1205 aquis
1499 1159 1555 1194 sta.

150 1201 322 1249 gnantibus
335 1202 488 1250 frequens
497 1204 648 1238 occurrit.
665 1205 761 1240 Hunc
771 1206 949 1244 accuratius
963 1216 999 1239 ut
1016 1218 1131 1240 caetera
1150 1205 1302 1240 describit
1319 1208 1362 1241 D.
1377 1208 1554 1242 vaamer-

151 1243 239 1289 Ham.
253 1251 405 1288 Pediculo
414 1252 545 1300 quidem
564 1264 632 1287 non
644 1251 794 1288 absimilis
805 1265 938 1302 apparet
952 1266 1025 1289 cum
1042 1258 1121 1290 citra
1135 1254 1381 1303 microscopium
1397 1256 1553 1306 conspici-

152 1313 212 1337 tur.
240 1302 304 1336 Sed
335 1313 448 1337 revera
470 1300 568 1350 longe
589 1300 631 1336 ab
647 1313 688 1336 eo
715 1303 828 1346 distat,
860 1308 892 1340 &
920 1303 1018 1352 pulici
1036 1302 1165 1340 similior
1186 1305 1251 1348 est3
1270 1305 1370 1340 rostro
1384 1334 1393 1348 ,
1420 1310 1454 1343 &
1476 1319 1556 1342 ocu-

151 1350 191 1385 lis
227 1351 376 1387 donatur.
423 1353 448 1386 E
479 1352 614 1399 peetore
646 1349 779 1398 brachia
821 1354 1011 1400 prominent
1045 1355 1077 1388 in
1109 1353 1250 1389 formam
1283 1353 1407 1389 arboris
1450 1355 1550 1391 divisa

151 1403 185 1436 in
213 1412 319 1434 ramos
334 1417 343 1445 3
372 1400 439 1435 haec
462 1402 494 1435 in
523 1412 636 1435 omnes
668 1396 784 1448 partes'
802 1414 915 1437 movet
936 1418 944 1445 ;
987 1403 1150 1438 interdum
1177 1415 1270 1438 motu
1299 1402 1445 1452 inaequali
1479 1404 1549 1440 fere

150 1461 185 1485 ut
216 1448 350 1498 pall'eres
377 1451 408 1484 in
427 1462 501 1484 aere
523 1477 532 1492 ,
563 1448 602 1483 fic
628 1453 661 1484 in
686 1461 771 1498 aqua
806 1450 895 1534 νιἬὶ
918 1450 1068 1487 subfulta:
1092 1480 1100 1496 ,
1142 1453 1275 1487 caudam
1295 1451 1420 1501 semper
1438 1453 1547 1502 depri-

150 1500 230 1540 mit,
255 1510 348 1546 caput
371 1501 476 1547 erigit.
525 1499 689 1533 interdum
723 1511 814 1534 tanta
834 1512 850 1534 e
908 1501 940 1535 in
962 1513 1046 1548 aqua
1070 1501 1237 1550 stagnante
1264 1501 1380 1537 horum
1408 1502 1547 1539 inseeto-

148 1560 218 1583 rum
243 1551 354 1596 copia,
382 1560 418 1582 ut
446 1550 478 1583 in
504 1546 691 1595 sanguinem
719 1561 801 1596 pene
822 1549 974 1585 conversa
1011 1550 1160 1586 videatur
1202 1565 1210 1586 :
1238 1550 1427 1586 subrubrum
1457 1555 1546 1589 enim

149 1610 211 1645 prae
224 1597 253 1631 se
266 1596 374 1632 ferunt
385 1596 539 1632 colorem.
557 1596 656 1634 Unde
673 1609 747 1632 cum
766 1597 953 1648 sanguinem
965 1598 1077 1647 pluere
1087 1600 1248 1635 interdum
1262 1601 1440 1645 credimus,
1460 1601 1546 1639 forre:

147 1647 178 1680 id
192 1645 228 1681 fit
241 1675 250 1687 ‚
265 1659 338 1681 cum
352 1646 383 1680 hi
394 1645 533 1695 pediculi
545 1676 553 1690 ‚
569 1658 624 1681 aut
640 1649 747 1695 potius
757 1648 876 1696 pulices
885 1650 1028 1696 aquatici
1040 1649 1197 1698 [linguinis
1215 1649 1362 1684 colorem
1378 1663 1543 1687 mentiun-

148 1707 207 1729 tur.
220 1696 311 1741 Qun
326 1698 425 1731 etiam
436 1695 554 1731 insecta
565 1708 648 1744 pene
663 1698 773 1731 omnia
784 1709 856 1732 curn
877 1710 916 1732 ex
928 1699 997 1732 ovis
1017 1698 1228 1734 excluduntur
1243 1727 1253 1741 ,
1270 1699 1413 1747 guttulas
1430 1699 1542 1736 subm-

147 1742 220 1778 bras
233 1744 403 1780 effundunt
415 1774 424 1788 ‚
439 1756 473 1779 ut
487 1746 574 1780 idem
590 1746 690 1780 Autor
703 1751 735 1782 8<
746 1746 860 1782 doctus
872 1751 907 1783 &
924 1759 1072 1795 expertus
1086 1748 1230 1783 testatur.
1249 1749 1318 1796 Qi
1336 1748 1470 1784 subinde
1480 1751 1541 1785 do-

144 1804 197 1828 cet
208 1806 271 1841 qui
284 1797 412 1829 ratione
423 1795 489 1830 baec
503 1794 695 1829 animalcula
710 1795 834 1830 facilius
847 1795 981 1844 perspici
996 1796 1113 1845 possint
1122 1826 1132 1840 ,
1147 1797 1198 1832 vel
1208 1800 1241 1832 in
1252 1810 1353 1846 parvo
1365 1798 1477 1834 urinali
1487 1801 1540 1837 cni

143 1853 226 1889 aqua
237 1841 334 1878 affusa
345 1844 387 1877 est
399 1871 408 1885 ,
423 1843 475 1878 vel
484 1846 517 1878 in
536 1843 662 1879 vasculo
677 1846 786 1880 vitreo
797 1851 831 1882 ὃ(
842 1845 938 1880 instar
949 1845 1155 1895 hemisphaerii
1166 1858 1326 1883 excavato
1336 1875 1346 1889 ,
1358 1849 1408 1882 cui
1423 1847 1537 1895 paulu-

142 1890 209 1926 lum
217 1892 489 1939 aquaeaffimditur
506 1907 514 1928 ε
533 1904 603 1928 tum
618 1895 708 1929 enim
720 1906 783 1942 ope
799 1893 999 1943 microscopii
1011 1908 1117 1944 partes
1138 1895 1191 1930 vel
1215 1894 1431 1932 minutiffimae
1444 1898 1537 1933 dete.

141 1951 268 1987 guntur.
289 1942 325 1975 Id
335 1953 466 1989 quoque
484 1940 521 1977 fit
533 1955 608 1978 cum
619 1954 708 1990 aquae
727 1955 819 1992 gutta
835 1956 893 1978 aut
909 1944 1041 1988 chartae,
1059 1957 1115 1980 aut
1128 1945 1222 1980 alicui
1241 1947 1371 1993 corpori
1388 1945 1536 1995 impolita

142 2000 217 2023 cum
226 1989 644 2039 animalculo,rnicroscopio
661 1991 821 2041 subjicitur
837 2008 845 2029 :
863 1993 914 2027 sed
927 2006 989 2041 ope
1003 1993 1299 2042 novimicroscopii
1322 1994 1420 2044 longe
1442 2008 1535 2031 accu-

142 2036 240 2072 ratius
257 2038 324 2073 haec
338 2039 463 2073 minuta
474 2051 610 2087 corpora
621 2051 802 2077 cernuntur.
823 2041 942 2077 Nescio
953 2054 994 2076 an
1013 2045 1046 2077 in
1058 2055 1133 2077 eum
1157 2042 1284 2077 censum
1312 2042 1446 2078 adscribi
1465 2058 1534 2081 non

141 2086 283 2122 debeant
296 2087 638 2135 quaedamanimalcula
648 2117 657 2130 ,
676 2100 746 2136 quae
763 2091 799 2125 in
814 2089 962 2125 cancellis
976 2091 1087 2126 dmta
1103 2090 1253 2128 obduffis
1265 2120 1273 2134 ,
1292 2089 1403 2140 paffim
1418 2105 1532 2128 occur-

139 2146 215 2170 runt
226 2165 235 2178 ,
251 2141 283 2172 &
296 2136 404 2171 caudae
419 2149 511 2172 motu
521 2149 594 2172 eum
612 2137 777 2174 stridorem
790 2139 910 2182 edunt,
931 2139 1140 2186 quibilibris
1159 2153 1288 2176 motum
1301 2143 1336 2176 in
1357 2141 1532 2190 horologio

140 2185 285 2232 portatili
303 2187 455 2221 imitatur.
468 2188 548 2221 Haec
565 2185 664 2233 pisces
676 2190 793 2222 terreni
807 2187 827 2224 ἐι
845 2188 1013 2223 nonnuliis
1021 2192 1217 2227 vocitantur.
1241 2192 1352 2238 Atque
1369 2192 1403 2226 in
1422 2192 1459 2225 iis
1486 2194 1527 2229 D·

141 2235 167 2266 S
169 2233 292 2268 edileau
303 2234 429 2269 oculum
439 2237 614 2284 nigriorem
626 2238 855 2273 animadvertit
864 2267 874 2281 ,
886 2250 928 2272 ex
939 2250 1079 2287 utroque
1096 2242 1209 2288 capitis
1225 2239 1324 2274 latere
1337 2240 1527 2283 micantem;

137 2284 192 2328 qui
208 2284 240 2318 in
253 2283 515 2368 izshemisphaeria
525 2285 606 2321 tersa
619 2290 652 2324 &
663 2287 754 2336 nigra
764 2288 928 2325 dividitur.
945 2289 1042 2324 Aede
1052 2290 1159 2337 primo
1171 2288 1528 2337 quidemgenerejnse-

137 2333 263 2368 &otum
295 2335 355 2370 atis
377 2333 489 2374 multa.
1227 2362 1230 2365 -

1208 2431 1348 2484 ssssnj
