1930 2766
345 152 364 186 3
707 147 975 184 PHYSICAE
1015 148 1341 186 GENERALIS

346 199 439 234 unius
467 198 615 247 trianguli
636 198 774 244 (equales
801 197 862 232 effe
881 196 1008 232 duobus
1039 199 1145 234 restis.
1198 239 1201 243 Ι

376 248 464 294 quji
489 259 563 281 eum
584 249 638 294 qui
654 245 867 294 paralogismo
884 246 1046 293 decipitur
1058 274 1068 288 ,
1080 259 1149 282 non
1158 260 1236 294 puro
1251 246 1419 283 intellectu
1434 251 1479 283 rei
1489 250 1651 285 adhaerere
1663 280 1671 293 ‚
1684 249 1744 284 sed

348 294 390 330 ab
404 298 635 344 imaginatione
654 293 762 328 deludi
777 309 784 329 :
799 295 1005 340 quantumvis
1018 294 1123 337 dicat,
1144 307 1198 329 aut
1211 308 1304 343 putet
1323 297 1352 331 se
1367 297 1450 331 clare
1462 299 1738 344 rem-intelligere:

350 356 388 380 ur
413 347 467 390 qui
489 347 571 378 iuter
590 343 817 377 dormiendum
828 343 906 376 dicit
921 344 952 377 se
963 342 1096 391 vigilare
1108 370 1118 385 ,
1133 353 1200 377 tum
1219 346 1308 379 enim
1328 346 1371 379 est
1387 346 1502 381 umbra
1518 339 1667 394 quaedani
1684 349 1740 381 ad-

351 391 492 428 haefionis
506 421 515 435 ‚
528 398 560 430 ὃς
580 393 817 439 imaginationis
835 390 1030 435 ludibrium,
1049 402 1149 438 atque
1169 392 1358 426 immensum
1376 394 1470 429 distat
1497 394 1538 429 ab
1567 396 1742 432 adhaeiione

351 441 533 489 vigilantis„
551 443 602 475 Sic
616 442 670 487 qui
684 439 898 489 paralogiiino
913 442 1087 489 decipitur,
1104 453 1171 476 non
1185 439 1374 483 intelleCm,
1393 440 1444 474 sed
1456 445 1685 491 imaginatione
1697 447 1744 479 rei

350 488 557 524 adhaerescit:
585 501 726 536 cumque
753 502 893 525 errorem
910 489 1000 524 suum
1020 488 1260 538 deprehendit,
1278 493 1346 536 jam
1365 489 1462 537 longe
1481 493 1659 530 evidentius
1673 523 1684 537 ,
1711 501 1744 531 δ(

351 537 440 586 quasi
464 551 557 574 nova:
574 538 651 573 lucis
662 537 831 586 splendore
842 537 997 587 perculsus
1010 540 1057 573 rei
1068 539 1242 573 veritatem
1257 541 1402 586 percipit.
1423 537 1565 573 Absurde
1581 542 1675 587 igitur
1693 544 1743 578 lo-

352 589 463 635 quitur
475 587 646 630 ,&secum
658 598 779 636 pugnat
791 590 848 634 qui
862 588 943 621 dicit
971 585 1001 622 se
1020 599 1135 622 revera
1160 586 1340 634 intelligere
1354 616 1364 630 ‚
1384 592 1417 623 &
1439 587 1520 622 nihil
1544 589 1748 637 intelligere3

353 647 454 684 atque
464 647 552 672 error
565 639 672 672 omnis
690 636 780 671 estin
805 636 924 685 judicio
937 665 946 679 ‚
973 648 1046 672 cum
1056 637 1144 671 ideas
1154 641 1268 685 conjun
1296 637 1374 671 imus
1389 665 1399 680 ,
1415 648 1486 683 quae
1496 638 1586 685 jungi
1605 651 1671 673 non
1690 639 1750 673 de-

354 684 457 729 bent3
475 698 542 721 non
569 688 602 721 in
618 684 687 735 ipfis
704 686 784 721 ideis
798 715 809 729 ‚
830 698 869 720 ex
886 684 1005 734 quibus
1024 697 1110 720 certa
1127 686 1246 733 judicia
1264 649 1335 720 sigeri
1350 684 1494 734 poffent3
1516 698 1553 719 ac
1573 686 1682 721 nescio
1709 700 1760 722 an·

355 732 450 782 culpa
464 737 567 783 magis
582 734 622 768 ad
645 733 849 770 voluntatem
860 736 959 782 quam
969 736 1010 769 ad
1022 734 1225 771 intelledtum
1242 736 1406 782 pertineat
1419 764 1429 779 ‚
1448 747 1519 770 cum
1537 746 1628 770 niens
1647 748 1752 771 teme-

363 795 412 826 re,
430 788 464 819 &
476 785 716 832 praecipitanter
730 795 769 817 ea
785 784 979 827 confundit,
989 796 1062 831 quae
1074 783 1218 832 separata
1231 786 1395 832 oportuit..

387 832 452 867 Sed
463 861 472 877 ‚
484 835 606 880 inquies
618 861 625 872 ‚
644 832 701 880 qui
717 832 791 867 scire
802 833 969 882 posfiman
985 845 1097 869 veram
1107 833 1416 868 demonstrationem
1427 862 1445 876 „
1463 832 1646 868 autfalsim
1671 833 1754 869 effe-

356 883 477 916 cerim:
495 894 568 916 curn
578 882 692 917 eadem
704 882 786 917 mihi
796 882 975 931 utrobique
999 883 1165 917 evidentia
1180 887 1212 919 ὅ(
1225 881 1316 917 firma
1326 881 1462 917 adhaefio
1477 883 1637 918 videatur.

404 931 534 979 qup.,id
555 933 670 978 utique
680 944 749 966 non
758 930 856 967 facile
868 931 1146 982 dijudicariposse:
1163 932 1254 979 quod
1275 933 1359 966 inter
1374 931 1569 975 intelledhis,
1589 937 1623 968 ὃς
1637 933 1752 981 imagi-

357 981 501 1016 nationis
515 979 698 1016 functiones
717 991 807 1016 tanta
820 980 856 1017 fit
871 983 1027 1030 cognatio
1040 994 1095 1024 ,ut
1109 979 1284 1015 difficilefit
1294 982 1382 1015 unius
1399 980 1613 1016 adhaefionem
1626 1009 1636 1024 ,
1653 979 1695 1015 ab
1706 982 1762 1016 al-.

359 1031 459 1063 terius
472 1026 617 1064 illusione
631 1029 876 1066 secernerezsed
889 1030 985 1066 solius
995 1029 1174 1065 evidentiae
1193 1029 1302 1078 fulgor
1322 1028 1474 1065 tenebras
1493 1042 1605 1065 omnes
1627 1028 1756 1065 dubita-

359 1080 458 1113 tionis
478 1078 629 1126 expellit.
649 1079 684 1113 Id
699 1090 808 1114 tamen
823 1079 892 1116 fere
910 1078 1030 1114 accidit
1046 1090 1081 1113 ut
1095 1091 1208 1128 puram
1226 1080 1470 1127 perceptionem
1494 1084 1529 1116 δε
1545 1078 1765 1115 adhaesionem»

359 1126 546 1162 intellectus
558 1128 770 1174 tranquillitas
784 1131 934 1175 quaedam
944 1128 1184 1176 inexplicabilis
1196 1130 1388 1163 comitetur:
1407 1140 1482 1161 cum
1503 1127 1678 1162 obscuritas
1691 1157 1701 1170 ‚
1722 1134 1765 1166 δε.

360 1178 392 1210 ei
403 1175 535 1211 admista
552 1177 745 1224 inquietudo
764 1177 983 1227 paralogismis
997 1176 1123 1224 semper
1138 1175 1173 1211 sit
1189 1177 1330 1212 admista.
1353 1178 1403 1211 Sic
1414 1179 1468 1224 qui
1480 1176 1614 1225 vigilat,
1639 1182 1673 1213 δε
1698 1179 1768 1225 qui.

359 1226 504 1268 dormit„
522 1237 659 1272 uterque
673 1225 703 1259 se
719 1226 852 1273 vigilare
871 1237 984 1274 purat,
996 1224 1049 1260 sed
1061 1238 1130 1260 non
1145 1226 1259 1260 eadem
1279 1226 1322 1260 est
1342 1227 1375 1260 in
1392 1238 1529 1274 utroque
1551 1228 1650 1261 animi
1668 1238 1764 1262 tran-

362 1273 533 1320 quillitas,
545 1279 578 1310 &
598 1273 783 1308 evidentia..

398 1323 458 1355 His
473 1322 642 1370 explicatis
657 1351 667 1364 ,
683 1335 755 1369 quae
769 1323 818 1358 v-ir
836 1323 1015 1367 acerrimo,
1035 1324 1112 1359 duni
1125 1326 1252 1359 viveret
1265 1327 1436 1373 ‚ingenio‚
1454 1323 1521 1358 fuse
1542 1324 1763 1373 persequitur,¹

359 1374 426 1418 jam
440 1384 508 1406 non
522 1375 583 1406 erit
592 1369 722 1406 difficile
740 1372 780 1406 ad
800 1383 836 1404 ea
850 1369 1041 1418 respondere
1053 1386 1122 1421 quae
1138 1373 1233 1409 nobis
1251 1373 1465 1422 objiciuntur,
1481 1373 1646 1421 Phyficani
1663 1387 1757 1410 nem-

360 1432 402 1467 pe
414 1422 508 1455 inniti
521 1418 664 1456 sensuum
675 1419 1037 1469 observationibus‚quae
1051 1422 1136 1457 falsoe
1147 1422 1206 1458 effe
1223 1423 1366 1470 poffunt„
1376 1426 1463 1459 Nam
1476 1425 1576 1467 tedia,
1592 1425 1758 1471 inquiunt,

362 1467 705 1518 philosophandiratio
720 1469 761 1504 ab
778 1472 1010 1518 experimentis
1023 1473 1136 1520 incipit
1147 1501 1157 1516 ,
1167 1485 1206 1506 ex
1223 1475 1258 1506 iis
1271 1470 1374 1507 causas
1391 1485 1496 1506 rerum
1510 1471 1652 1507 occultas
1663 1476 1758 1512 eruit,

362 1530 399 1551 ac
409 1517 602 1566 plerumque
620 1518 714 1553 causis
725 1520 862 1568 cognitis
881 1519 921 1553 ad
931 1523 1156 1570 experimenta
1169 1520 1334 1556 descendit
1349 1534 1431 1565 3nec
1450 1526 1552 1568 major
1575 1520 1637 1557 eise
1655 1523 1759 1571 potest

364 1568 396 1602 in
407 1567 610 1603 conclusione
621 1567 753 1603 firmitas
763 1599 774 1613 ,
788 1569 947 1604 certitudo
958 1598 968 1614 ‚
980 1569 1115 1606 adhaefio
1132 1573 1232 1606 animi
1246 1569 1501 1614 ‚autnecessitas
1518 1570 1617 1619 quam
1630 1573 1666 1608 in
1686 1570 1769 1621 ipsis

361 1618 531 1665 principiis
550 1646 565 1660 ‚
577 1630 616 1653 ex
635 1616 753 1665 quibus
772 1620 900 1653 eruitur.

402 1666 597 1714 Respondent
620 1666 769 1701 nonnulli
784 1668 1027 1715 experimenta,
1042 1671 1076 1704 &
1093 1664 1236 1702 sensuum
1259 1667 1503 1704 observationes
1523 1668 1761 1717 duplic-imodo

363 1712 495 1761 spectari
506 1713 604 1762 posse,
616 1715 670 1749 vel
680 1727 715 1749 ur
725 1714 869 1749 sensuum
876 1726 943 1762 ope
955 1714 1166 1762 perficiuntur
1176 1743 1186 1757 ,
1197 1721 1232 1751 δέ
1242 1715 1311 1750 sunt
1325 1718 1474 1760 qusedam
1486 1717 1665 1764 fingularia,
1675 1729 1762 1752 tum—

363 1775 427 1809 que
441 1765 477 1796 iis
488 1763 649 1797 adhaerere
661 1763 844 1798 intelleerus
859 1775 925 1797 non
937 1763 1050 1810 potest.
1060 1761 1146 1796 Cum
1157 1776 1189 1797 v.
1198 1774 1241 1809 gr.
1256 1763 1355 1797 video
1367 1762 1475 1797 lunam
1514 1763 1645 1797 aulatim
1657 1766 1765 1798 incre.

364 1823 477 1845 menta
492 1811 620 1846 luminis
630 1810 733 1846 subire
745 1840 754 1855 ‚
764 1812 797 1845 id
814 1811 949 1858 quidem
960 1811 1159 1846 evidentiam
1170 1810 1272 1845 habet
1282 1811 1440 1846 moralem
1454 1825 1461 1846 :
1488 1812 1527 1845 ed
1541 1824 1607 1846 non
1624 1824 1696 1847 eam
1711 1824 1760 1847 ta-

366 1871 443 1894 men
458 1872 529 1907 quae
543 1873 677 1895 omnem
690 1860 900 1896 formidinem
913 1859 1066 1896 excludat
1081 1877 1090 1904 ·,
1105 1871 1142 1893 ac
1159 1858 1229 1895 fieri
1243 1858 1387 1896 absolute
1396 1860 1501 1908 potest
1513 1871 1548 1895 ut
1559 1872 1609 1894 res
1629 1859 1722 1895 aliter
1731 1861 1761 1896 se

365 1907 496 1943 habeat.
522 1909 796 1958 Velexperientia
813 1909 867 1944 illa
878 1909 978 1944 niodo
993 1909 1134 1957 quodam
1145 1908 1287 1957 generali
1296 1909 1374 1944 sumi
1392 1909 1512 1958 potest,
1528 1921 1563 1944 ut
1573 1908 1670 1945 nobis
1689 1922 1762 1944 cer..

367 1967 436 1992 tum
463 1956 522 1992 effe
539 1959 677 1994 diximus
694 1972 753 1994 nos
782 1957 841 1994 esse
862 1988 872 2001 ,
890 1958 970 1993 alios
998 1961 1080 1993 item
1102 1958 1248 1993 homines
1274 1987 1284 2002 ,
1304 1957 1425 1994 coelum
1443 1987 1453 2001 ,
1475 1957 1605 2001 lunam,
1641 1969 1758 1994 terram

367 2006 638 2055 exist'ere.Neque
650 2009 739 2043 enim
756 2007 825 2044 fieri
840 2008 944 2055 potest
959 2011 994 2044 in
1005 2008 1088 2042 statu
1105 2009 1137 2042 in
1147 2021 1212 2055 quo
1227 2007 1378 2053 sumus,&
1392 2010 1424 2043 in
1442 2007 1491 2042 his
1504 2007 1758 2051 circumstantiis,

365 2057 446 2101 quin
462 2068 510 2089 res
531 2055 712 2105 huJusmodi
733 2058 881 2093 existant.
904 2059 956 2092 Sic
970 2058 1108 2092 diximus
1128 2056 1226 2092 fidem
1248 2063 1282 2094 &
1298 2058 1530 2106 experientiam
1545 2055 1759 2091 inetllec'tuali

365 2104 466 2138 modo
481 2103 546 2138 sum
573 2118 640 2150 tas,
660 2108 888 2142 certitudinem
913 2106 1161 2150 omnimodam,
1185 2111 1219 2143 δε
1241 2106 1456 2142 adhaefionem
1485 2105 1690 2148 intellectus,
1706 2104 1760 2140 seu

366 2151 523 2187 firmuma
550 2156 660 2190 ensum
673 2155 801 2191 habere.
816 2159 931 2203 Itaque
950 2158 1149 2205 experientia
1162 2185 1171 2199 ‚
1184 2161 1218 2192 &
1233 2155 1298 2190 fide
1311 2155 1450 2192 naturali
1468 2154 1546 2190 mihi
1564 2164 1686 2188 certum
1709 2153 1756 2187 est

366 2201 474 2236 lunam
490 2203 625 2238 existere
642 2218 733 2247 3eam
750 2205 907 2253 paulatim
925 2207 1126 2240 incrementa
1151 2204 1278 2240 luminis
1295 2205 1415 2241 sumere
1437 2218 1445 2240 :
1463 2214 1561 2250 atque
1583 2201 1657 2236 hinc
1671 2203 1758 2236 recte

366 2250 526 2286 concludo
538 2252 646 2288 lunam
658 2253 718 2288 effe
728 2253 896 2302 globosam
910 2269 919 2290 z
933 2257 1009 2302 quia
1026 2266 1140 2300 corpus
1156 2268 1254 2289 omne
1264 2255 1353 2302 quod
1368 2267 1433 2290 non
1447 2250 1534 2287 fimul
1546 2279 1555 2293 ,
1574 2249 1624 2284 sed
1649 2249 1759 2298 paula-

368 2301 425 2332 tim
443 2300 613 2337 illustratur
624 2333 633 2346 ,
648 2300 818 2351 globosum
834 2304 885 2339 est.
899 2304 999 2340 Unde
1016 2305 1063 2337 rei
1076 2302 1237 2351 singularis
1259 2303 1450 2340 attributum
1469 2299 1684 2335 demonstrari
1698 2312 1759 2347 po-

367 2347 426 2381 test
439 2376 449 2391 ,
460 2348 511 2383 sed
527 2353 627 2387 modo
647 2353 791 2400 quodam
804 2353 998 2403 generali&
1016 2352 1237 2390 intellectuali.
1628 2397 1696 2443 Rs

1658 2410 1672 2428 ε’
1683 2408 1714 2445 p.
1728 2408 1758 2432 2.
