1878 2724
430 117 779 156 TRACTATUS
835 119 1112 157 TERTIUS.
1397 123 1451 157 225

68 170 151 208 dolis
164 169 222 208 suae
237 179 331 206 tenax
339 167 430 206 velut
443 172 628 217 incorrupta
641 179 763 205 manet.
790 169 899 217 Atque
917 181 953 205 ut
963 182 1030 205 non
1040 169 1124 204 aliud
1145 167 1192 202 est
1203 171 1325 204 mucori
1347 175 1451 203 reme·

60 222 175 265 dium,
189 219 286 268 quam
299 230 336 253 ut
346 221 426 268 ignis
439 218 536 254 calori
551 229 607 254 vas
622 218 853 261 admoveatur,
868 230 923 253 aut
938 218 1027 254 calce
1045 220 1141 261 viva,
1164 217 1221 253 vel
1233 217 1381 267 sulphure
1395 229 1451 253 aer

67 269 200 306 inclusus
213 267 382 317 abigatur:
398 267 437 303 fic
449 273 483 305 δε
493 277 656 304 venenum
668 266 819 315 pestilens
829 267 1005 316 sulphureis
1023 265 1210 317 corporibus
1224 278 1279 302 aut
1295 265 1451 302 odoribus

69 317 203 355 tollitur.
217 318 308 353 Hinc
322 329 467 354 aromata
477 315 609 352 accendi
622 314 725 351 solent
737 317 944 365 expurgando
952 319 1035 361 aeri,
1056 328 1093 353 ut
1109 317 1190 352 odor
1209 315 1348 351 fracidus
1360 344 1371 359 ,
1393 319 1450 364 qni

65 368 170 402 statim
182 379 278 416 caput
299 371 333 404 &
345 365 560 403 ventriculum
570 364 706 408 invadit,
721 376 760 400 ac
773 367 932 400 vomitum
943 368 1019 410 ciet,
1035 366 1100 401 alio
1117 366 1218 400 odore
1231 365 1386 401 deleatur.
1405 367 1451 400 Ac

65 415 174 452 nescio
186 428 226 451 an
241 428 358 465 magna
373 427 443 464 pars
456 414 667 463 qualitatum,
682 425 754 461 quae
772 413 905 449 occultae
917 416 951 450 in
968 426 1042 450 aere
1058 417 1170 464 vigent
1180 443 1190 458 ,
1214 425 1254 448 eit
1269 414 1381 463 spiriru
1397 417 1458 450 ni:

65 465 152 502 troso
166 471 199 502 &
209 464 401 500 fulminante
414 478 480 500 non
496 462 665 512 profluant.
687 466 740 498 De
751 475 818 510 quo
830 463 961 511 quidem
982 464 1060 501 alias
1071 464 1228 500 diximus.

107 517 218 562 Atque
229 525 264 549 ut
277 520 408 549 caeteros
424 515 573 549 omittam
586 540 596 555 ,
605 514 654 546 vir
665 510 859 547 dofflffimus
875 515 920 548 D.
933 512 1071 562 Hodges
1086 542 1096 558 ,
1117 515 1174 561 qui
1185 513 1225 547 de
1236 512 1322 560 peste
1333 511 1449 560 Angli-

64 575 145 599 cana
162 564 270 612 paucis
288 561 405 598 abhinc
417 563 506 598 annis
523 561 646 596 erudite
665 560 840 595 admodum
856 558 972 609 scripsit
985 590 996 605 ,
1022 562 1125 598 multa
1144 564 1179 597 in
1199 561 1281 597 hanc
1296 571 1366 596 rem
1382 574 1449 597 non

63 611 302 648 contemnenda
313 620 558 647 commemorat.
574 617 607 644 ιο
618 613 705 646 Vere
714 612 846 645 ineunte
855 609 926 658 plus
939 608 1008 645 salis
1023 609 1131 646 nirrofi
1142 611 1160 648 ὲ
1174 621 1256 646 terra
1265 611 1446 657 erui,quam

63 658 86 695 si
100 661 169 695 aliis
182 661 260 695 anni
276 659 477 708 temporibus
488 666 626 695 eruatur.
639 666 673 694 20
685 657 736 694 Ab
754 661 792 693 iis
801 657 963 707 spiritibus
973 661 1163 695 nitro-aeris
1173 688 1183 704 ,
1198 670 1235 694 ut
1246 657 1451 701 vocanr‚san-

61 710 165 756 guinis
179 713 213 746 δε
228 707 393 756 spirituum
402 708 664 757 restaurationem
677 708 833 756 pendere;
856 708 932 743 hinc
942 708 1091 745 membra
1106 714 1141 746 &
1160 708 1280 744 viscera
1299 709 1449 757 vigorem

62 763 98 794 δι
113 759 273 806 integram
285 756 453 792 sanitatem
470 759 610 793 mutuari
623 775 634 801 3
649 757 724 793 hinc
745 759 866 792 cruoris
884 756 1073 806 salsuginem
1089 760 1199 807 potins
1237 757 1314 793 uam
1327 766 1366 792 ex
1386 756 1450 791 ali-

62 811 246 843 mentorum
256 804 372 841 salibus
381 808 484 856 repeti
491 814 654 855 oportere.
669 819 701 850 33
717 806 802 842 Cum
816 804 937 855 spiritus
955 807 1009 842 ille
1023 818 1112 842 terrae
1127 809 1216 844 nitro
1229 819 1264 842 us
1281 805 1445 841 uberiori..

62 854 122 891 bus
130 855 248 904 pluviis
263 855 416 899 diluitur,
443 867 510 890 tum
525 866 660 904 vapores
675 855 869 891 attolluntur
889 854 992 891 insulfi
1011 861 1044 893 &
1069 856 1243 892 insalubres
1261 870 1269 892 z
1286 856 1362 891 hinc
1375 863 1449 889 ver-

61 906 164 940 mium
178 903 420 952 &reliquorum
435 903 629 940 infestorum
645 906 816 949 examina:
836 904 911 940 hinc
926 904 945 939 s
963 907 1052 940 iritus
1071 905 1177 941 vitalis
1189 935 1200 950 ,
1223 907 1280 953 qui
1301 903 1445 939 ficcitate

60 953 183 1002 gaudet
193 982 203 997 ,
214 958 248 990 &
259 951 371 998 sereno
383 964 532 1003 tempore
543 960 676 1002 vegetus
690 955 733 990 est
743 983 753 998 ,
769 952 789 989 ὲ
800 955 908 989 nimiis
920 966 941 1002 p
957 956 1039 990 uviis
1048 966 1132 1003 pene
1150 955 1358 1004 extinguitur.
1372 955 1450 990 Un-

59 1003 101 1036 de
109 1004 144 1037 'in
158 1001 236 1037 lotis
255 1001 446 1050 palustribus
462 1009 516 1037 aer
527 1003 611 1037 adeo
623 1002 789 1040 insalubris
806 1002 851 1037 est
859 1007 895 1040 &
904 1003 1084 1052 pestifer-us.
1095 1004 1221 1040 Contra
1229 1005 1328 1038 etiarn
1340 1013 1448 1050 quan-

58 1051 168 1098 doque
183 1051 320 1095 accidit,
343 1058 380 1086 ut
393 1059 457 1100 prae
468 1053 571 1086 nimio
583 1051 690 1086 calore
704 1051 832 1100 spiritus
853 1051 910 1086 ille
922 1051 1058 1087 nitrosus
1067 1052 1154 1100 quali
1166 1053 1316 1088 aduratur
1333 1066 1342 1087 :
1368 1051 1446 1086 hinc

60 1111 215 1147 pecorum
227 1098 304 1148 sirpe
316 1105 349 1137 ὃς
358 1099 530 1135 hominum
544 1099 611 1135 lues
620 1099 794 1147 improvisa
811 1114 819 1136 ε
834 1101 998 1136 interdum
1012 1103 1109 1136 etiam
1129 1114 1204 1137 cum
1224 1102 1330 1135 varios
1354 1111 1447 1134 terrae

59 1147 218 1183 anfrafitus
233 1159 396 1195 permeat,
419 1148 499 1183 ‘cum
520 1151 688 1184 venenatis
703 1147 859 1184 ‘halitibus
872 1148 1028 1184 miscetur.
1048 1150 1148 1186 Unde
1159 1152 1192 1185 in
1201 1147 1345 1198 partibus
1357 1146 1450 1184 Afri,

58 1208 103 1230 cae
120 1196 374 1232 occidentalibus
396 1196 451 1232 sub
466 1201 642 1244 AEquatote
695 1198 782 1232 luvia
796 1196 969 1243 aliquan'do
981 1197 1067 1232 adeo
1089 1199 1136 1232 est
1153 1196 1310 1233 corrosiva
1320 1225 1330 1239 ,
1343 1206 1378 1231 ut
1389 1208 1446 1230 ve⁴

58 1245 118 1279 stes
130 1248 164 1281 δὲ
174 1247 273 1279 cutim
287 1245 385 1293 ipsam
398 1247 600 1293 coinquinet.
617 1247 658 1279 Se
690 1247 826 1281 nimium
838 1244 924 1281 forte
935 1247 1130 1281 excurrimus
1143 1275 1153 1290 ,
1172 1257 1270 1294 atque
1290 1245 1348 1278 ista
1366 1243 1446 1280 alibi

59 1291 154 1329 fufius
164 1294 331 1341 traffanda
342 1293 414 1330 sunt
422 1324 434 1340 ,
450 1300 484 1332 δι
495 1300 534 1329 ἐκ
544 1295 696 1343 proxima
708 1292 910 1331 conclusione
928 1293 977 1329 his
991 1302 1124 1343 quoqne
1136 1292 1287 1332 nonnihil
1300 1293 1379 1330 lucis
1396 1303 1445 1328 ac„

59 1342 165 1379 cede'r.
183 1345 232 1379 Sit
247 1344 359 1391 itaque

566 1439 711 1476 Secunda
726 1439 898 1487 Conclusio.
913 1423 918 1427 ⁵

99 1537 247 1575 Occultae
260 1544 294 1577 δε
302 1538 435 1574 actuosae
449 1538 619 1586 qualitates
631 1539 670 1572 ad
682 1538 814 1575 effluxus
831 1535 1051 1574 substantiales
1062 1546 1178 1586 magna
1188 1544 1225 1573 ert
1235 1547 1325 1586 perte
1337 1536 1441 1572 refer-

61 1589 87 1619 ri
101 1587 236 1634 possunt.

98 1634 193 1670 Proh.
210 1636 304 1671 concl.
318 1648 339 1669 1.
352 1636 435 1669 exiis
452 1646 524 1681 quae
542 1635 583 1669 de
598 1647 758 1671 venenata
782 1648 856 1671 aura
875 1638 906 1671 in
922 1635 1045 1671 morbis
1072 1632 1293 1682 pestilentibus
1308 1662 1317 1676 ,
1343 1638 1376 1670 ἃς
1399 1634 1440 1668 de

62 1684 163 1718 odore
179 1683 300 1718 fracillo
318 1685 464 1728 diximus·
482 1686 520 1718 Et
531 1682 603 1718 sane
621 1687 677 1731 qui
693 1685 790 1733 paulo
806 1688 959 1721 attentius
971 1682 1294 1734 perpenderit,quam
1308 1682 1440 1730 stupen-

59 1733 117 1766 dos
127 1731 262 1768 effeetus
273 1732 324 1766 vel
340 1731 504 1780 gratiffimi
514 1732 629 1766 odores
647 1735 680 1767 in
697 1732 858 1781 plerisque
874 1733 1066 1769 hominibus
1078 1760 1088 1775 ,
1111 1736 1144 1768 δι
1165 1733 1305 1772 maxime
1321 1734 1354 1766 in
1367 1743 1442 1765 mu-

58 1780 192 1815 lieribus
207 1781 368 1829 hystericis
383 1785 574 1828 procreent,
593 1783 696 1816 minus
710 1782 798 1817 fort-te
809 1780 1024 1825 mirabitur,fi
1035 1781 1115 1817 odor
1123 1779 1262 1814 fracidus
1271 1783 1326 1827 qui
1338 1792 1377 1814 ex
1390 1780 1442 1814 lo-

58 1831 104 1864 cis
125 1828 280 1877 paludosis
293 1858 302 1873 ,
323 1834 380 1864 aut
393 1829 582 1865 fluminibus
596 1835 667 1877 quae
680 1833 772 1865 maris
788 1831 872 1865 aestus
889 1831 1000 1875 alluit,
1016 1836 1072 1865 aut
1089 1836 1127 1864 ex
1143 1836 1233 1863 terrae
1251 1831 1348 1865 antris
1360 1857 1370 1871 ,
1386 1840 1442 1863 aut

63 1877 273 1925 exinsepultis
295 1877 504 1913 eadaveribus
527 1878 672 1923 exhalat,
695 1879 862 1928 &spiritus
886 1878 1045 1914 naturales
1059 1876 1239 1926 deprimat,
1267 1877 1441 1926 &sangui-

60 1931 138 1960 nein
161 1925 262 1975 ipsum
280 1928 363 1962 adeo
391 1924 568 1962 conturbet
582 1955 592 1971 ,
611 1938 645 1962 ut
666 1929 775 1964 morbi
790 1928 978 1978 pestilentes
1001 1928 1191 1977 plerumque
1211 1926 1287 1963 inde
1308 1925 1445 1962 naseam

60 1984 120 2008 tur.
931 1976 944 1986 '

97 2035 124 2057 2.
180 2019 254 2056 unm
272 2028 477 2064 penetrantes
497 2022 554 2058 futu
574 2024 704 2062 effluxus
725 2025 962 2071 substantiales,
980 2026 1081 2075 quam
1099 2025 1227 2062 subtiles
1246 2031 1280 2064 ὃ(
1299 2023 1415 2061 actuosi
1429 2033 1441 2049 ³

60 2075 125 2117 jam
140 2069 227 2118 supra
243 2071 452 2107 ostendimus.
476 2074 577 2119 idque
589 2102 599 2117 ,
618 2082 653 2109 ut
667 2076 729 2110 alia
747 2078 897 2111 omittam
909 2079 1094 2119 innumera,
1107 2082 1145 2110 e'x
1155 2078 1343 2124 magneticis
1361 2076 1437 2108 viri-

61 2119 117 2153 bus
137 2119 215 2154 li'cet
223 2122 388 2168 conjicere.
402 2123 489 2155 Hinc
508 2121 629 2168 lapides
638 2125 770 2170 quidam
784 2125 836 2160 vel
850 2124 1040 2161 extiihsecus
1055 2124 1255 2160 admotisolo
1267 2126 1345 2158 cutis
1356 2131 1436 2158 con-

59 2169 148 2203 tactu
157 2167 276 2203 multos
289 2168 398 2204 sinant
409 2168 541 2204 morbos
550 2199 560 2213 ,
572 2182 608 2204 ut
620 2172 659 2205 de'
670 2172 775 2220 lapide
789 2175 971 2223 nephritico
982 2173 1078 2221 vulg&
1092 2174 1240 2209 creditur.
1255 2171 1321 2206 Alii
1333 2177 1443 2204 eninr·

59 2228 194 2264 pentem
213 2216 396 2266 sangninem
414 2218 544 2263 fistunt3
568 2231 627 2254 nec
639 2227 754 2268 negare
765 2222 920 2269 postumus
942 2225 1022 2270 quin
1036 2222 1142 2257 febres
1163 2222 1412 2254 intermittentes
1424 2246 1435 2260 ,

60 2271 93 2301 &
109 2266 272 2301 interdum
287 2274 465 2312 quarranae,
489 2272 545 2315 pei·
568 2268 766 2315 epithemata
793 2269 849 2310 seu>
863 2278 995 2307 externa
1010 2270 1152 2304 remedia
1176 2267 1333 2303 sanentur.
1371 2270 1433 2301 Vix

60 2317 145 2349 enim
157 2313 252 2349 ausim
271 2315 404 2351 inficiari
417 2319 494 2364 quin
507 2315 587 2351 v'e‘la
603 2316 706 2352 solidis
721 2318 909 2366 <torporibus
926 2318 1139 2354 tenuissimum
1159 2317 1311 2364 quiddam
1335 2316 1434 2351 exha-

59 2361 105 2397 le't
117 2391 126 2407 ,
141 2364 227 2411 qnod
238 2363 394 2413 sanguinis
405 2365 437 2403 8(
451 2365 613 2415 spirituum
633 2377 758 2402 motum
775 2379 898 2402 mutare
915 2368 1029 2415 potest.
1048 2367 1147 2403 Unde
1165 2365 1317 2415 pleraque
1332 2361 1433 2401 vene-
