1878 2724
320 107 367 147 64
712 100 973 137 PHYSICAE
1017 102 1347 140 GENERALIS

320 153 405 198 girer
420 148 555 184 fluentes
568 149 674 197 aliqua
684 162 721 184 ex
736 149 823 185 causa
839 162 932 184 motu
942 149 1155 198 prohibentur
1165 181 1175 195 ,
1192 164 1260 186 tum
1277 154 1361 201 ignis
1376 152 1408 185 in
1423 150 1492 199 ipso
1504 149 1598 188 fonte
1618 154 1732 190 extina

321 200 448 246 guitur:
469 213 534 234 non
556 199 652 232 aliter
670 211 770 245 atque
782 201 816 233 in
828 201 909 233 rotis
924 211 995 246 quae
1007 197 1037 233 se
1048 203 1170 234 mutuis
1181 200 1332 237 dentibus
1345 204 1514 248 implicant
1530 229 1538 242 ‚
1555 205 1741 239 cernimus,-

323 249 413 284 Nam
424 250 526 296 prima
538 247 708 281 secundam
720 276 728 289 ,
744 247 812 281 haec
824 249 954 282 tertiam
964 276 973 290 ,
986 253 1020 284 &
1029 250 1075 281 ita
1086 261 1184 295 porro
1195 253 1329 297 corripit
1342 256 1375 287 &
1388 262 1513 286 movet.
1533 252 1634 299 Qiod
1645 251 1666 286 fi
1679 252 1729 286 ul-

324 298 411 330 rimae
428 308 507 331 rotae
526 295 830 331 motusinhibearur
844 325 854 340 ,
881 295 1022 343 reliquas
1046 296 1162 332 celsare
1184 298 1307 333 neceffe
1327 300 1386 336 est.
1415 303 1461 333 Ita
1485 299 1554 334 fere
1580 314 1654 336 cum
1673 301 1729 336 alii

323 345 403 379 alios
434 345 553 380 halitus
570 344 648 379 serie
664 346 804 392 quadam
823 348 1010 380 motionum
1024 344 1127 380 secum
1147 346 1276 382 trahant
1288 375 1298 390 ,
1310 346 1368 381 ubi
1393 349 1445 383 vel
1461 348 1538 384 flam
1568 349 1728 386 lialituum

324 393 379 429 fila
391 392 648 442 disrumpuntur,
667 406 722 429 aut
734 396 870 429 nimium
887 393 1095 442 diffipantur,
1114 406 1168 430 aut
1181 394 1267 431 forte
1280 408 1370 442 aquae
1386 398 1508 445 injectu
1517 411 1642 433 meatus
1657 411 1730 434 cor..

323 444 411 491 poris
424 442 638 479 occluduntur
647 473 657 487 ,
676 447 846 478 continuus
862 445 945 493 ignis
958 443 1040 479 fluor
1055 444 1290 492 interpellatur.
1309 448 1345 479 ln
1358 447 1483 493 magnis
1496 449 1603 483 tamen
1617 450 1730 484 incen-

324 492 385 526 diis
398 490 492 526 flatus
503 495 585 526 aeris
608 495 678 528 vim
693 492 832 528 flammae
850 504 956 542 auget.
975 495 1065 528 Nam
1083 491 1192 528 viscosi
1207 493 1353 528 alimenti
1374 493 1534 543 plicatiles
1547 495 1642 530 fibras
1661 510 1729 534 non

324 539 491 588 abrumpit
503 570 513 584 ‚
532 540 585 575 sed
597 552 763 578 extenuat.
783 541 896 589 Quam
909 541 1032 577 flexiles
1049 541 1149 586 vero,
1172 548 1205 579 δε
1220 554 1332 577 tenues
1343 541 1404 579 [int
1430 542 1494 578 illae
1505 572 1515 587 ,
1541 557 1608 579 non
1622 548 1703 593 ignis
1717 576 1728 591 ‚

325 589 380 624 sed
401 591 530 638 pinguis
544 590 691 626 humoris
709 590 865 639 oblongae
885 591 1049 641 particulae
1063 620 1073 634 ,
1098 592 1173 627 hinc
1192 591 1424 640 liqtiet„.qu0d
1440 592 1579 628 lucernae
1599 593 1739 631 flamma.

325 650 386 687 per
402 638 518 674 tubum
536 638 665 675 vibrata
678 642 797 676 vitrum
814 669 823 684 ,
845 646 877 677 &
895 640 1030 675 metalla
1048 641 1174 677 fundat

359 687 506 734 Reliqua
519 689 634 723 eadem
648 688 809 724 facilitate
819 690 973 738 explicari
991 689 1138 738 possunt:
1155 702 1209 725 cur
1219 690 1350 726 flamma
1367 702 1443 738 mg.
1462 691 1496 725 in
1514 689 1578 725 bafi
1599 693 1731 728 caerulea

325 735 362 772 fit
375 741 409 773 &
419 736 551 772 obscura
566 767 576 781 ,
600 739 668 772 imo
683 743 719 774 δε
729 741 765 774 in
778 739 887 773 media
898 738 979 773 illius
992 742 1129 788 regione
1139 741 1225 774 circa
1238 740 1447 789 ellychnium,
1460 738 1518 774 ubi
1537 753 1637 775 conus
1653 742 1729 777 sub-

325 785 483 821 obscurus>
495 788 656 822 exteriore
677 792 710 824 &
725 788 911 822 candidiore
929 787 1063 823 flamma
1075 788 1239 824 conclusus
1252 791 1414 832 cernitur;
1429 801 1483 823 cur
1493 802 1573 837 apex
1589 789 1740 827 flammae·

327 834 484 870 subrubet
506 853 515 880 3
534 849 589 870 cur
605 835 768 872 obscurior
778 836 814 872 fit
824 836 956 873 flamma
970 850 1037 885 quo
1049 836 1177 886 longius
1190 837 1390 887 ellychnium
1403 837 1500 873 trahit
1520 849 1529 874 Ξ
1549 841 1630 874 Haec
1640 843 1740 876 enim-

325 886 437 920 omnia
450 897 489 920 ex
500 885 615 920 eadem
628 885 699 921 fere
711 885 801 921 causa
809 886 971 935 profluunt
984 915 994 930 ,
1011 888 1101 934 quod
1113 887 1231 922 humor
1249 887 1375 922 oleosus
1396 888 1542 922 nondum
1559 887 1643 924 bene
1656 888 1731 925 sub—

325 935 416 970 affiis
431 936 464 969 in
478 946 570 983 parte
582 934 722 970 flammae
733 934 848 971 infima
860 935 1029 971 caeruleum
1044 935 1190 984 praebeat
1199 936 1355 972 colorem.
1372 934 1452 981 Qo
1466 939 1552 972 enim
1565 940 1675 985 purior
1686 940 1741 975 est‘

326 982 477 1026 flamma,
498 982 561 1018 hoc
572 985 616 1019 est
627 985 802 1021 candidior.
818 988 907 1021 Hinc
920 998 1000 1020 cerae
1019 985 1100 1020 albae
1114 985 1244 1020 flamma
1266 985 1479 1033 splendidior,
1499 986 1600 1033 quirin
1626 987 1727 1025 flavae.

326 1034 402 1068 Nec
414 1035 531 1067 mirum
542 1032 563 1068 si
576 1035 610 1069 in
627 1034 774 1083 longiore
788 1034 1067 1083 ellychniominus
1081 1035 1199 1071 humor
1215 1033 1395 1083 subigatur,
1407 1036 1465 1081 qui
1482 1035 1599 1070 multas
1621 1034 1740 1074 secum»

328 1087 362 1117 &
382 1081 619 1130 heterogeneas
636 1112 645 1126 ,
665 1095 757 1118 tetrae
774 1086 927 1119 nimirum
940 1113 950 1127 ‚
978 1090 1012 1121 &
1028 1097 1120 1131 aquae
1139 1096 1246 1132 partes
1260 1084 1366 1119 secum
1380 1083 1492 1128 vehit,
1516 1097 1651 1132 quaeque
1670 1099 1728 1134 per

327 1142 454 1166 meatus
465 1131 620 1179 ellychnii
631 1145 714 1179 pene
736 1135 866 1168 inta&ae
881 1132 1135 1169 subeuncflinc
1150 1133 1280 1168 flamma
1295 1132 1459 1168 obscurior
1474 1162 1484 1177 ,
1503 1139 1605 1181 major
1621 1134 1728 1170 fumus

327 1186 361 1216 δε
380 1182 411 1214 in
432 1179 502 1227 ipso
516 1182 609 1228 apice
630 1182 786 1229 longioris
798 1181 956 1226 ellychnii
974 1182 1067 1217 velut
1088 1182 1205 1230 fungus
1220 1182 1404 1225 fiicctescit,
1429 1195 1471 1217 ex
1489 1184 1588 1218 nimia
1606 1182 1744 1221 scilicetr

327 1227 465 1275 fuligine
476 1240 659 1265 concretus,
686 1232 783 1277 Apex*
807 1229 886 1265 vero
904 1230 1043 1265 flammae
1057 1244 1094 1265 ex
1109 1230 1193 1265 fumi
1204 1232 1395 1266 admistione
1405 1230 1526 1266 rubet..

364 1277 443 1311 Inde
455 1280 555 1312 etiam
566 1290 657 1327 patet
668 1291 725 1313 cur·
736 1279 865 1314 lamella
886 1278 983 1314 altius
1008 1282 1041 1315 in
1059 1279 1226 1315 flammam
1245 1280 1386 1314 accensae
1395 1280 1535 1315 candelae
1556 1281 1743 1327 immersa.‚‘.

328 1326 465 1373 fuligine
477 1325 658 1362 obducatur
668 1357 678 1371 ,
695 1342 761 1363 non
774 1331 854 1364 item
866 1327 886 1362 si
899 1328 1178 1377 flamniaeiapiceni
1200 1340 1323 1376 tangat.
1349 1329 1452 1372 Qod
1464 1332 1496 1364 in
1514 1331 1626 1366 medio
1636 1331 1729 1369 flam-

328 1389 388 1410 mae
397 1376 514 1410 humor
525 1390 593 1412 non
607 1375 693 1412 bene
712 1376 852 1413 concisus
869 1377 1203 1422 &subaCtus„multa
1221 1378 1360 1427 fuligine
1382 1377 1530 1414 abundet
1549 1395 1557 1416 :
1580 1379 1634 1415 sed
1654 1394 1741 1430 pars¹

327 1425 449 1460 summa
463 1424 601 1460 flammae
611 1426 786 1474 plurimum
803 1438 975 1463 extenuata
993 1457 1003 1472 ,
1030 1426 1134 1462 craffae
1155 1427 1238 1462 illius
1253 1427 1397 1476 fuliginis
1413 1431 1515 1477 magis
1535 1430 1581 1464 est
1604 1442 1743 1478 expers..

328 1475 416 1509 Cum
431 1486 541 1510 autem
561 1488 667 1523 partes
683 1478 787 1524 igneae
797 1490 854 1523 per
877 1477 1021 1513 mediam
1038 1477 1204 1513 flimrnam
1222 1476 1309 1524 quasi
1326 1489 1383 1525 per
1403 1476 1518 1513 tubum
1534 1478 1704 1516 vibrentur
1715 1509 1729 1524 ‚

328 1535 429 1569 atque
451 1524 681 1559 a-circumfuso
698 1538 772 1560 aere
794 1525 1117 1573 flammam-undique
1135 1529 1375 1576 comprimente
1388 1526 1495 1571 fumus
1514 1527 1660 1563 accensus
1672 1541 1728 1564 ex..

327 1572 468 1621 pellatur
484 1602 492 1616 ‚
508 1587 575 1608 non
588 1576 702 1608 mirum
717 1576 763 1609 est
781 1574 972 1610 fi·acriorem
992 1575 1105 1623 inipso
1116 1578 1208 1623 apice
1220 1574 1362 1611 calorem
1372 1575 1503 1611 flamma
1511 1576 1659 1625 praebeat
1667 1606 1680 1623 ,
1691 1591 1740 1614 ut·

329 1634 384 1655 aer
402 1634 458 1668 per
468 1623 684 1670 angustiorem
697 1622 811 1659 tubum
822 1623 967 1661 vibratus
984 1625 1135 1673 frigidior
1146 1625 1205 1661 est.

364 1670 425 1704 Illa
440 1671 735 1720 verocircumjeffi
755 1676 837 1708 aeris
853 1672 970 1720 pteffio
987 1674 1161 1708 rotundam
1181 1674 1252 1709 fere
1277 1673 1412 1721 figuram
1426 1675 1567 1711 flammae
1580 1676 1727 1723 praebet-z

330 1732 399 1766 quae
410 1723 563 1755 tamenin
575 1733 766 1756 mucronem
774 1721 870 1764 -abit,
883 1722 973 1768 quod
984 1721 1101 1757 halitus
1114 1722 1262 1756 accensus
1281 1722 1437 1771 eomagis
1456 1726 1620 1758 minuatur
1631 1754 1641 1769 ,
1657 1725 1727 1773 quo

329 1768 458 1815 ,longius
467 1769 671 1816 progreditur
683 1784 690 1805 ε
704 1769 832 1805 occursu
841 1773 929 1806 enim
939 1772 1020 1805 aeris
1038 1769 1195 1819 paulatim
1208 1769 1383 1818 diffipatur,
1399 1777 1433 1808 &
1442 1785 1516 1807 cum
1529 1785 1570 1807 eo
1579 1775 1625 1808 ita
1640 1788 1726 1810 com·

330 1816 480 1852 miscetur
494 1847 504 1861 ,
522 1829 558 1852 ur
576 1820 601 1852 is
613 1817 667 1853 sub
681 1818 782 1853 sensus
797 1833 865 1855 non
878 1819 1134 1868 amplius-cadat.
1156 1820 1257 1856 Unde
1273 1822 1308 1856 in
1321 1833 1509 1857 mucronem
1528 1823 1660 1860 tandem
1675 1837 1727 1860 ex-

331 1876 501 1910 tenuatur,
524 1867 594 1902 fere
608 1879 643 1902 ut
660 1867 792 1903 mollior
804 1881 877 1904 cera
891 1870 1011 1905 eodem
1019 1881 1106 1918 pene
1130 1869 1230 1905 modo
1247 1869 1357 1918 preffa.
1379 1869 1460 1919 Qo
1473 1882 1583 1906 autern
1599 1867 1726 1910 crafficit

332 1915 376 1949 est
398 1913 530 1951 flamma
541 1946 551 1960 ,
583 1915 646 1952 hoc
660 1916 755 1952 altius
773 1916 900 1968 assurgit
915 1934 922 1956 :
941 1932 1009 1955 non
1024 1920 1112 1954 enim
1124 1930 1191 1954 tarn
1203 1919 1295 1956 facile
1313 1918 1332 1955 ὲ
1348 1918 1543 1956 circumfuso
1555 1932 1628 1956 aere
1638 1921 1726 1959 diffi-

330 1975 438 2011 patur.
469 1965 682 2001 Iino-lamella
698 1966 776 2001 ferri
793 1966 935 2004 flimmae
959 1970 1043 2017 apici
1058 1967 1268 2017 superposita,
1291 1981 1394 2017 eaque
1406 1969 1561 2018 paulatim
1579 1970 1740 2016 sublata‚.

332 2011 442 2048 senfim
455 2027 587 2062 quoque
599 2015 730 2052 flamma
738 2016 887 2054 ascendit
899 2048 909 2063 ,
938 2018 1026 2067 quod
1050 2018 1175 2067 pondus
1193 2017 1412 2055 incumbentis
1427 2022 1509 2054 aeris
1532 2021 1676 2067 minuat,
1689 2027 1724 2060 &

332 2061 419 2110 quasi
447 2064 651 2101 intercludat.

368 2112 455 2147 Cum
476 2112 607 2149 flamma
616 2114 758 2162 primum
772 2118 974 2161 accenditur,
989 2127 1119 2153 tenuem
1141 2123 1176 2156 &
1201 2118 1370 2154 caeruleam
1393 2120 1500 2155 lucem
1521 2123 1586 2169 prae
1597 2120 1629 2156 se
1640 2121 1728 2167 ferg

332 2161 419 2206 quod
435 2162 552 2197 humor
567 2164 711 2199 nondum
723 2164 759 2200 fit
773 2165 859 2202 bene
872 2166 1014 2202 concisus
1026 2197 1035 2211 ,
1054 2179 1089 2202 ut
1107 2168 1148 2203 de
1164 2169 1452 2204 interioriflamtna
1468 2169 1607 2205 diximus
1620 2199 1630 2213 ,
1647 2183 1722 2217 quae

331 2208 520 2246 subobscura
535 2217 568 2248 &c
581 2213 678 2247 instar
690 2217 784 2258 coni,
804 2214 858 2250 seu
871 2217 1047 2264 pyramidis
1062 2220 1247 2266 nigricantis
1271 2219 1477 2267 conspicitur.
1492 2219 1592 2254 Unde
1603 2219 1721 2256 halitus

331 2258 386 2292 ille
408 2262 463 2304 qui
477 2260 619 2297 flammat
635 2262 793 2311 pabulum
810 2266 873 2308 est,
893 2269 999 2301 varios
1019 2268 1112 2301 status
1129 2268 1242 2303 induit.
1271 2271 1307 2302 In
1330 2269 1474 2303 extindhi
1498 2267 1571 2302 face
1592 2267 1720 2304 craffior

334 2307 386 2358 est,
404 2307 453 2342 sed
470 2310 573 2345 multo
588 2314 662 2360 igne
673 2326 841 2362 praegnans
855 2317 944 2350 Nam
959 2317 1090 2352 admota
1100 2316 1229 2353 flamma
1242 2315 1335 2351 facile
1353 2317 1547 2352 accenditur.
1559 2318 1722 2363 Secundo,

332 2354 453 2391 iubtilis
471 2360 647 2399 admodum
662 2367 698 2400 δε
713 2375 797 2400 rarus
817 2377 892 2401 cum
909 2378 982 2402 aere
991 2363 1335 2415 permiscetur‘Tertir')
1351 2395 1362 2411 ,
1382 2368 1414 2403 in
1424 2366 1614 2403 candicante
1629 2365 1722 2403 flam·

1658 2429 1722 2452 rna.
