1878 2724
388 166 451 210 '586
943 165 968 204 1²
986 167 1023 203 H
1036 165 1068 204 Y
1080 167 1125 203 si
1142 166 1175 203 c
1188 168 1228 204 Α

380 222 406 257 ti
415 232 471 258 aut
480 221 562 270 ignis
577 214 702 255 miffilis
711 216 822 252 sonum
834 214 924 252 unius
935 218 1053 252 minuti
1060 216 1187 253 secundi
1198 226 1348 265 tempore
1358 227 1434 255 1200
1447 224 1504 253 aut
1517 215 1644 254 circiter
1652 215 1777 268 pedu'ffi

379 271 516 319 spatium
532 277 714 316 percurrere
732 265 955 315 deprehendas
965 295 974 309 ,
990 265 1114 302 duobus
1126 265 1414 313 minutis—secundis
1428 266 1540 302 sonum
1551 265 1571 303 ὲ
1583 267 1703 305 lumine
1712 279 1773 306 επ.

381 321 499 356 teverti
516 317 648 352 alterius
677 314 811 362 penduli
830 314 994 351 beneficio
1017 315 1098 357 alius
1116 315 1305 353 observator
1332 315 1471 367 duplicis
1493 314 1587 365 spatii
1600 317 1774 359 intervallo

378 366 499 404 diffitus
520 365 714 414 comperiet.

411 419 456 452 Ex
473 414 592 464 quibus
611 412 765 450 omnibus
776 412 909 451 efficitur
919 413 1034 451 sonum
1047 415 1081 450 in
1091 414 1189 451 craffo
1201 427 1274 451 aei-e
1291 415 1448 454 diffundi:
1465 416 1653 465 hujusenim
1667 428 1774 467 partes

375 479 450 501 cum
463 464 522 501 sint
535 462 698 500 flexibiles
712 493 722 508 ,
740 463 839 500 visua
851 464 982 499 elastica
990 476 1102 549 ssquarn
1118 464 1359 514 impresiionem
1377 478 1552 515 accepere,
1571 480 1645 503 eain
1658 470 1774 504 vicini's

376 514 521 564 partibus
535 515 779 550 communicant
801 542 813 558 ,
842 514 920 549 dum
932 525 988 562 pre
1014 526 1038 549 ae
1056 512 1119 549 sese
1131 516 1320 551 restituunt:
1341 517 1426 551 unde
1448 518 1483 551 in
1502 517 1651 553 machina
1671 529 1775 566 pneu-

377 567 496 601 matica
506 563 599 600 sonus
615 562 764 598 exhausto
774 575 848 598 aere
861 566 916 599 vix
934 566 1128 613 percipitur,
1159 577 1219 599 nec
1239 563 1409 601 nebulosus
1430 577 1485 600 aer
1500 565 1571 601 soni
1586 577 1623 601 ut
1644 566 1774 606 luminis

376 615 606 664 propagationi
618 611 735 647 obstat.
755 612 882 648 Contra
895 625 1009 648 ventus
1028 626 1093 649 non
1111 614 1241 650 luminis
1263 626 1389 650 motuni
1401 643 1411 659 ,
1436 613 1489 649 sed
1505 614 1575 650 soni
1590 614 1774 664 impreffio-

375 676 454 699 nem
466 663 642 712 plurimum
658 663 834 699 imminuit.
850 664 994 698 Luminis
1030 663 1137 698 uidem
1162 666 1354 713 propagatio
1372 676 1455 714 pene
1477 665 1520 699 est
1539 676 1773 701 momentanea.

375 719 410 751 &
422 711 589 761 aequabilis
600 740 611 756 ‚
631 711 721 759 quod
741 712 867 747 :etheris
883 722 992 760 partes
1006 675 1114 748 solidae
1135 715 1310 763 comprimi
1336 727 1404 749 non
1426 711 1569 761 poffint:
1586 713 1676 750 sonus
1692 712 1774 751 vetc')

375 775 445 798 non
456 760 567 811 inipso
584 761 706 797 aethete
718 789 728 804 ,
747 760 799 796 sed
814 765 847 797 in
861 773 936 797 aere
952 763 1008 809 qui
1019 761 1216 810 impressioni
1228 763 1332 807 cedit,
1348 761 1476 799 diffusus
1487 791 1498 807 ,
1515 762 1670 811 paulatim
1701 762 1772 798 lan.

375 811 495 861 guescit
518 825 526 847 ε
544 824 622 846 nam
637 822 690 845 aer
701 808 854 847 citiffime
865 811 998 859 quidem
1010 823 1179 855 movetur,
1201 824 1310 860 neque
1320 812 1360 847 ad
1371 812 1470 847 latera
1487 812 1594 861 potest
1610 810 1772 854 deflecte„

377 873 421 896 re:
435 860 487 896 sed
498 860 585 896 cedit
598 871 708 896 tamen
724 887 735 903 ,
745 865 779 897 δι
791 872 962 909 acceptum
974 862 1134 909 impetum
1152 862 1284 898 tandem
1297 864 1474 911 extinguit.

757 959 833 1007 Qae
844 957 912 1004 stne
926 959 1083 1008 praecipuae
1097 959 1244 1006 finarum
1261 959 1364 1005 cause.

404 1059 512 1093 Sonus
526 1069 566 1092 ex
583 1057 735 1106 peculiari
747 1056 890 1105 quadam
903 1058 982 1090 aeris
993 1058 1171 1104 agitatione
1184 1049 1395 1105 proficiscitur
1405 1083 1415 1099 ,
1429 1067 1526 1103 quam
1544 1057 1644 1094 efficit
1653 1069 1772 1109 coi-pos

374 1119 445 1142 rum
456 1105 588 1145 collifio.
606 1109 720 1154 ltaque
734 1109 768 1142 in
781 1104 970 1154 corporibus
982 1117 1052 1153 quae
1061 1104 1168 1140 collisa
1187 1105 1297 1140 sonum
1307 1103 1456 1140 efficiunt
1465 1134 1475 1148 ‚
1490 1107 1550 1141 tria
1561 1110 1702 1156 partium
1711 1121 1770 1158 ge-

374 1168 453 1191 nera
473 1155 550 1190 licet
560 1155 766 1205 distinguere.
777 1157 921 1191 Primum
940 1166 993 1189 eas
1008 1167 1079 1202 quae
1087 1153 1158 1190 sunt
1173 1153 1332 1190 sensibiles
1344 1184 1354 1198 ‚
1366 1154 1616 1202 complectitur:
1635 1157 1685 1192 hie
1695 1160 1771 1206 qui-

374 1206 450 1240 dem
464 1207 530 1240 vim
541 1204 666 1240 habent
680 1205 844 1240 elasticam
858 1233 868 1248 ,
885 1203 937 1239 sed
950 1217 1016 1239 non
1029 1203 1124 1240 facile
1134 1202 1181 1239 ob
1189 1203 1279 1241 suam
1288 1203 1413 1239 molem
1428 1202 1517 1240 flesti
1529 1233 1543 1248 ,
1558 1216 1612 1240 aut
1631 1208 1770 1256 compri-

374 1257 421 1290 mi
434 1253 566 1303 polsunt.
585 1255 768 1290 Secundum
781 1266 883 1304 genus
897 1253 942 1288 est
954 1253 1180 1301 particularum
1197 1252 1421 1289 insensibilium
1434 1283 1444 1298 ‚
1455 1266 1591 1301 quarum
1607 1256 1693 1290 adeo
1701 1256 1770 1291 ela..

373 1305 491 1339 terium
503 1304 556 1339 vel
569 1303 635 1339 levi
646 1303 830 1352 impulsioni
839 1302 939 1347 cedit,
950 1301 1055 1350 sicque
1067 1302 1120 1337 vel
1130 1303 1264 1338 minima
1275 1305 1308 1338 vi
1319 1303 1446 1350 aliquot
1455 1303 1617 1350 particulae
1629 1302 1770 1341 flestun..

375 1363 425 1387 tur
435 1380 445 1396 ,
462 1364 516 1388 aut
533 1355 789 1402 comprimuntur
800 1382 810 1397 ‚
820 1364 931 1400 eaeque
941 1363 1002 1400 ptae
1019 1354 1053 1387 vi
1069 1350 1120 1387 sua
1133 1351 1262 1386 elastica
1274 1350 1414 1387 resiliunt
1426 1380 1439 1396 ,
1454 1356 1489 1389 δε
1523 1352 1660 1389 ristinum
1674 1353 1769 1390 situm

373 1413 565 1451 recuperant
581 1420 590 1446 3
609 1414 747 1451 tumque
761 1400 943 1451 corpuscula
956 1400 1062 1437 multo
1075 1401 1180 1436 adhuc
1193 1403 1338 1445 minora,
1359 1404 1448 1449 quod
1471 1414 1489 1436 e
1543 1404 1674 1438 tertium
1694 1415 1769 1452 par.

375 1453 456 1486 tium
483 1464 584 1500 genus
598 1451 704 1487 secum
723 1461 948 1488 commovent.
975 1448 1056 1500 Qo
1073 1450 1236 1498 particulae
1251 1462 1425 1487 commotae
1440 1449 1508 1486 sunt
1528 1451 1676 1486 exiliores
1691 1480 1701 1496 ,
1726 1451 1772 1488 εὸ
1801 1459 1807 1463 “

374 1500 510 1550 spatium
521 1504 552 1537 in
570 1513 636 1549 quo
650 1504 673 1536 is
687 1513 796 1537 motus
811 1499 976 1550 perficitur
990 1528 1000 1543 ‚
1020 1499 1179 1548 angustius
1197 1502 1331 1548 exigunt
1347 1530 1356 1544 ‚
1375 1504 1477 1547 major
1490 1500 1573 1534 adeo
1595 1501 1637 1535 est
1655 1500 1767 1536 motus

374 1549 532 1585 velocitas
549 1550 650 1586 :nihil
662 1553 749 1586 enim
761 1553 795 1587 in
810 1562 876 1586 tam
887 1550 977 1585 arcio
990 1547 1093 1598 spatio
1111 1560 1237 1584 motum
1253 1550 1413 1593 retardat,
1425 1561 1491 1598 'nec
1508 1550 1676 1599 interjecta
1692 1561 1768 1586 cor.

375 1612 455 1648 pora
467 1600 541 1635 huic
561 1613 686 1636 moram
702 1599 876 1647 objiciunt,

411 1648 641 1692 Quamobrem
653 1662 694 1686 ex
705 1662 759 1685 cot
784 1662 874 1685 orum
885 1647 1050 1685 collisione
1062 1650 1162 1684 oritur
1172 1659 1300 1684 mutuus
1313 1650 1451 1697 partium
1470 1646 1661 1683 sensibilium
1675 1649 1770 1684 amis

376 1709 424 1733 tus
441 1712 449 1734 ε
468 1699 519 1733 hic
530 1699 701 1746 particulas
719 1664 913 1734 insgnsibiles
924 1700 1129 1748 comprimit,
1148 1703 1181 1735 &
1198 1697 1322 1741 fleffit,
1344 1697 1396 1733 sed
1414 1710 1457 1733 eae
1480 1710 1512 1732 in
1527 1697 1693 1746 pristinum
1715 1709 1768 1732 re.

374 1748 474 1782 deunt
487 1746 603 1782 statum
613 1761 684 1783 curn
700 1747 882 1783 incredibili
902 1749 1088 1791 celeritate,
1108 1747 1198 1795 quod
1214 1749 1247 1782 in
1262 1746 1364 1795 spatio
1385 1759 1469 1794 pene
1492 1745 1677 1781 indivisibili
1695 1756 1771 1782 rno-v

374 1809 522 1833 veantur.
537 1799 626 1833 Hinc
640 1808 693 1832 aer
708 1810 774 1833 tam
788 1799 960 1846 perniciter
973 1796 1151 1846 impellitur
1161 1825 1170 1840 ,
1188 1808 1223 1831 ut
1234 1797 1307 1832 huic
1323 1809 1389 1832 non
1403 1796 1497 1831 liceat
1515 1796 1554 1829 ad
1567 1795 1666 1831 latera
1675 1794 1706 1830 se
1715 1807 1767 1830 re.

374 1849 533 1895 cipci·e‚&
543 1849 608 1881 vim
621 1845 757 1894 impresli
769 1847 879 1881 mortis
891 1846 1033 1882 eludere.
1052 1849 1164 1893 Qare
1181 1859 1249 1881 non
1261 1858 1327 1880 tarn
1338 1857 1508 1894 corporum
1519 1843 1649 1886 collisio,
1662 1843 1765 1891 quam

374 1895 602 1942 particularum
614 1895 763 1938 resultus,
782 1901 817 1932 &
833 1895 919 1942 quasi
933 1898 966 1930 in
984 1898 1144 1942 integrum
1157 1895 1313 1928 restitutio
1331 1905 1405 1926 vera
1422 1893 1467 1927 est
1481 1893 1545 1926 soni
1566 1892 1663 1927 causa.
1689 1894 1765 1928 Nec

374 1943 511 1978 multum
529 1944 657 1978 interest
670 1956 734 1990 qua
747 1945 797 1986 vi,
807 1956 916 1990 quove
935 1946 1058 1990 impetu
1073 1941 1254 1984 tendantur,
1267 1953 1322 1976 aut
1335 1939 1508 1976 flec’tantui·
1518 1940 1680 1989 particulae
1694 1940 1765 1975 coi-

374 1991 418 2026 lisi
432 1993 590 2038 corporis,
602 1993 678 2026 dum
688 1991 856 2026 celerrima
874 1990 908 2026 sit
923 2003 1030 2025 earum
1043 1990 1199 2025 restitutio
1215 2004 1222 2026 :
1243 2002 1276 2025 ut
1293 1993 1325 2025 in
1343 1989 1540 2025 bombardili
1557 1992 1768 2034 quantumvis

374 2040 461 2077 lente
472 2041 641 2075 elaterium
656 2039 807 2076 sustuleris
820 2068 829 2083 ,
855 2052 894 2075 ex
905 2039 1001 2074 celer-i
1015 2038 1138 2074 recursu
1155 2041 1203 2075 vis
1217 2044 1283 2086 ejus
1299 2038 1521 2087 proficiscitur.
1536 2037 1767 2085 Quamobrem

374 2103 441 2126 non
453 2091 555 2137 prima
565 2102 735 2137 corporum
750 2087 871 2125 collisio
886 2119 895 2133 ,
916 2088 966 2125 sed
984 2086 1144 2137 particulae
1159 2101 1198 2123 ex
1211 2088 1266 2122 illa
1281 2088 1445 2124 collisione
1457 2100 1632 2123 commotae
1652 2086 1766 2124 sonum

374 2138 528 2176 efficiunt.
544 2141 642 2188 Qod
658 2142 690 2174 in
701 2139 782 2174 locis
792 2151 863 2188 quae
880 2138 991 2174 sonum
1003 2140 1040 2172 iis
1053 2137 1234 2184 impressum
1247 2138 1359 2173 tandiu
1371 2136 1571 2179 conservant,
1584 2149 1641 2171 aut
1651 2138 1684 2171 in
1693 2137 1764 2172 foi·-

373 2188 500 2224 iiicibus
510 2188 677 2224 manifeste
689 2190 833 2223 cernitur
849 2206 857 2229 ς
872 2200 977 2235 neque
990 2189 1078 2221 enim
1097 2186 1164 2222 soni
1179 2189 1381 2222 continuatio
1397 2190 1428 2221 in
1440 2186 1516 2221 locis
1526 2198 1600 2233 quae
1610 2185 1764 2221 resonan-

374 2242 418 2273 tia
432 2239 580 2273 dicuntur
591 2266 600 2280 ,
618 2250 657 2272 ex
671 2240 773 2286 prima
783 2236 946 2272 collisione
958 2267 967 2280 ‚
980 2235 1032 2271 sed
1046 2249 1083 2270 ex
1095 2235 1227 2271 fremitu
1239 2236 1466 2272 insensibilium
1477 2234 1701 2283 particularum
1714 2234 1765 2268 di-

373 2299 491 2324 manat.
504 2289 615 2336 Qam
626 2290 712 2323 enim
723 2298 827 2335 partes
840 2285 996 2322 sensibiles
1015 2285 1127 2333 inipso
1142 2284 1251 2321 collisu
1263 2296 1416 2334 accepere
1427 2282 1761 2332 impreffionem‚ean-

374 2338 448 2373 dem
459 2338 619 2386 particulis
637 2339 831 2385 impertiunt
848 2366 857 2380 ,
876 2348 976 2383 atque
989 2347 1027 2369 ex
1046 2337 1082 2369 iis
1096 2335 1258 2383 particulis
1276 2333 1428 2369 tremulus
1449 2334 1503 2368 ille
1527 2344 1630 2368 motus
1653 2333 1685 2366 in
1707 2343 1761 2366 ae-

375 2399 442 2420 rem
452 2398 628 2424 commeat.
642 2387 710 2421 111ae
723 2399 820 2435 porto
833 2384 992 2433 particulae
1002 2384 1121 2432 duplici
1135 2385 1236 2418 modo
1251 2385 1363 2432 agitari
1377 2381 1509 2430 poliunt.
1538 2390 1568 2416 1⁰
1582 2380 1667 2414 Cum
1690 2392 1762 2426 pat.

374 2436 453 2470 tium
465 2434 655 2473 sensibilium
674 2448 800 2473 motum
811 2433 1052 2485 subsequuntur,
1068 2445 1199 2482 tumque
1209 2444 1320 2469 mutua
1335 2434 1501 2468 duriorum
1514 2441 1685 2478 corporum
1697 2428 1762 2466 col-
