1878 2724
590 128 617 164 Ρ
633 127 660 163 Α
674 126 708 162 R
718 127 741 162 S
768 127 799 163 Τ
808 128 832 163 Ε
842 126 875 163 R
884 126 914 163 T
924 129 937 161 I
950 127 985 162 A.
1485 140 1495 149 ³

123 181 198 218 Nec
205 177 332 214 diversa
341 177 387 213 est
396 178 479 212 ratio
490 175 681 213 insedffirum
692 206 703 221 ‚
720 189 857 224 quorum
875 177 930 211 alae
940 174 1065 210 summo
1076 172 1213 209 artificio
1227 172 1297 208 sunt
1307 139 1496 209 conforffnssff

86 239 155 273 tae,
179 240 215 264 ut
223 240 341 277 praeter
353 239 488 262 caeteros
499 227 639 274 explicat
658 230 700 262 D.
719 227 752 259 Κ
754 238 829 262 σακε
846 228 879 260 in
901 223 1154 272 Micrographia.
1178 221 1380 258 lnseetorum
1403 225 1492 257 enini

89 277 150 312 alae
167 277 329 313 interdum
354 276 425 312 sunt
449 274 757 318 membranosae,ut
780 278 812 309 in
836 273 959 316 musca,
983 278 1017 310 ὃ(
1046 271 1151 307 scarab
1161 285 1229 315 ¹203
1250 283 1350 318 atque
1375 271 1493 306 horum

76 326 221 362 -volatus
244 327 287 361 est
314 326 519 368 celerrimus,
543 325 632 372 quod
653 323 863 358 validioribus
891 322 947 358 fiat
979 320 1136 358 musculis.
1161 325 1197 355 In
1212 319 1371 356 nonnullis
1387 332 1493 356 mem-

91 373 327 410 branae·alarum
345 375 440 411 velut
451 374 522 408 setis
534 371 724 420 quibusdam
740 372 809 407 sunt
824 371 938 420 asperae
951 399 960 415 ‚
977 382 1013 405 ut
1024 372 1058 405 in
1069 370 1204 413 muscis;
1223 367 1301 417 saepe
1312 368 1404 404 velut
1422 369 1489 417 plu.

82 423 186 459 -mulis
205 435 355 473 teguntur
369 453 379 468 ‚
395 434 431 458 ut
445 422 502 457 alae
520 421 720 470 papilionum
732 450 740 465 ‚
758 434 831 469 qua:
847 419 997 469 plumulae
1011 418 1098 466 quasi
1119 418 1317 455 imbricatim
1334 417 1402 452 aliae
1419 417 1489 453 aliis

86 473 296 509 incumbunt,
308 475 344 508 In
354 471 549 520 >quibusdam
564 470 635 505 sunt
649 473 808 506 innumeri
820 481 905 518 pene
920 468 1036 503 calami
1047 470 1079 503 in
1093 481 1197 503 ramos
1213 465 1312 502 divifi.
1333 468 1370 501 In
1387 465 1488 501 scara-

79 519 168 556 -baeis
186 522 322 570 squamae
339 532 499 556 excavatae
521 531 629 554 aerem
650 521 826 567 excipiunt,
835 518 965 553 autalas
985 529 1115 552 tuentur
1128 530 1170 553 ne
1186 520 1220 551 in
1235 528 1353 551 terram
1368 514 1487 552 fortius

78 571 270 621 impingant
281 570 362 615 ;alia
372 571 533 604 viminum
547 568 692 617 implexu
703 571 767 603 alas
781 567 904 603 habent
915 565 1135 611 contextas‚fic
1152 577 1260 602 tamen
1268 577 1303 600 ut
1316 564 1486 600 interstitia

82 630 192 656 -vacua
213 622 339 656 minora
354 617 423 653 sint
453 617 552 665 quam
565 629 600 652 ut
613 629 721 652 aerem
735 618 922 652 admittant.

125 669 237 715 Atque
255 669 332 704 hinc
353 679 416 715 qua
435 669 562 702 ratione
584 666 712 701 volatus
733 669 842 701 avium
860 663 1054 714 perficiatur,
1067 663 1200 713 planum
1219 662 1257 699 fit
1275 668 1308 700 δε
1324 675 1483 714 apertum.

81 717 232 753 Primum
258 720 348 752 enim
372 728 445 751 cum
463 728 539 750 aves
563 715 707 751 volatum
726 714 877 750 inchoare
896 714 1011 750 volunt
1028 743 1038 758 ‚
1058 712 1200 748 cruribus
1217 711 1342 748 inflexis
1362 727 1482 763 magno

79 765 169 802 „saltu
193 766 384 801 attolluntur
397 793 406 808 ,
426 764 533 799 statim
550 763 671 799 alarum
692 764 891 812 explicantur
901 763 1048 807 articuli,
1071 774 1141 797 tum
1153 762 1343 798 vehementi
1357 763 1481 799 alarum

86 814 285 863 percussione
294 813 468 849 verberant
479 825 574 849 aera-2
591 813 683 860 hujus
694 814 784 849 velut
793 813 880 862 spirae
894 842 902 855 ‚
919 823 974 847 aut
987 811 1177 848 machinulae
1190 811 1356 860 paululum
1372 812 1480 861 press'ae

68 888 72 891 -
85 863 182 900 visua
193 864 321 899 elastica
331 876 397 898 non
413 861 553 896 resistunt
565 861 678 906 modo,
687 862 737 896 sed
747 865 845 896 etiam
857 860 999 896 resiliunt
1010 860 1129 895 ferent
1139 859 1240 894 solum
1252 860 1366 895 durum
1380 874 1387 895 :
1403 861 1480 896 hinc

79 914 246 949 -totaaeris
259 911 600 959 machina-repercussa
610 909 724 946 saltum
734 909 843 947 efficit.
866 910 933 945 Alae
953 908 1106 945 vero-non
1127 910 1160 944 in
1174 908 1294 952 latum,
1318 909 1370 944 sed
1381 909 1480 944 caefim

68 979 69 982 ¹
83 961 198 997 sursum
214 972 352 997 movent
365 957 619 1008 partemoffearn
631 988 639 1003 ,
658 959 715 996 ubi
728 961 849 996 radices
865 971 1044 1007 pennarum
1056 956 1253 994 inseruntur:
1267 959 1354 993 unde
1367 960 1399 993 vi
1412 961 1482 994 exi-

83 1023 145 1059 gua
157 1010 320 1046 attollitur
330 1038 340 1054 ,
354 1014 511 1057 &pennae
527 1009 619 1043 instar
641 1008 750 1044 vexilli
762 1020 848 1056 pone
866 1008 1049 1056 sequuntur.
1078 1010 1196 1053 Qam
1213 1009 1349 1041 minima
1364 1010 1398 1042 vi
1412 1007 1480 1043 ,huc

84 1059 159 1095 illuc
177 1070 330 1094 movetur
346 1070 410 1101 aer,
423 1056 534 1092 resistit
547 1068 656 1092 tamen
668 1057 781 1091 validae
793 1055 940 1100 flabelli,
955 1067 1010 1091 aut
1023 1055 1081 1089 alae
1093 1054 1294 1104 percusfioni,
1309 1061 1343 1092 ὃ(
1355 1055 1396 1091 eo
1407 1068 1478 1091 ma-

82 1110 132 1158 'gi's
147 1108 216 1156 quo
227 1107 372 1143 velocior
380 1106 424 1141 est
437 1105 602 1155 percuffio.
615 1107 684 1152 Qi
699 1108 785 1142 enim
797 1105 985 1141 verberatur
1001 1117 1056 1139 aer
1076 1134 1085 1148 ‚
1108 1106 1141 1139 in
1155 1104 1341 1151 quiescente
1358 1107 1478 1142 circum

83 1160 182 1193 rotari
195 1156 297 1192 debet
309 1156 411 1192 :vhinc
425 1157 504 1190 varii
523 1157 648 1190 attritus
659 1158 742 1190 aeris
757 1153 888 1204 percuffi
905 1160 938 1192 ὃ(
950 1156 1030 1189 moti
1043 1166 1118 1189 cum
1135 1165 1208 1188 aere
1221 1153 1403 1201 quiescente
1417 1182 1427 1197 ‚
1442 1166 1477 1189 ut

83 1208 118 1242 in
130 1219 216 1253 aqua
228 1204 300 1240 vase
317 1216 473 1240 contenta
483 1205 653 1240 cernimus.
664 1205 744 1250 Qae
757 1204 890 1251 quidem
901 1205 1091 1251 agitationes
1103 1230 1112 1245 ,
1131 1207 1168 1238 &
1191 1203 1282 1237 velut
1299 1205 1476 1251 vertigines

81 1257 162 1290 citra
173 1253 382 1290 resistentiam
402 1252 471 1289 fieri
485 1264 657 1300 nequeunt.
671 1254 800 1289 Deinde
816 1252 903 1300 spirae
922 1253 1107 1286 aerisrmotu
1121 1251 1252 1286 elastico
1269 1251 1409 1287 resistunt
1421 1280 1430 1294 ,
1441 1257 1475 1289 δε

81 1303 187 1352 press'ae
195 1303 420 1338 dilatationem
435 1301 598 1338 affeetant.
608 1303 715 1350 Atque
729 1302 792 1337 haec
801 1300 967 1337 resistentia
987 1299 1049 1335 hot
1060 1303 1162 1349 magis
1183 1299 1294 1336 crestit
1309 1331 1318 1344 ‚
1335 1300 1403 1347 quo
1416 1300 1474 1336 fla-

62 1368 64 1370 *
83 1353 162 1388 belli
172 1364 278 1388 motus
291 1350 411 1386 diutius
421 1353 627 1386 continuatur
641 1365 650 1387 :
670 1364 744 1386 cum
755 1353 884 1386 interim
897 1350 952 1385 alae
969 1352 1105 1397 impetus
1118 1348 1160 1384 ab
1179 1362 1216 1384 ea
1233 1352 1314 1384 aeris
1328 1349 1474 1385 resisten-

81 1403 124 1436 tia
134 1405 340 1437 continenter
352 1404 512 1436 minuatur
524 1429 532 1443 ,
544 1401 648 1435 donec
666 1412 800 1447 utraque
809 1403 852 1434 xvi
871 1400 909 1433 ad
921 1397 1136 1446 aquilibrium
1150 1399 1281 1434 redacta
1291 1428 1300 1442 ,
1326 1401 1395 1434 avis
1412 1398 1473 1433 sus.

81 1450 177 1499 pensa
188 1454 222 1486 in
237 1450 353 1485 eodem
371 1449 445 1484 loco
454 1461 650 1497 permaneat.
663 1451 751 1485 Nam
763 1451 831 1483 avis
846 1449 967 1483 tamdiu
987 1447 1125 1482 ascendit
1135 1477 1144 1491 ‚
1165 1449 1309 1495 quandiu
1325 1460 1415 1483 arcus
1428 1447 1471 1482 ab

80 1500 139 1534 alis
149 1500 322 1547 descriptus
337 1495 435 1533 solum
449 1497 577 1533 firmum
592 1497 789 1546 impellendo
804 1496 915 1532 saltum
933 1495 1040 1538 efficit,
1055 1495 1112 1531 ubi
1122 1496 1164 1531 ab
1175 1497 1293 1532 eodem
1303 1496 1370 1531 solo
1381 1508 1471 1531 rece-

80 1550 138 1586 dit.
153 1550 216 1584 Sed
230 1549 287 1583 ubi
301 1547 401 1582 solum
411 1546 488 1581 illud
500 1550 602 1581 minus
616 1545 890 1581 habet-firmitatis
902 1574 911 1589 ‚
926 1550 961 1582 &
981 1546 1095 1579 eadem
1114 1546 1289 1580 velocitate
1312 1546 1400 1580 cedit
1422 1557 1471 1579 re-

80 1602 158 1642 tro,
171 1610 235 1646 qua
248 1599 426 1645 percutitur
444 1622 453 1637 ‚
468 1608 535 1630 tum
554 1597 624 1630 avis
640 1597 826 1643 promoveri
852 1608 917 1629 non
937 1594 1040 1641 potest
1063 1607 1069 1628 :
1099 1606 1225 1628 tantum
1243 1597 1329 1629 enim
1354 1593 1469 1629 sursum

79 1647 183 1682 fertur
192 1647 313 1682 alarum
326 1644 413 1680 flexu
424 1650 456 1681 δε
469 1644 567 1688 saltu,
584 1656 740 1692 quantum
752 1643 898 1678 deorsum
910 1642 1064 1677 relabitur
1077 1641 1121 1678 ob
1132 1642 1313 1686 descensum
1323 1644 1408 1678 aerei
1417 1641 1470 1678 so-

79 1696 102 1732 li
121 1698 172 1730 cui
187 1696 245 1730 alfe
258 1696 448 1729 innituntur.

121 1759 157 1790 4.
173 1746 255 1779 Aves
267 1745 349 1777 inter
362 1742 537 1777 volandum
547 1740 670 1789 semper
689 1743 719 1775 in
735 1753 807 1774 aere
820 1745 926 1787 jacent
937 1753 1039 1789 prono
1058 1752 1172 1776 ventre
1186 1769 1194 1783 ‚
1214 1740 1310 1788 idque
1323 1744 1400 1776 citra
1418 1741 1469 1776 ul-

79 1794 147 1829 lum
157 1805 304 1828 conatum
317 1820 326 1834 ,
350 1792 435 1837 quod
449 1802 594 1825 centrum
609 1791 774 1838 gravitatis
789 1792 819 1823 in
831 1788 1077 1824 infimaventris
1095 1801 1185 1837 parte
1202 1788 1238 1824 fit
1251 1791 1467 1826 constitutum.

78 1844 189 1878 Partes
200 1844 286 1877 enim
298 1839 456 1875 craffiores
473 1851 540 1874 turn
552 1851 660 1873 carnes
672 1868 681 1882 ,
693 1850 759 1873 tum
771 1837 834 1873 ossa
849 1838 995 1874 infimum
1005 1836 1096 1873 situm
1108 1838 1278 1874 sortiuntur
1291 1837 1398 1887 3spina
1410 1852 1469 1873 ve-

78 1891 114 1927 ro
127 1897 162 1928 &
172 1891 260 1925 costae
272 1889 399 1924 subtiles
411 1901 522 1937 parum
539 1886 661 1922 habent
676 1889 848 1936 gravitatis.
864 1888 963 1924 Unde
978 1886 1137 1922 musculos
1151 1890 1205 1934 qui
1221 1888 1285 1922 alas
1298 1888 1466 1932 attollunt,

78 1942 188 1976 nonin
198 1939 349 1986 superiori
361 1938 534 1985 scapula‚ut
543 1935 721 1972 deltoidem
737 1939 770 1972 in
784 1937 937 1980 homine,
956 1934 1006 1971 sed
1024 1938 1057 1971 in
1074 1936 1184 1971 medio
1200 1939 1333 1985 pectore
1351 1950 1465 1972 natura

77 1987 261 2023 collocavit.
278 1987 483 2032 Cum'itaque
494 1997 570 2018 aves
587 1997 691 2030 prono
709 1997 823 2020 ventre
847 1987 880 2019 in
899 1997 973 2019 aere
991 1983 1049 2019 fint
1067 1984 1200 2034 pensiles
1219 2014 1229 2029 ,
1254 1985 1381 2020 facilius
1397 1986 1463 2019 ala-

77 2049 150 2072 rum
165 2034 351 2070 vibratione
363 2036 540 2068 retinentur
550 2060 558 2074 ,
573 2032 715 2079 &lapsus
726 2034 912 2081 impeditur.
924 2034 1010 2068 Cum
1023 2034 1102 2069 stant
1115 2062 1125 2076 ,
1142 2047 1207 2068 non
1222 2034 1348 2082 praecise
1360 2037 1390 2069 in
1404 2035 1463 2069 sta-

79 2097 112 2120 tu
122 2085 161 2119 ad
179 2084 384 2120 horizontem
398 2080 618 2130 parallelo,sed
633 2092 768 2128 corpore
783 2081 943 2129 paululum
956 2081 1113 2117 inclinato
1127 2082 1305 2128 quiescunt.
1313 2085 1361 2119 Est
1373 2084 1462 2118 enim

59 2134 154 2182 -saepe
163 2133 280 2168 collum
292 2133 361 2166 avis
377 2129 644 2178 magniponderis
655 2129 700 2163 ob
717 2130 822 2175 plures
836 2130 1000 2165 vertebras
1024 2136 1058 2167 δε
1078 2133 1190 2179 capitis
1212 2131 1302 2179 ipfius
1325 2132 1459 2180 pondus.

77 2183 179 2220 Unde
205 2183 346 2216 retracto
371 2210 381 2224 ‚
408 2191 464 2214 aut
491 2177 650 2226 prodiisto
672 2178 758 2213 collo
791 2191 891 2227 penes
923 2179 1028 2213 veEtis
1055 2180 1287 2228 longitudinem
1312 2191 1463 2224 momen-

59 2238 144 2266 ertum
165 2230 247 2266 illius
265 2231 421 2271 variatur,
437 2240 472 2262 ac
497 2237 642 2260 centrum
664 2229 828 2274 gravitatis
856 2227 958 2263 mode>
980 2227 1087 2264 versus
1104 2240 1201 2275 caput
1224 2239 1437 2275 promovetur
1451 2256 1461 2270 ‚

77 2278 179 2315 modi>
190 2278 295 2314 versus
307 2279 440 2313 caudam
451 2275 629 2311 retrahitur.
657 2276 744 2310 Cum
767 2279 877 2324 itaque
898 2275 1022 2311 anseres
1041 2277 1182 2311 volitent
1206 2275 1337 2311 exrenso
1355 2276 1462 2319 collo,

66 2340 114 2367 ,ac
123 2340 267 2365 centrum
280 2329 445 2377 gravitatis
459 2325 587 2375 propius
605 2323 640 2358 sit
657 2327 754 2374 capiti
764 2354 772 2369 ,
788 2324 920 2362 simul&
934 2326 1052 2373 pedum
1071 2325 1346 2366 articuloscontra
1359 2337 1459 2373 atque
