1878 2724
423 153 479 188 432
713 137 973 175 PHYSIC'AE
1013 137 1176 172 PARS
1211 136 1506 174 SECUNDA.

421 190 557 237 partium
576 188 801 222 iraimmurent
816 214 824 225 ,
836 198 872 221 ut
891 185 1087 221 fluiditatem
1103 185 1304 220 constantem
1321 186 1476 222 inducant
1491 185 1594 222 :adeo
1619 196 1656 222 ut
1673 186 1816 222 aethetea

421 236 591 273 substantia
601 238 740 270 minutas
752 235 873 269 metalli
886 246 992 283 partes
1004 236 1166 284 exagitare
1185 234 1280 269 facile
1291 234 1395 283 possit.
1409 238 1489 272 Non
1506 236 1597 270 aliter
1616 235 1685 270 fere
1694 249 1731 270 ac
1738 237 1812 284 qui»

422 286 498 320 dam
511 285 651 331 liquores
661 285 693 318 in
712 285 800 318 India
814 296 853 318 ex
868 286 986 331 plantis
999 284 1169 319 eliciuntur
1181 313 1191 327 ‚
1205 285 1260 330 qui
1277 288 1308 320 in
1327 288 1487 334 Europam
1506 284 1594 319 allati
1609 285 1712 320 statim
1728 293 1807 320 con-

421 332 572 369 crescunt.
596 334 648 366 Sic
667 331 823 380 butyrum
844 334 940 368 instar
953 334 1017 368 olei
1037 331 1173 368 fluidum
1190 332 1236 366 est
1255 345 1318 382 prae
1336 333 1450 368 calore.
1471 336 1522 369 Sic
1539 333 1713 383 camphora
1733 333 1809 369 licet

421 430 487 465 olei
501 429 598 465 fluida
616 430 811 478 perseveret.
829 433 881 466 Sic
899 429 1022 466 ferrum
1036 436 1067 467 ἃ
1085 442 1216 479 cuprum
1236 444 1298 479 ope
1317 433 1400 466 acidi
1415 432 1566 467 menstrui
1584 435 1614 467 in
1639 431 1808 467 virriolum

421 479 587 527 quoddam
620 478 739 514 abeunt
757 497 766 523 ·,
787 481 1000 529 hydrargyrus
1034 479 1098 529 ipse
1118 491 1191 513 cum
1218 479 1332 515 sulfure
1348 480 1531 516 sublimatus
1556 483 1590 516 in
1608 479 1813 515 cinnabarim

421 527 596 563 concrescit
608 555 616 570 ,
638 540 778 575 cumque
788 541 872 576 aqua
885 529 979 564 fortis
997 528 1038 564 ab
1051 542 1090 563 eo
1100 528 1172 562 disti
1188 528 1286 573 latur,
1311 533 1343 564 in
1363 529 1495 564 rubrum
1513 529 1682 577 pulverem
1703 531 1815 577 praeci»
1858 535 1863 574 ξ

421 579 552 625 pititur.
572 580 643 611 lmo
662 583 696 614 &
728 575 822 612 solius
840 579 922 626 ignis
940 581 971 614 vi
995 580 1026 613 in
1044 576 1176 613 rubrum
1197 578 1365 626 pulverem
1389 592 1445 628 per
1464 579 1492 614 se
1509 579 1641 615 tandem
1664 577 1809 613 concres-

421 638 472 661 cit.

458 675 546 724 Q³d
561 675 648 721 quod
668 677 699 710 in
716 674 949 725 Transylvania
969 675 1075 711 locum
1094 676 1269 723 quemdam
1287 675 1348 711 effe
1363 676 1529 721 referunt,
1549 675 1605 712 ubi
1627 677 1810 726 hydrargy-

421 726 446 758 ri
458 727 564 772 portio
583 723 600 759 ὲ
621 736 711 758 rerrae
720 724 940 774 penetralibus
951 727 982 759 in
1001 737 1147 774 ape1tum
1159 737 1266 760 aerem
1285 737 1455 775 erumpens
1465 726 1559 760 brevi
1571 728 1602 760 in
1617 727 1728 762 durum
1739 738 1811 761 cor*-

420 785 477 820 pus
499 775 672 808 concrescit
691 788 699 809 :
714 774 797 808 adeo
815 785 916 822 parvo
930 787 1102 810 momento
1131 786 1245 822 corpus
1263 771 1399 809 ffuidum
1415 778 1447 810 in
1471 775 1583 810 dutum
1597 777 1810 812 convertitur.

422 824 502 868 Qo
521 824 623 857 minus
635 825 788 857 miremur
803 852 812 866 ‚
833 821 852 857 fi
865 834 933 857 arte
945 823 1010 871 ipsa
1026 825 1219 859 contrarium
1230 821 1311 858 effici
1324 823 1420 872 poffit
1431 853 1441 868 ,
1457 829 1490 862 ὅ(
1503 825 1723 873 duricorporis
1736 826 1811 860 vin-

421 872 492 905 cula
505 869 641 914 resolvi,
659 884 694 906 ut
711 873 752 906 de
770 872 943 920 camphora
964 873 1112 909 diximus.

453 923 566 968 Itaque
578 920 649 954 satis
667 921 710 955 est
721 920 890 956 verisimile
900 919 997 955 salem
1008 950 1017 963 ,
1033 921 1131 960 sulfur
1147 950 1156 964 ‚
1178 926 1210 958 δε
1225 920 1459 970 hydrargyrum
1471 922 1614 956 extrasta
1625 923 1641 958 ὲ
1653 921 1813 966 ῑῑκπειίἰίε,ι
1864 949 1866 952 .

419 981 486 1004 non
510 968 571 1003 esse
585 969 790 1004 metallorum
806 971 982 1018 principia,
1001 968 1052 1004 sed
1084 981 1188 1006 novas
1202 998 1212 1013 ,
1240 970 1354 1016 easque
1368 984 1435 1006 non
1451 969 1608 1019 simplices
1626 973 1812 1006 concretio.

418 1029 475 1053 nes
491 1045 501 1059 ‚
522 1030 559 1051 ex
576 1020 612 1052 iis
625 1031 701 1065 quae
716 1019 840 1063 adjeera
858 1018 948 1061 sunt,
962 1022 996 1053 δε
1020 1017 1227 1053 metallorum
1247 1019 1410 1066 particulis
1429 1018 1628 1067 compofita3
1646 1032 1680 1055 ut
1698 1021 1809 1055 videre

418 1067 461 1100 est
472 1068 507 1101 in*
517 1065 800 1102 [iccium-Saturni
814 1068 900 1114 quod
913 1070 995 1102 aceti
1007 1066 1116 1116 spiritu
1124 1066 1302 1116 perficitur,
1318 1080 1372 1103 aut
1386 1071 1424 1104 in
1435 1069 1496 1104 sale
1507 1071 1624 1104 Martis
1641 1069 1694 1104 seu
1713 1069 1789 1104 ferri
1802 1096 1812 1113 ‚

418 1117 475 1162 qui
493 1115 658 1151 acidorum
671 1128 735 1164 ope
749 1118 854 1164 parari
868 1115 959 1150 solet.

457 1165 538 1202 Sed,
549 1166 700 1211 inquiunt
714 1192 724 1207 ,
737 1168 931 1200 mercurium
951 1165 1160 1201 metallorum
1182 1167 1245 1203 esse
1256 1167 1449 1216 principium
1464 1194 1473 1210 ‚
1493 1167 1525 1201 in
1539 1168 1576 1201 iis
1597 1168 1671 1202 actu
1687 1165 1806 1202 existe-

418 1225 453 1247 re
465 1241 474 1256 ‚
491 1218 525 1249 &
545 1225 583 1247 ex
598 1215 635 1247 iis
651 1213 743 1258 elici,
758 1214 833 1248 hinc
847 1214 949 1261 liquet
961 1216 1050 1262 quod
1066 1228 1138 1250 curn
1160 1218 1197 1251 iis
1217 1216 1316 1252 facile
1334 1215 1502 1251 misceatur
1516 1244 1527 1259 ,
1551 1227 1662 1252 eorum
1680 1227 1807 1252 meatus

417 1261 529 1296 subeat
540 1289 549 1303 ,
562 1263 598 1296 iis
612 1261 737 1310 pondus
748 1265 987 1312 &gravitatem
996 1262 1147 1312 praebear.
1810 1289 1813 1291 -

459 1310 648 1358 Respondet
664 1312 706 1347 D.
717 1313 815 1358 Boyle
830 1312 1010 1361 amalgama
1023 1311 1076 1347 seu
1094 1312 1313 1348 confusionem
1331 1314 1480 1348 mercurii
1491 1324 1566 1348 cum
1579 1324 1657 1349 auro
1666 1324 1720 1348 aut
1732 1311 1805 1348 aliis

418 1359 556 1394 metallis
571 1359 631 1394 esse
645 1359 881 1395 dissolutionem
894 1361 1056 1408 quandam
1069 1379 1080 1404 ·,
1093 1371 1200 1410 neque
1213 1362 1244 1396 id
1268 1361 1391 1398 neceise
1409 1360 1471 1397 else
1484 1374 1519 1397 ut
1538 1364 1621 1397 inter
1636 1360 1807 1398 dissolvens

419 1414 454 1445 &
471 1421 540 1443 rem
551 1407 730 1444 dilsolutun
752 1405 787 1445 sit
809 1422 925 1459 magna
943 1412 1114 1459 cognatim
1139 1412 1190 1445 sed
1206 1410 1277 1446 saris
1295 1413 1338 1446 est
1355 1410 1376 1445 fi
1391 1420 1496 1459 partes
1513 1416 1578 1459 ejus
1599 1410 1657 1448 lint
1673 1409 1782 1461 figurae
1795 1439 1807 1455 ,

419 1468 485 1505 qua
501 1470 597 1507 poros
614 1457 805 1494 dissolvendi
824 1462 967 1507 corporis
987 1459 1084 1494 facile
1099 1459 1242 1496 subeant.
1263 1461 1363 1497 Unde
1381 1472 1465 1507 aqua
1483 1459 1577 1495 fortis
1597 1459 1678 1495 ebur
1693 1466 1806 1497 &cor-

419 1518 481 1543 flua
499 1507 657 1550 exsolvit,
671 1520 805 1556 cuprum
816 1520 884 1543 tum
899 1507 1020 1557 spiritus
1038 1511 1120 1543 aceti
1132 1539 1141 1553 ‚
1159 1522 1233 1544 turn-
1242 1509 1381 1545 urinosus
1399 1508 1524 1556 spiritus
1542 1508 1612 1544 salis
1634 1511 1808 1545 armeniaci

421 1555 572 1592 diffolvit.
589 1557 819 1605 Hydtargyrus
837 1557 901 1605 ipse
917 1569 992 1591 cum
1007 1557 1121 1592 stanno
1142 1559 1229 1606 quod
1249 1559 1296 1594 est
1315 1557 1483 1593 metallum
1503 1557 1695 1594 leviffimum
1709 1557 1807 1593 facile

419 1604 628 1652 permiscetur
641 1634 650 1648 ,
677 1619 742 1640 non
757 1609 836 1640 item
851 1619 924 1640 cum
943 1605 1030 1641 ferro
1053 1612 1084 1642 &
1101 1619 1198 1655 cupro
1216 1621 1288 1656 quae
1307 1606 1377 1643 sunt
1392 1609 1552 1656 graviora.
1584 1608 1677 1655 Qid
1690 1637 1699 1651 ‚
1715 1606 1805 1655 qubd

421 1666 534 1689 aurum
556 1654 652 1702 longe
665 1655 711 1688 est
725 1658 850 1703 gravius
877 1655 1097 1703 hydrargyro:
1118 1659 1307 1704 monitaque
1322 1669 1420 1692 omne
1440 1656 1525 1691 illius
1544 1658 1667 1705 pondus
1681 1656 1722 1691 ab
1743 1656 1807 1705 hy-

422 1702 576 1751 drargyro
590 1702 811 1751 proficiscitur.
824 1706 897 1740 Nec
910 1702 1043 1738 dubium
1068 1716 1177 1740 tamen
1197 1706 1243 1740 est
1255 1708 1332 1754 quin
1347 1717 1426 1741 unus
1450 1705 1666 1755 hydrargyrus
1682 1705 1748 1740 alio
1770 1704 1807 1741 fit

420 1756 455 1787 δ(
476 1754 604 1799 gravior
625 1758 657 1788 &
674 1752 864 1798 pei-feerior.
888 1753 986 1788 Unde
999 1758 1034 1789 &
1047 1752 1066 1787 a
1088 1754 1265 1802 Chymistis
1284 1755 1364 1789 solet
1378 1756 1472 1788 variis
1498 1755 1605 1790 modis
1627 1757 1811 1803 expurgari.

424 1802 503 1847 Qo
521 1804 545 1834 is
557 1800 673 1836 melius
684 1800 1094 1850 expurgetur,c11mabarim
1104 1804 1135 1836 in
1153 1815 1284 1838 tenuem
1296 1805 1531 1839 comminutum
1545 1802 1712 1851 pulverem
1732 1815 1807 1839 curn

419 1849 583 1897 duploaut
603 1848 713 1884 mrem
729 1851 844 1896 aequali
855 1850 999 1896 pondere
1018 1849 1175 1885 limarurae
1201 1851 1348 1899 chalybis
1364 1854 1396 1886 in
1413 1851 1520 1899 ampla
1533 1863 1654 1886 retorta
1670 1851 1809 1887 exstillat

419 1898 469 1931 D.
488 1898 605 1943 Boyle3
628 1909 694 1932 tum
707 1900 794 1932 enim
804 1898 899 1932 sulfur
911 1896 1090 1932 cinnabaris
1103 1899 1233 1948 chalybi
1248 1898 1454 1944 adhaerescit,
1465 1912 1500 1934 ac
1512 1909 1656 1935 remanet
1671 1900 1806 1949 hydrar-

419 1958 516 1993 gyrus
535 1950 569 1982 ὃ(
579 1948 684 1992 purior
696 1953 727 1982 δε
739 1949 899 1994 vegetor.
911 1945 1034 1981 Verum
1047 1949 1183 1983 nimium
1202 1952 1404 1984 excurrimus.
1425 1951 1469 1984 Ea
1489 1950 1716 1985 tantummodo
1733 1961 1807 1998 quae

420 1994 461 2028 ad
482 1995 659 2029 institutum
687 1996 826 2030 nostrum
846 2024 857 2038 ,
873 2001 906 2031 &
925 1995 964 2028 ad
985 1996 1192 2032 metallorum
1216 2001 1374 2048 originem
1393 2009 1450 2033 aut
1469 2000 1624 2047 principia
1641 2001 1808 2047 pertinent

420 2045 580 2090 attingere
596 2044 758 2079 voluimus
771 2062 780 2087 ·,
794 2045 892 2090 idque
906 2056 1005 2079 unum
1017 2045 1186 2081 ostendere
1203 2076 1212 2090 ,
1229 2062 1296 2083 non
1311 2049 1393 2082 adeo
1406 2048 1437 2080 id
1452 2059 1575 2082 certum
1592 2046 1653 2082 effe
1666 2053 1699 2085 &
1715 2048 1808 2086 indu-

420 2090 562 2127 bitatum
573 2121 582 2135 ‚
603 2104 637 2127 ut
650 2095 852 2128 contendunt
866 2094 1020 2140 Chymici
1031 2124 1041 2138 ,
1057 2095 1188 2131 metalla
1203 2109 1241 2131 ex
1261 2097 1335 2140 sale,
1349 2096 1468 2132 sulfure
1478 2125 1487 2140 ‚
1499 2103 1532 2133 &
1553 2098 1712 2132 mercurio
1726 2109 1807 2132 con-

422 2140 502 2175 stare
529 2171 537 2184 ,
565 2143 610 2175 uti
628 2141 716 2176 forte
731 2155 791 2176 nec
809 2145 905 2176 mixta
925 2143 1047 2190 reliqua
1066 2173 1074 2185 ‚
1090 2147 1362 2190 quemadmodum
1379 2148 1410 2180 in
1428 2144 1557 2193 Physica
1575 2144 1717 2194 generali
1736 2145 1804 2180 fuse

419 2188 595 2236 probatum
608 2219 616 2232 ,
633 2190 687 2225 ubi
704 2190 817 2226 multas
833 2193 973 2226 rationes
989 2204 1025 2225 ex
1044 2192 1208 2240 Chymista
1225 2195 1364 2244 sceptico
1382 2194 1557 2237 attulimus,
1568 2207 1641 2242 quae
1651 2194 1813 2229 salremid'

421 2237 810 2287 efficiunt,Chymicorum
830 2242 984 2287 principia
999 2254 1064 2275 non
1081 2241 1139 2276 vis?
1155 2247 1299 2279 omnium
1313 2247 1416 2279 oxima
1432 2271 1441 2286 ,
1458 2255 1519 2278 nec
1541 2242 1664 2291 ubique
1676 2242 1804 2287 eadem,

419 2287 654 2335 &plerumque
670 2302 706 2323 ea
722 2288 762 2323 nb
774 2288 840 2337 ipso
861 2292 934 2337 igne
947 2289 1035 2336 profi
1048 2290 1108 2325 isci.
1313 2287 1324 2292 ⁶

458 2336 545 2370 Sales
558 2349 635 2371 vero
650 2351 705 2373 aut
718 2339 825 2372 acidos
837 2368 845 2382 ‚
859 2350 910 2371 aur
921 2339 1012 2371 alcali
1027 2341 1057 2372 in
1069 2340 1205 2375 metallis
1220 2341 1471 2379 &inineralibris
1481 2339 1579 2376 inesse
1589 2353 1627 2376 ex
1639 2341 1802 2389 liquorum

420 2385 630 2430 permistione
640 2386 712 2423 satis
727 2386 941 2436 probabiliter
952 2387 1078 2436 colligit
1095 2391 1142 2427 D.
1154 2391 1382 2440 Grevv,quem
1398 2391 1577 2427 identidem
1593 2389 1803 2427 laudavimus.

1658 2442 1804 2488 Primum

1858 0 1878 343 l

421 383 533 416 durum
559 380 593 415 fit
609 393 748 430 corpus,
777 393 888 417 tamen
914 381 1036 430 spiritus
1063 394 1154 430 aquae
1173 381 1264 416 forus
1287 385 1332 417 ita
1349 395 1420 417 eam
1443 394 1613 431 penetrant
1627 411 1635 425 ,
1660 395 1695 418 ut
1711 382 1808 417 instar
1858 374 1868 424 ‚¹
