1878 2724
367 160 425 199 692,
904 149 928 188 P
949 148 983 186 H
1007 150 1038 188 Y
1061 150 1082 187 S
1100 150 1113 186 1
1131 149 1162 187 C
1181 150 1220 186 AE
1566 172 1570 173 ν

365 200 404 239 iis
418 202 542 253 praebet
552 201 936 251 alimentum,antequam
949 198 1164 237 excludantur.
1177 200 1268 236 Nam
1282 195 1476 250 plerumque
1488 211 1550 238 ova
1564 198 1774 247 infestorum

366 259 400 290 &
414 266 523 288 eorum
538 251 683 286 maxime
694 261 763 296 quae
776 251 809 284 in
822 248 913 285 caseo
928 251 1102 297 gignuntur
1115 277 1124 292 ‚
1140 247 1228 285 mole
1239 246 1348 285 sensim
1362 247 1536 299 augentur:
1558 250 1641 286 adeo
1663 263 1698 288 ut
1713 265 1771 287 ve.

366 303 414 337 lut
425 306 456 337 in
471 313 563 338 utero
575 309 724 336 materno
745 298 882 338 inclusus
895 298 992 334 foetus
1006 297 1149 336 formam
1164 298 1326 333 interdum
1340 303 1373 335 &
1387 297 1523 346 figuram
1543 302 1685 347 parentis
1704 313 1770 339 non

365 354 501 386 omnino
512 349 642 386 referat.
660 352 737 398 Qia
753 349 887 398 quidem
899 350 1028 382 ratione
1039 347 1174 383 obscura
1199 346 1375 383 multotum
1393 348 1585 383 insectorum
1605 351 1699 398 origo
1717 362 1771 386 ex-

364 401 475 448 plicari
487 399 609 449 potest:
624 399 706 433 adeo
718 411 753 434 ut
763 397 843 434 nihil
854 396 977 433 necelse
990 396 1027 432 fit
1040 399 1079 432 ad
1094 399 1302 432 temerariam
1316 410 1353 432 ex
1365 402 1451 446 putri
1462 399 1609 441 materia,
1621 404 1653 435 ὃ(
1663 399 1771 435 nescio

364 463 464 498 quam
477 451 577 485 totius
587 452 728 498 materiae
743 447 1046 486 transmutationem
1063 446 1152 483 velut
1161 446 1180 483 a
1192 446 1292 495 sigillo
1303 447 1446 495 quodam
1461 446 1642 498 impreffam
1652 449 1770 484 confu-

364 512 454 549 gete.

409 564 432 595 3.
443 551 518 584 Huc
531 545 868 596 pertinentiumbrici‚
882 548 938 596 qui
953 558 990 581 ex
1002 547 1073 581 ovis
1090 545 1129 581 fic
1146 545 1365 589 nascuntur,ut
1379 545 1502 582 nullam
1516 545 1653 582 subeant
1667 559 1772 585 muta,

365 601 504 634 tionem.
520 601 557 634 ln
578 598 625 633 his
653 596 778 646 sanguis
801 595 899 632 ruber
920 597 962 632 est
978 624 988 640 ,
1015 608 1082 631 non
1102 594 1193 631 albus
1211 623 1220 638 ,
1237 606 1294 630 aut
1317 594 1454 644 aquosus
1478 609 1513 632 ut
1538 597 1570 633 in
1587 600 1706 633 caeteris
1719 599 1771 633 in-

366 646 471 684 scetis.

415 713 450 743 4.
462 698 609 733 Limaces
626 708 666 730 ex
682 697 752 730 ovis
766 696 884 732 itidem
910 695 1124 731 excluduntur
1141 693 1200 730 suis
1213 690 1358 743 partibus
1374 694 1529 732 instrueti.
1543 698 1579 731 ln
1592 708 1630 731 ea
1642 696 1688 731 est
1702 694 1770 731 sen-

365 749 470 783 tentia
486 742 609 782 Clariis.
624 745 865 779 vaamerdam
882 775 891 789 ‚
906 757 1076 793 utrumque
1088 743 1195 779 sexum
1213 747 1247 779 in
1267 743 1437 779 limacibus
1454 773 1463 788 ,
1480 746 1609 790 ostreis,
1624 751 1657 782 &
1676 746 1770 780 testa-

365 800 431 833 ceis
446 795 591 845 plurimis
603 823 613 838 ,
627 794 697 829 fere
713 806 749 829 ut
766 796 797 830 in
810 794 930 844 plantis
943 794 1115 830 confundi.
1132 796 1343 829 Excrementa
1368 806 1424 842 per
1438 793 1556 830 collum
1567 822 1577 838 ,
1595 807 1650 830 aut
1667 797 1773 830 cervi-

365 860 439 882 cem
451 855 588 895 egerunt
600 861 610 888 ;
622 846 655 878 in
666 856 706 877 eo
719 843 792 879 loco
805 847 1023 893 generationis
1036 856 1156 892 organa
1165 843 1386 880 reconduntur
1397 873 1406 888 ,
1422 846 1490 879 imo
1512 849 1547 880 &
1567 857 1606 879 ex
1624 845 1663 879 ea
1682 856 1774 893 parte

367 909 478 932 aetem
498 896 629 928 ducunt.
640 895 763 928 Genus
777 894 941 940 quoddam
958 894 1082 928 limacis
1094 891 1274 927 asservabat
1286 922 1294 935 ‚
1313 894 1348 928 in
1370 906 1437 941 quo
1464 893 1590 942 lapillus
1608 897 1749 929 cernitur
1761 923 1773 938 ‚

368 948 424 993 qui
440 944 523 980 forte
535 944 577 977 est
593 942 686 976 instat
699 940 837 976 thoracis
848 971 859 986 ,
873 947 906 979 &
920 941 974 977 sub
991 954 1032 976 eo
1043 942 1149 990 lapide
1159 953 1215 974 cor
1232 941 1309 975 latet
1322 941 1381 977 suis
1395 943 1544 977 auriculis
1559 943 1773 979 membrano-

367 994 403 1029 fis
415 994 609 1028 instructum.
622 994 747 1026 Dentes
761 990 884 1025 limacis
902 991 1055 1039 superiori
1070 988 1207 1025 maxilla:
1224 989 1337 1025 infixos
1350 1019 1359 1034 ,
1369 1003 1434 1026 non
1445 990 1615 1040 separat05‚
1629 991 1681 1027 sed
1693 1004 1771 1029 con.

369 1048 477 1080 tinuos
494 1038 643 1089 expreffit
656 1042 689 1073 in
704 1040 948 1088 Mictographia
958 1043 999 1076 D.
1013 1042 1136 1076 Hooxe.
1151 1040 1175 1073 li
1190 1037 1269 1073 vero
1279 1039 1370 1072 instat
1383 1052 1484 1074 cornu
1501 1039 1572 1075 sunt.
1589 1040 1720 1076 flexiles.

402 1108 428 1141 ς,
446 1094 520 1127 Huc
537 1089 650 1124 referti
664 1087 788 1124 debent
804 1089 965 1137 pediculi,
985 1088 1105 1138 pulices
1116 1116 1126 1132 ,
1151 1089 1236 1121 acati
1250 1115 1259 1130 ‚
1280 1092 1313 1124 ὅ(
1325 1082 1485 1136 alia'hujus
1499 1092 1625 1137 generis
1638 1090 1771 1125 animal-

367 1143 450 1178 cula.
467 1139 611 1177 Pediculi
625 1138 815 1173 structuram
834 1137 1002 1188 eleganter
1022 1135 1169 1186 expresfit
1184 1140 1226 1172 D.
1244 1137 1384 1180 Hooxe3
1403 1136 1488 1172 illius
1506 1150 1616 1174 ortum
1636 1152 1674 1173 ac
1696 1153 1772 1188 pro-

367 1190 505 1238 grell'um
516 1200 664 1224 accurate
675 1186 835 1236 descripsit
845 1191 888 1225 D.
900 1191 925 1222 S
927 1187 1154 1224 vvamerdam.
1169 1189 1281 1222 Ovum
1296 1199 1338 1221 ex
1349 1198 1416 1234 quo
1430 1187 1620 1234 prodit,lens
1633 1189 1750 1224 dicitur
1760 1218 1771 1233 ‚

368 1233 404 1277 in
423 1253 460 1275 ea
484 1240 643 1275 formatur
662 1238 838 1286 pediculus.
855 1239 894 1273 In
917 1238 1005 1287 hujus
1023 1237 1136 1272 medio
1158 1238 1315 1284 punctum
1334 1235 1532 1284 diaphanum
1557 1238 1772 1287 microscopio

369 1289 536 1338 conspexit
550 1287 657 1335 ‚quod
671 1299 763 1322 motu
781 1286 927 1323 diastoles
939 1293 972 1324 ὃ(
983 1287 1112 1338 systoles
1127 1287 1219 1321 instar
1230 1286 1335 1320 cordis
1352 1287 1506 1333 agitatur.
1526 1287 1692 1322 Existimat
1712 1300 1772 1323 ve-

358 1340 408 1376 ro
418 1351 517 1374 ovum
535 1337 612 1372 illud
622 1341 689 1386 jam
701 1336 761 1372 else
773 1336 893 1371 animal
904 1336 1006 1385 ipsum
1021 1336 1210 1378 formatum,
1224 1335 1313 1383 quod
1329 1334 1490 1370 exclusum
1499 1337 1604 1372 statim
1616 1337 1658 1372 est
1669 1349 1771 1385 gene-

370 1390 489 1427 rationi
499 1388 668 1423 idoneum.
677 1389 713 1422 In
726 1386 800 1421 loco
812 1386 980 1435 frigidiore
991 1386 1102 1422 lendes
1111 1386 1196 1421 'mox
1208 1387 1415 1421 emoriuntur,

419 1436 546 1474 Verum
559 1447 593 1470 ut
611 1438 751 1485 partium
765 1435 1083 1480 conformationem,
1102 1447 1201 1484 quam
1230 1437 1271 1470 D.
1291 1436 1409 1468 Hooxe
1425 1433 1580 1481 exquisito
1596 1435 1769 1471 microsco-

369 1491 428 1539 pio
442 1487 512 1523 usus
525 1484 870 1534 depinxit‚summatim
885 1485 1124 1534 persequamur.
1137 1482 1287 1520 Primum
1307 1485 1445 1518 occurrit
1462 1496 1559 1533 caput
1575 1488 1607 1520 in
1622 1488 1771 1521 conicam

369 1551 455 1588 pene
476 1537 616 1573 formam
635 1547 816 1579 tornatum,
830 1534 885 1570 nisi
902 1536 992 1583 quod
1009 1533 1245 1583 aliquantulum
1260 1545 1297 1567 ex
1315 1544 1450 1580 utraque
1469 1545 1560 1581 parte
1576 1536 1769 1584 comprimi..

371 1600 439 1631 tut,
453 1599 536 1636 pene
551 1584 648 1620 instar
663 1584 801 1620 follium·
826 1587 875 1621 Os
899 1583 999 1633 ipsum
1025 1598 1092 1621 non
1112 1595 1202 1633 patet
1220 1612 1230 1626 ,
1252 1581 1304 1616 sed
1329 1594 1367 1617 ex
1387 1594 1428 1616 eo
1454 1594 1568 1631 corpus
1583 1584 1768 1619 aculeatum

369 1637 535 1688 paululum
547 1634 709 1682 egreditur
720 1647 806 1682 ,quo
816 1635 1001 1684 sanguinem
1012 1633 1144 1683 exsugit.
1159 1637 1195 1668 ln
1209 1632 1332 1667 summa
1349 1633 1460 1679 capitis
1478 1645 1568 1680 parte
1587 1634 1652 1668 duo
1669 1633 1770 1682 ampli

371 1686 454 1722 oculi
466 1699 539 1721 cum
552 1684 632 1719 ciliis
653 1686 810 1719 eminent.
832 1687 907 1720 Duo
919 1696 1048 1733 quoque
1061 1683 1224 1732 praelonga
1234 1693 1353 1716 cornua
1371 1681 1548 1717 antrorsum
1559 1683 1770 1731 proferuntur

370 1739 468 1772 variis
478 1733 753 1771 articulationibus
768 1733 917 1772 distincta
930 1762 941 1778 ,
956 1733 1042 1773 forte
1059 1746 1094 1771 ut
1107 1732 1218 1768 obices
1237 1741 1451 1774 removeant,
1475 1733 1533 1781 qui
1546 1731 1646 1768 oculis
1660 1730 1770 1767 obelse

371 1786 507 1836 pollent.

405 1836 491 1871 Cum
506 1835 585 1872 vero
599 1836 728 1870 rostrum
748 1835 919 1869 acutumin
933 1844 1041 1868 cutem
1058 1830 1247 1881 infigit‚tum
1257 1830 1277 1866 ἐι
1290 1830 1394 1865 rostro
1407 1832 1440 1865 in
1453 1841 1607 1866 ventrem
1622 1829 1765 1865 demiffiis

372 1885 492 1933 sanguis
512 1884 710 1933 mictoscopii
725 1895 788 1930 ope
801 1882 1097 1931 conspicitur,motu
1110 1881 1326 1916 undulationis
1339 1878 1498 1913 fluctuans
1511 1907 1520 1920 ‚
1535 1879 1621 1925 quali
1633 1892 1689 1927 pet·
1704 1879 1770 1913 fol-

373 1934 431 1977 les,
449 1934 501 1967 vel
515 1934 650 1968 antliam
660 1934 866 1978 exprimatur.
881 1932 1010 1978 Corpus
1028 1932 1116 1964 enim
1128 1930 1214 1977 hujus
1225 1927 1371 1963 animalis
1383 1939 1485 1961 totum
1499 1928 1637 1974 pellucet
1649 1958 1659 1971 ‚
1673 1940 1774 1975 atque

371 1982 521 2030 impulsus
533 1981 596 2030 ipse
609 1981 767 2029 sanguinis
783 1982 814 2013 in
828 1991 976 2017 ventrem
988 1981 1055 2013 imo
1065 1979 1324 2015 &intestinorum
1336 1988 1442 2011 motus
1460 1976 1517 2011 sub
1530 1976 1693 2025 aspeCkum
1708 1990 1768 2013 ver

373 2035 424 2069 nit
439 2049 447 2076 ·‚
460 2044 549 2066 venae
562 2042 677 2066 ornnes
688 2029 869 2065 candicant.

417 2084 479 2116 Sex
492 2079 627 2129 pedibus
639 2078 916 2121 instruitur,crusta
931 2076 1089 2124 pellucida
1104 2077 1237 2112 munitis
1251 2105 1260 2119 ,
1275 2076 1458 2114 &loricatis
1469 2076 1536 2111 fere
1547 2086 1581 2110 ut
1594 2077 1626 2111 in
1635 2076 1770 2120 cancri53

374 2144 462 2168 crura
472 2142 611 2178 quaeque
626 2128 711 2165 insex
721 2139 826 2177 partes
842 2128 934 2161 variis
948 2125 1229 2162 articulationibus
1243 2127 1408 2162 devinctas
1419 2125 1771 2167 dividuntur—‚extrema

373 2181 519 2217 desinunt
533 2182 565 2215 in
576 2191 696 2227 ungues
708 2177 883 2212 admodum
894 2177 1128 2223 acutos-Atque
1139 2176 1186 2211 his
1200 2175 1290 2211 velut
1299 2176 1563 2225 digitis‚quorum
1576 2186 1657 2208 unus
1669 2173 1713 2219 est
1726 2173 1771 2208 al-

374 2245 444 2269 tero
458 2230 635 2279 longior‚ca
662 2227 733 2263 illos
746 2228 833 2262 arete
846 2226 1157 2273 complectuntui·‚ac
1172 2225 1285 2260 sursum
1295 2238 1350 2260 aut
1366 2225 1515 2259 deorsum
1528 2236 1561 2258 ut
1573 2221 1701 2257 libitum
1712 2222 1770 2265 est,

374 2291 571 2318 commeant.
587 2281 625 2313 In
640 2279 718 2313 ectis
728 2275 886 2325 plerisque
906 2275 1058 2322 ejusmodi
1073 2273 1178 2311 insunt
1192 2287 1314 2324 ungues
1327 2303 1337 2319 ‚
1351 2273 1401 2309 sed
1415 2275 1538 2310 nonita
1555 2270 1693 2321 dispositi
1712 2273 1767 2308 :in

374 2332 437 2367 hoc
450 2332 536 2365 enim
550 2327 632 2363 alter
645 2325 872 2375 velutpollicis
890 2338 1005 2360 munus
1018 2323 1101 2361 obit.

409 2384 444 2416 In
457 2379 589 2427 pectore
601 2376 725 2412 infinita
736 2387 837 2424 prope
848 2373 923 2409 vasa
938 2374 1040 2408 lactea
1052 2385 1237 2410 cernuntur.
1258 2374 1293 2408 Icl
1314 2375 1426 2421 utique
1438 2371 1526 2407 velut
1541 2382 1660 2405 corneo
1673 2371 1768 2404 invo-

375 2430 464 2466 lucro
475 2429 595 2476 tegitur
604 2456 614 2471 ,
631 2439 703 2462 cum
715 2428 837 2463 ventris
849 2435 1075 2474 tegumentum
1085 2422 1120 2458 sit
1128 2422 1259 2459 similius
1269 2425 1346 2460 cuti.
1355 2426 1390 2459 ln
1405 2434 1445 2457 eo
1455 2419 1622 2470 conspicua
1633 2418 1699 2455 sunt
1710 2430 1768 2455 va-
