1878 2724
368 138 427 170 270
923 121 949 158 P
981 123 1016 160 H
1037 124 1068 160 Y
1092 125 1114 160 S
1137 126 1151 159 1
1170 123 1200 160 C
1219 126 1259 159 ,ΔΕ

368 186 529 223 aequatore
544 203 552 219 ‚
575 171 689 209 umbra
706 170 791 206 illius
807 169 919 220 puncti
936 185 993 221 pet
1011 174 1103 221 quod
1121 186 1266 221 aequator
1283 173 1347 211 fuit
1361 173 1537 225 descriptus
1548 203 1558 220 ,
1575 184 1788 223 aequatorerm

370 236 504 274 quoque
516 222 681 269 horologii
696 222 730 256 N
741 223 775 255 H
786 223 813 255 L
825 225 837 256 1
851 249 861 264 ,
873 223 1024 271 attinget.

407 277 522 321 Itaque
534 284 573 306 ex
584 273 621 304 iis
639 271 803 319 principiis
819 270 1068 321 horoiogioturn
1087 271 1240 308 solarium
1266 283 1333 308 tarn
1351 276 1443 309 variae
1456 273 1684 323 descriptiones
1702 280 1793 321 pros

371 323 491 360 fluunt.
517 320 681 368 Quaedam
699 320 733 355 in
750 320 925 369 horologio
944 322 1061 357 dantur
1075 350 1086 366 ‚
1111 334 1147 357 ut
1163 322 1250 358 linea
1271 323 1461 367 meridiana,
1476 326 1543 359 axis
1563 321 1654 372 ipfius
1672 322 1776 357 collo-

374 373 460 407 catio
477 399 488 414 ‚
514 370 657 406 altitudo
666 368 735 417 poli
749 397 757 408 ,
775 370 952 405 declinatio
963 371 1176 407 horizontalis
1187 401 1197 415 ,
1208 370 1282 407 solis
1296 372 1473 408 declinatio
1486 401 1495 416 ,
1513 384 1568 408 aut
1579 373 1661 408 linea
1673 383 1781 420 :equa-

373 423 450 456 toris
466 449 476 464 ‚
494 419 619 467 reliqua
635 417 858 467 perficiuntur.
873 422 955 455 Haec
968 424 1134 469 utique,ex
1157 421 1301 470 apposita
1322 420 1422 470 figura
1443 421 1524 457 fient
1534 423 1704 470 apertiora.

412 469 464 513 C,
478 480 516 504 ut
527 469 665 504 diximus
681 469 746 512 ,est
755 481 904 506 centrum
922 472 1034 505 mundi
1050 500 1060 515 ,
1074 483 1128 506 aur
1140 483 1233 506 rerrae
1255 489 1264 516 3
1286 473 1320 507 O
1339 483 1434 506 τευ-ω
1448 470 1631 520 superficies
1641 498 1651 514 ,
1665 471 1744 518 QO
1758 474 1797 507 1³³

376 521 447 555 axis
465 528 624 568 apparens
639 520 696 566 qui
710 530 768 567 per
783 527 872 554 rerrae
885 518 1090 568 superficiem
1102 519 1232 564 transit,
1249 533 1355 568 neque
1379 520 1400 556 a
1423 533 1502 556 vem
1521 518 1705 556 sensibiliter
1718 519 1780 556 dis.

377 571 521 617 crepatP
536 570 571 605 N
584 568 870 616 QLmeridianns
911 570 1003 604 unffi
1023 573 1059 606 O
1071 599 1081 614 ,
1093 572 1116 605 1>
1129 573 1160 605 G
1172 572 1236 619 Q,
1249 574 1273 608 P
1285 574 1309 607 E
1320 571 1400 620 Q
1414 599 1423 614 ,
1451 570 1517 606 duo
1534 569 1645 605 circuli
1663 568 1794 604 horarii⁴

377 628 582 667 apparentes.
600 619 624 652 B
639 621 673 654 H
686 621 719 653 D
734 620 748 652 1
764 646 773 662 ‚
787 581 967 666 supergcies
980 619 1166 667 horologii,
1183 632 1253 668 quae
1270 622 1483 655 meridianum
1493 622 1527 655 in
1540 618 1622 655 linea
1635 620 1701 654 BD
1713 647 1722 661 ,
1737 620 1786 654 in-

379 667 535 703 tersecat:
553 667 638 702 adeo
657 678 694 703 ut
712 667 780 703 haec
799 667 839 702 fir
854 668 942 704 linea
954 667 1017 717 ipsa
1031 670 1216 705 meridiana
1231 670 1347 714 z-duos-
1363 669 1476 703 itidem
1491 668 1625 704 circulos
1638 667 1798 703 horarios*

377 717 468 752 idern
488 716 653 766 horologii
666 717 801 766 planum
815 716 987 753 intersecat
1003 721 1032 753 G
1048 720 1214 763 F‚&ES;
1236 731 1306 766 quae
1327 719 1397 754 duae
1413 717 1505 753 lineae
1526 717 1620 753 horas
1644 717 1799 752 totidem*

376 764 584 803 indicabunt.
600 767 806 803 parietariam
817 779 882 814 quo
898 769 966 802 axis
979 769 1052 816 Q?
1067 798 1077 814 ‚
1090 780 1165 804 curn
1183 767 1283 817 plano
1298 767 1462 816 horologii
1482 768 1648 803 concurrit
1667 777 1788 814 nempe

378 817 426 861 A,
453 815 499 850 est
510 818 658 852 centntm
672 816 765 866 ipfius
786 816 959 864 horologii.
1665 836 1668 841 ‹

414 865 461 901 At
472 863 538 900 siin
551 878 591 901 eo
607 865 771 915 horologii
783 865 881 915 plano
893 867 1003 913 aliqua
1014 865 1088 902 efflet
1103 866 1190 904 linea
1204 865 1358 916 parallela
1372 867 1466 902 recrae
1483 868 1511 902 A
1524 870 1582 918 Q
1593 864 1647 900 seu
1662 866 1713 899 axi
1725 893 1734 908 ‚
1745 863 1786 898 li-

380 926 448 950 neae
469 913 603 950 horariae
618 924 687 951 turn
700 918 785 950 inter
798 915 847 958 se,
857 926 927 950 tum
938 917 1038 951 etiam
1053 929 1129 952 cum
1139 927 1201 952 axe
1220 914 1320 951 effent
1330 915 1507 963 parallel'ae,
1523 928 1561 951 ac
1572 914 1696 950 nullum
1709 912 1787 949 effet

380 963 548 1012 horologii
564 965 834 1014 centrumzquod
855 966 972 1013 utique
992 966 1025 1000 in
1041 978 1082 1000 eo
1097 964 1328 1001 tantummodo
1353 962 1425 998 casu
1444 965 1548 1012 potest
1565 964 1722 998 accidere.
1752 964 1801 999 N»

382 1015 417 1049 H
436 1014 462 1048 L
476 1016 508 1057 1,
526 1013 575 1048 est
586 1025 732 1061 aequator
745 1026 926 1063 apparens,
945 1016 1082 1062 quicum
1093 1014 1268 1063 horologio
1284 1015 1441 1049 convenit
1459 1015 1492 1049 in
1505 1015 1592 1048 recta
1606 1012 1692 1048 linea
1703 1013 1737 1047 H
1749 1014 1763 1045 1
1775 1038 1787 1055 ,
1802 1039 1804 1041 .

381 1074 454 1110 quae
464 1063 589 1097 idcirco
607 1065 738 1111 :equino
744 1063 846 1099 fflalis
859 1063 945 1099 linea
955 1067 1125 1100 vocitatur.

421 1115 538 1159 ltaque
548 1125 616 1147 non
626 1113 713 1147 aliud
725 1116 757 1148 in
772 1112 865 1148 solari
875 1112 1071 1162 horologio,
1089 1113 1187 1161 quam
1203 1112 1276 1148 solis
1295 1111 1400 1147 locum
1421 1123 1459 1147 ex
1476 1111 1560 1146 illius
1573 1106 1689 1144 umbra
1704 1110 1790 1145 indi-

384 1173 458 1196 care
468 1160 620 1196 volumus
634 1163 764 1209 :Atque
772 1164 878 1198 omnis
890 1174 974 1211 pene
987 1163 1136 1198 industria
1153 1166 1187 1198 in
1201 1175 1242 1198 eo
1262 1159 1364 1211 posita
1380 1162 1426 1196 est
1439 1173 1475 1196 ut
1497 1171 1644 1196 centrum
1656 1158 1808 1195 herulo-⁷

385 1210 432 1258 gli
445 1212 652 1254 inveniatur-3
669 1210 755 1246 linea
764 1212 942 1246 meridiana
955 1241 965 1254 ,
988 1223 1058 1259 quae
1075 1213 1255 1247 meridiano
1269 1211 1391 1245 circulo
1407 1209 1480 1245 satis
1489 1221 1565 1258 apte
1583 1206 1789 1257 respondeat,

385 1257 569 1293 delineerur
592 1276 602 1302 ;
619 1259 702 1294 linea
721 1260 838 1295 iridem
851 1262 1026 1306 aequatoris
1036 1261 1193 1309 descripta
1208 1259 1406 1307 intelligatur
1420 1272 1428 1293 ε
1446 1259 1530 1296 illius
1543 1259 1632 1294 enim
1652 1269 1715 1305 ope
1729 1257 1791 1293 h'oa

389 1319 500 1343 rarum
510 1306 606 1342 lineae
622 1307 896 1344 facileducuntur.

432 1359 512 1404 Qa
525 1368 635 1392 autem
648 1370 717 1392 arte
731 1358 800 1393 haec
814 1360 926 1394 omnia
939 1357 1007 1394 fieri
1021 1357 1150 1408 poffint‘
1166 1356 1263 1407 longe
1282 1355 1463 1391 accuratius
1486 1360 1520 1392 &
1537 1353 1664 1391 facilius
1687 1354 1793 1402 quam

388 1405 545 1441 hactenus
562 1408 742 1454 Scriptores
758 1408 950 1443 tradiderint
960 1438 970 1452 ‚
986 1411 1035 1443 vir
1045 1405 1169 1444 Clariis.
1182 1408 1217 1442 in
1235 1404 1390 1455 opusculo
1403 1417 1505 1454 nuper
1527 1405 1617 1440 edito
1632 1403 1793 1453 exposuit,-

390 1455 478 1502 quod
493 1457 608 1504 utique
623 1455 664 1491 ab
677 1459 713 1492 iis
732 1459 790 1507 qui
813 1468 927 1493 eorum
948 1459 1054 1494 studio
1077 1468 1250 1501 tenentur,
1271 1454 1393 1492 consuli
1415 1454 1549 1503 potest.-

918 1554 950 1590 C
972 1555 1001 1590 A
1027 1556 1052 1590 P
1073 1557 1108 1593 U
1128 1556 1160 1591 T-
1212 1556 1255 1592 V'.

905 1654 962 1688 De
986 1653 1102 1690 mundi
1115 1656 1154 1704 in
1183 1651 1308 1689 fimare„

481 1752 545 1785 Ria
566 1751 636 1786 sunt
657 1751 909 1798 magis'vulgara
931 1752 1042 1786 mundi
1056 1751 1441 1797 systemata,Ptolemaei,
1469 1750 1705 1798 Copernici‚&
1719 1751 1798 1796 Ty--

396 1754 595 1839 Tchonis
610 1799 727 1835 Brahei
740 1827 749 1842 ‚
767 1791 1009 1848 quifigillatim
1018 1798 1178 1847 explicare
1192 1798 1381 1835 conabimur
1402 1814 1410 1834 ε
1432 1811 1500 1834 tum
1520 1800 1599 1846 quid
1614 1801 1647 1834 in
1665 1797 1791 1848 singulis

394 1849 603 1900 probandum
617 1877 626 1892 ‚
636 1849 715 1896 quid
728 1848 1029 1897 reprehendendum
1046 1846 1142 1883 nobis
1157 1848 1306 1883 videatur
1323 1877 1331 1890 ,
1352 1850 1545 1897 aperiemus·

425 1903 462 1935 In
474 1897 685 1934 Ptolemaei&
699 1897 826 1946 vulgari
840 1897 954 1933 mundi
968 1896 1137 1946 systemate
1157 1909 1238 1932 terra
1258 1897 1437 1934 immobilis
1452 1897 1600 1933 medium
1617 1897 1708 1946 huJus
1719 1899 1794 1933 uni-

398 1946 479 1983 verfi
494 1959 642 1995 occupat.
655 1948 745 1982 Huic
756 1947 830 1981 luna
844 1947 890 1981 est
902 1947 1052 1983 finitima.
1062 1947 1148 1981 Cum
1165 1949 1252 1983 enim
1263 1959 1354 1983 terrae
1365 1945 1515 1983 umbram
1529 1945 1639 1981 subeat
1648 1975 1658 1990 ‚
1670 1942 1795 1980 ubide-

399 1997 469 2082 {icit
478 2026 487 2040 ‚
506 2002 539 2034 ὃς
553 1995 653 2078 (Clam
666 1995 744 2044 saepe
756 1995 925 2040 obscuret,
935 2009 1007 2032 earn
1021 1996 1083 2031 effe
1094 1996 1203 2031 telluri
1213 2000 1394 2045 proximam
1406 2026 1417 2041 ‚
1441 2001 1476 2033 &
1491 1995 1557 2032 sole
1574 1994 1673 2045 longe
1686 1994 1794 2031 humi-

413 2058 516 2082 iorem
534 2058 594 2080 con
627 2056 671 2080 at.

439 2093 622 2131 Plusculum
636 2094 682 2128 est
703 2092 897 2129 difficultatis
917 2096 949 2129 in
961 2096 1144 2139 Mercurio,
1170 2098 1366 2132 &Venerez
1387 2108 1463 2131 nam
1476 2095 1593 2131 eodem
1613 2094 1683 2129 fere
1699 2103 1803 2130 motu-

402 2158 475 2179 cum
489 2143 553 2178 sole
565 2142 811 2192 progrediuntur
824 2158 830 2179 :
842 2155 903 2178 nec
912 2146 1094 2179 Mercurius
1107 2144 1234 2194 longius
1245 2146 1344 2192 quam
1358 2142 1556 2194 27gradibus
1566 2172 1576 2187 ,
1593 2144 1643 2177 uti
1655 2154 1715 2178 nec
1726 2147 1797 2178 Ve-

402 2206 462 2229 nus
479 2193 560 2228 ultra
574 2196 617 2238 48
634 2193 708 2228 hinc
727 2204 824 2240 atque
836 2193 938 2228 indea
957 2193 1020 2227 sole
1034 2194 1220 2243 digreditur.
1237 2197 1326 2231 Hinc
1345 2196 1524 2229 Mercurius
1545 2204 1616 2226 raro
1635 2191 1690 2226 sub
1703 2191 1797 2240 aspe-

406 2245 494 2278 Ctum
505 2243 591 2277 cadit
608 2256 615 2277 :
637 2242 680 2276 est
700 2244 822 2290 quippe
837 2245 982 2277 omnium
993 2242 1194 2291 planetarum
1209 2247 1363 2279 minimus
1375 2274 1385 2288 ,
1401 2249 1434 2280 &
1452 2241 1544 2276 radiis
1565 2239 1717 2276 solaribus
1735 2252 1796 2289 op-

405 2294 562 2340 primitur.
592 2293 691 2327 Anno
701 2300 759 2335 1631
781 2291 802 2326 Ξι
821 2289 981 2327 Gass'endo
993 2290 1072 2326 visus
1082 2293 1174 2327 estin
1192 2293 1256 2329 sole
1269 2294 1441 2328 instaratrae
1453 2296 1485 2327 δε
1501 2292 1629 2325 minutae
1647 2289 1796 2332 maculae,

406 2353 465 2375 nec
480 2341 641 2387 planetam
659 2339 720 2376 esse
733 2339 789 2375 nisi
806 2354 845 2376 ex
864 2353 956 2376 motu
973 2340 1069 2375 celeri
1088 2344 1191 2389 potuit
1206 2342 1387 2391 dijudicare.
1406 2342 1450 2375 Ex
1465 2351 1506 2373 eo
1524 2351 1671 2388 tempore
1695 2337 1796 2373 semel

405 2387 446 2422 ab
463 2389 607 2427 Hevelio
624 2390 704 2427 visus
721 2390 786 2428 est:
803 2403 839 2426 ac
851 2392 1001 2439 proximo
1013 2390 1122 2428 mense
1140 2389 1328 2432 Novembri
1341 2390 1393 2426 die
1404 2403 1440 2438 7.
1458 2390 1533 2426 anni
1552 2396 1624 2436 167
1635 2401 1670 2434 7.
1699 2389 1732 2425 in
1745 2386 1795 2429 soe
