<?xml version="1.0" encoding="UTF-8"?>
<!DOCTYPE html PUBLIC "-//W3C//DTD XHTML 1.0 Transitional//EN"
    "http://www.w3.org/TR/xhtml1/DTD/xhtml1-transitional.dtd">
<html xmlns="http://www.w3.org/1999/xhtml" xml:lang="en" lang="en">
 <head>
  <title>
</title>
<meta http-equiv="Content-Type" content="text/html;charset=utf-8" />
  <meta name='ocr-system' content='tesseract 3.04.00' />
  <meta name='ocr-capabilities' content='ocr_page ocr_carea ocr_par ocr_line ocrx_word'/>
</head>
<body>
  <div class='ocr_page' id='page_1' title='image "./philosophiavetus02duhauoft_0716.png"; bbox 0 0 1878 2724; ppageno 0'>
   <div class='ocr_carea' id='block_1_1' title="bbox 321 131 1754 875">
    <p class='ocr_par' dir='ltr' id='par_1_1' title="bbox 321 131 1734 234">
     <span class='ocr_line' id='line_1_1' title="bbox 321 131 1160 178; baseline -0.007 -3"><span class='ocrx_word' id='word_1_1' title='bbox 321 139 388 178; x_wconf 58' lang='lat'>6³36</span> <span class='ocrx_word' id='word_1_2' title='bbox 869 133 893 170; x_wconf 78' lang='lat' dir='ltr'>P</span> <span class='ocrx_word' id='word_1_3' title='bbox 914 132 950 170; x_wconf 81' lang='lat' dir='ltr'><strong>H</strong></span> <span class='ocrx_word' id='word_1_4' title='bbox 964 132 995 170; x_wconf 81' lang='lat' dir='ltr'><strong>Y</strong></span> <span class='ocrx_word' id='word_1_5' title='bbox 1009 134 1055 170; x_wconf 85' lang='lat' dir='ltr'>Sl</span> <span class='ocrx_word' id='word_1_6' title='bbox 1073 132 1104 170; x_wconf 88' lang='lat' dir='ltr'>C</span> <span class='ocrx_word' id='word_1_7' title='bbox 1117 131 1160 170; x_wconf 63' lang='grc' dir='ltr'>ΑΒ</span> 
     </span>
     <span class='ocr_line' id='line_1_2' title="bbox 359 180 1734 234; baseline -0.003 -9"><span class='ocrx_word' id='word_1_8' title='bbox 359 186 483 225; x_wconf 85' lang='lat' dir='ltr'>Utrum</span> <span class='ocrx_word' id='word_1_9' title='bbox 500 196 610 222; x_wconf 85' lang='lat' dir='ltr'>autem</span> <span class='ocrx_word' id='word_1_10' title='bbox 633 184 758 234; x_wconf 67' lang='lat' dir='ltr'>[linguis</span> <span class='ocrx_word' id='word_1_11' title='bbox 774 181 810 219; x_wconf 86' lang='lat' dir='ltr'>fit</span> <span class='ocrx_word' id='word_1_12' title='bbox 826 186 989 220; x_wconf 68' lang='lat' dir='ltr'>animatus</span> <span class='ocrx_word' id='word_1_13' title='bbox 1007 188 1041 221; x_wconf 90' lang='lat'>&amp;</span> <span class='ocrx_word' id='word_1_14' title='bbox 1058 185 1217 233; x_wconf 73' lang='lat' dir='ltr'>praecipua</span> <span class='ocrx_word' id='word_1_15' title='bbox 1227 181 1371 233; x_wconf 82' lang='lat' dir='ltr'>corporis</span> <span class='ocrx_word' id='word_1_16' title='bbox 1391 190 1483 231; x_wconf 82' lang='lat' dir='ltr'>pars,</span> <span class='ocrx_word' id='word_1_17' title='bbox 1514 180 1547 217; x_wconf 78' lang='lat' dir='ltr'>id</span> <span class='ocrx_word' id='word_1_18' title='bbox 1563 192 1630 219; x_wconf 90' lang='lat' dir='ltr'>non</span> <span class='ocrx_word' id='word_1_19' title='bbox 1651 187 1734 221; x_wconf 65' lang='lat' dir='ltr'>exet!</span> 
     </span>
    </p>

    <p class='ocr_par' dir='ltr' id='par_1_2' title="bbox 336 230 1754 875">
     <span class='ocr_line' id='line_1_3' title="bbox 343 230 1743 284; baseline -0.004 -11"><span class='ocrx_word' id='word_1_20' title='bbox 343 240 404 274; x_wconf 89' lang='lat' dir='ltr'>tio.</span> <span class='ocrx_word' id='word_1_21' title='bbox 417 239 455 273; x_wconf 80' lang='lat' dir='ltr'>Et</span> <span class='ocrx_word' id='word_1_22' title='bbox 471 237 605 284; x_wconf 85' lang='lat' dir='ltr'>quidem</span> <span class='ocrx_word' id='word_1_23' title='bbox 622 233 792 269; x_wconf 87' lang='lat' dir='ltr'>bestiarum</span> <span class='ocrx_word' id='word_1_24' title='bbox 805 236 950 270; x_wconf 88' lang='lat' dir='ltr'>animam</span> <span class='ocrx_word' id='word_1_25' title='bbox 963 237 996 269; x_wconf 91' lang='lat' dir='ltr'>in</span> <span class='ocrx_word' id='word_1_26' title='bbox 1013 233 1166 283; x_wconf 85' lang='lat' dir='ltr'>sanguine</span> <span class='ocrx_word' id='word_1_27' title='bbox 1187 234 1383 269; x_wconf 84' lang='lat' dir='ltr'>constituunt</span> <span class='ocrx_word' id='word_1_28' title='bbox 1394 230 1470 266; x_wconf 90' lang='lat' dir='ltr'>sacri</span> <span class='ocrx_word' id='word_1_29' title='bbox 1488 232 1636 277; x_wconf 77' lang='lat' dir='ltr'>codices3</span> <span class='ocrx_word' id='word_1_30' title='bbox 1653 235 1687 268; x_wconf 89' lang='lat' dir='ltr'>in</span> <span class='ocrx_word' id='word_1_31' title='bbox 1700 245 1743 268; x_wconf 87' lang='lat' dir='ltr'>eo</span> 
     </span>
     <span class='ocr_line' id='line_1_4' title="bbox 344 280 1747 332; baseline -0.001 -12"><span class='ocrx_word' id='word_1_32' title='bbox 344 289 447 322; x_wconf 85' lang='lat' dir='ltr'>vitam</span> <span class='ocrx_word' id='word_1_33' title='bbox 461 286 622 332; x_wconf 83' lang='lat' dir='ltr'>incipere,</span> <span class='ocrx_word' id='word_1_34' title='bbox 638 289 672 321; x_wconf 69' lang='grc' dir='ltr'>ὅ(</span> <span class='ocrx_word' id='word_1_35' title='bbox 689 281 830 319; x_wconf 83' lang='lat' dir='ltr'>definere</span> <span class='ocrx_word' id='word_1_36' title='bbox 841 312 852 327; x_wconf 95' lang='lat'>,</span> <span class='ocrx_word' id='word_1_37' title='bbox 876 295 975 331; x_wconf 87' lang='lat' dir='ltr'>atque</span> <span class='ocrx_word' id='word_1_38' title='bbox 995 294 1072 319; x_wconf 89' lang='lat' dir='ltr'>ante</span> <span class='ocrx_word' id='word_1_39' title='bbox 1089 295 1222 319; x_wconf 79' lang='lat' dir='ltr'>omnem</span> <span class='ocrx_word' id='word_1_40' title='bbox 1239 293 1436 332; x_wconf 85' lang='lat' dir='ltr'>organorum</span> <span class='ocrx_word' id='word_1_41' title='bbox 1454 280 1747 318; x_wconf 81' lang='lat' dir='ltr'>fermentationem</span> 
     </span>
     <span class='ocr_line' id='line_1_5' title="bbox 344 329 1749 381; baseline -0.006 -10"><span class='ocrx_word' id='word_1_42' title='bbox 344 334 364 371; x_wconf 73' lang='grc' dir='ltr'>ἐι</span> <span class='ocrx_word' id='word_1_43' title='bbox 386 345 497 369; x_wconf 77' lang='lat' dir='ltr'>natura</span> <span class='ocrx_word' id='word_1_44' title='bbox 515 333 649 368; x_wconf 79' lang='lat' dir='ltr'>formari</span> <span class='ocrx_word' id='word_1_45' title='bbox 664 332 825 368; x_wconf 85' lang='lat' dir='ltr'>existimat</span> <span class='ocrx_word' id='word_1_46' title='bbox 844 333 1027 369; x_wconf 84' lang='lat' dir='ltr'>Harvaeus:</span> <span class='ocrx_word' id='word_1_47' title='bbox 1045 332 1128 367; x_wconf 91' lang='lat' dir='ltr'>adeo</span> <span class='ocrx_word' id='word_1_48' title='bbox 1141 344 1177 367; x_wconf 91' lang='lat' dir='ltr'>ut</span> <span class='ocrx_word' id='word_1_49' title='bbox 1194 344 1250 368; x_wconf 92' lang='lat' dir='ltr'>cor</span> <span class='ocrx_word' id='word_1_50' title='bbox 1269 332 1370 381; x_wconf 84' lang='lat' dir='ltr'>ipsum</span> <span class='ocrx_word' id='word_1_51' title='bbox 1388 329 1470 366; x_wconf 90' lang='lat' dir='ltr'>nihil</span> <span class='ocrx_word' id='word_1_52' title='bbox 1486 329 1522 366; x_wconf 84' lang='lat' dir='ltr'>fit</span> <span class='ocrx_word' id='word_1_53' title='bbox 1550 329 1606 366; x_wconf 85' lang='lat' dir='ltr'>nisi</span> <span class='ocrx_word' id='word_1_54' title='bbox 1631 331 1749 366; x_wconf 78' lang='lat' dir='ltr'>instru-</span> 
     </span>
     <span class='ocr_line' id='line_1_6' title="bbox 344 379 1754 431; baseline -0.002 -13"><span class='ocrx_word' id='word_1_55' title='bbox 344 394 491 418; x_wconf 82' lang='lat' dir='ltr'><strong>mentum</strong></span> <span class='ocrx_word' id='word_1_56' title='bbox 503 411 513 426; x_wconf 90' lang='lat'>,</span> <span class='ocrx_word' id='word_1_57' title='bbox 539 388 572 419; x_wconf 77' lang='grc' dir='ltr'>ὃ(</span> <span class='ocrx_word' id='word_1_58' title='bbox 586 382 676 418; x_wconf 86' lang='lat' dir='ltr'>velut</span> <span class='ocrx_word' id='word_1_59' title='bbox 685 394 842 431; x_wconf 77' lang='lat' dir='ltr'>organum</span> <span class='ocrx_word' id='word_1_60' title='bbox 863 381 1088 431; x_wconf 78' lang='lat' dir='ltr'>hydraulicum</span> <span class='ocrx_word' id='word_1_61' title='bbox 1106 381 1356 417; x_wconf 85' lang='lat' dir='ltr'>transmittendo</span> <span class='ocrx_word' id='word_1_62' title='bbox 1372 379 1520 428; x_wconf 84' lang='lat' dir='ltr'>sanguini</span> <span class='ocrx_word' id='word_1_63' title='bbox 1541 380 1754 418; x_wconf 65' lang='lat' dir='ltr'>destinatum.</span> 
     </span>
     <span class='ocr_line' id='line_1_7' title="bbox 343 430 1749 480; baseline -0.003 -12"><span class='ocrx_word' id='word_1_64' title='bbox 343 434 430 468; x_wconf 89' lang='lat' dir='ltr'>Hinc</span> <span class='ocrx_word' id='word_1_65' title='bbox 445 432 563 468; x_wconf 85' lang='lat' dir='ltr'>multas</span> <span class='ocrx_word' id='word_1_66' title='bbox 581 434 763 467; x_wconf 81' lang='lat' dir='ltr'>animantes</span> <span class='ocrx_word' id='word_1_67' title='bbox 778 443 835 480; x_wconf 86' lang='lat' dir='ltr'>per</span> <span class='ocrx_word' id='word_1_68' title='bbox 845 431 1001 479; x_wconf 75' lang='lat' dir='ltr'>hyemem</span> <span class='ocrx_word' id='word_1_69' title='bbox 1025 433 1106 466; x_wconf 89' lang='lat' dir='ltr'>citra</span> <span class='ocrx_word' id='word_1_70' title='bbox 1125 430 1271 479; x_wconf 84' lang='lat' dir='ltr'>pulsum,</span> <span class='ocrx_word' id='word_1_71' title='bbox 1296 441 1351 466; x_wconf 90' lang='lat' dir='ltr'>aut</span> <span class='ocrx_word' id='word_1_72' title='bbox 1370 430 1476 464; x_wconf 89' lang='lat' dir='ltr'>cordis</span> <span class='ocrx_word' id='word_1_73' title='bbox 1494 440 1620 464; x_wconf 86' lang='lat' dir='ltr'>motum</span> <span class='ocrx_word' id='word_1_74' title='bbox 1634 430 1749 465; x_wconf 72' lang='lat' dir='ltr'>vivere</span> 
     </span>
     <span class='ocr_line' id='line_1_8' title="bbox 345 477 1749 528; baseline 0 -12"><span class='ocrx_word' id='word_1_75' title='bbox 345 481 519 517; x_wconf 84' lang='lat' dir='ltr'>existimat.</span> <span class='ocrx_word' id='word_1_76' title='bbox 529 483 617 517; x_wconf 85' lang='lat' dir='ltr'>Huic</span> <span class='ocrx_word' id='word_1_77' title='bbox 628 493 740 516; x_wconf 89' lang='lat' dir='ltr'>autem</span> <span class='ocrx_word' id='word_1_78' title='bbox 754 493 794 516; x_wconf 91' lang='lat' dir='ltr'>ne</span> <span class='ocrx_word' id='word_1_79' title='bbox 808 483 843 515; x_wconf 86' lang='lat' dir='ltr'>in</span> <span class='ocrx_word' id='word_1_80' title='bbox 856 481 915 515; x_wconf 86' lang='lat' dir='ltr'>hac</span> <span class='ocrx_word' id='word_1_81' title='bbox 926 492 1058 528; x_wconf 88' lang='lat' dir='ltr'>quoque</span> <span class='ocrx_word' id='word_1_82' title='bbox 1075 491 1167 528; x_wconf 84' lang='lat' dir='ltr'>parte</span> <span class='ocrx_word' id='word_1_83' title='bbox 1191 479 1339 516; x_wconf 75' lang='lat' dir='ltr'>alsentiar</span> <span class='ocrx_word' id='word_1_84' title='bbox 1350 508 1360 523; x_wconf 89' lang='lat'>,</span> <span class='ocrx_word' id='word_1_85' title='bbox 1383 477 1568 514; x_wconf 78' lang='lat' dir='ltr'>observ-atio</span> <span class='ocrx_word' id='word_1_86' title='bbox 1585 478 1665 514; x_wconf 81' lang='lat' dir='ltr'>facit</span> <span class='ocrx_word' id='word_1_87' title='bbox 1680 492 1749 516; x_wconf 80' lang='lat' dir='ltr'>non</span> 
     </span>
     <span class='ocr_line' id='line_1_9' title="bbox 346 525 1752 579; baseline -0.001 -15"><span class='ocrx_word' id='word_1_88' title='bbox 346 532 389 565; x_wconf 84' lang='lat' dir='ltr'>ita</span> <span class='ocrx_word' id='word_1_89' title='bbox 407 531 530 579; x_wconf 86' lang='lat' dir='ltr'>pridem</span> <span class='ocrx_word' id='word_1_90' title='bbox 550 532 585 566; x_wconf 89' lang='lat' dir='ltr'>in</span> <span class='ocrx_word' id='word_1_91' title='bbox 596 531 772 566; x_wconf 83' lang='lat' dir='ltr'>Academia</span> <span class='ocrx_word' id='word_1_92' title='bbox 783 529 868 565; x_wconf 61' lang='lat' dir='ltr'>facta</span> <span class='ocrx_word' id='word_1_93' title='bbox 884 543 892 565; x_wconf 69' lang='grc' dir='ltr'><strong><em>ε</em></strong></span> <span class='ocrx_word' id='word_1_94' title='bbox 906 541 981 564; x_wconf 84' lang='lat' dir='ltr'>nam</span> <span class='ocrx_word' id='word_1_95' title='bbox 999 527 1144 565; x_wconf 73' lang='lat' dir='ltr'>diffectus</span> <span class='ocrx_word' id='word_1_96' title='bbox 1160 530 1208 565; x_wconf 79' lang='lat' dir='ltr'>est</span> <span class='ocrx_word' id='word_1_97' title='bbox 1221 530 1421 571; x_wconf 78' lang='lat' dir='ltr'>herinaceus,</span> <span class='ocrx_word' id='word_1_98' title='bbox 1435 525 1536 576; x_wconf 71' lang='lat' dir='ltr'>vulgo</span> <span class='ocrx_word' id='word_1_99' title='bbox 1551 540 1594 563; x_wconf 87' lang='lat' dir='ltr'>un</span> <span class='ocrx_word' id='word_1_100' title='bbox 1607 526 1752 575; x_wconf 77' lang='lat' dir='ltr'>hmffon,</span> 
     </span>
     <span class='ocr_line' id='line_1_10' title="bbox 346 576 1751 628; baseline -0.001 -14"><span class='ocrx_word' id='word_1_101' title='bbox 346 577 422 615; x_wconf 69' lang='lat' dir='ltr'>curn</span> <span class='ocrx_word' id='word_1_102' title='bbox 431 579 552 628; x_wconf 86' lang='lat' dir='ltr'>hyeme</span> <span class='ocrx_word' id='word_1_103' title='bbox 569 580 672 614; x_wconf 88' lang='lat' dir='ltr'>altum</span> <span class='ocrx_word' id='word_1_104' title='bbox 692 579 859 622; x_wconf 82' lang='lat' dir='ltr'>dormiret,</span> <span class='ocrx_word' id='word_1_105' title='bbox 871 580 956 614; x_wconf 89' lang='lat' dir='ltr'>adeo</span> <span class='ocrx_word' id='word_1_106' title='bbox 967 590 1002 613; x_wconf 88' lang='lat' dir='ltr'>ut</span> <span class='ocrx_word' id='word_1_107' title='bbox 1016 577 1159 614; x_wconf 69' lang='lat' dir='ltr'>dill‘estus</span> <span class='ocrx_word' id='word_1_108' title='bbox 1180 579 1226 615; x_wconf 90' lang='lat' dir='ltr'>nil</span> <span class='ocrx_word' id='word_1_109' title='bbox 1244 578 1377 617; x_wconf 81' lang='lat' dir='ltr'>sentiret</span> <span class='ocrx_word' id='word_1_110' title='bbox 1391 591 1399 613; x_wconf 72' lang='grc' dir='ltr'>ε</span> <span class='ocrx_word' id='word_1_111' title='bbox 1415 582 1450 614; x_wconf 84' lang='lat'>&amp;.</span> <span class='ocrx_word' id='word_1_112' title='bbox 1463 588 1574 612; x_wconf 86' lang='lat' dir='ltr'>tamen</span> <span class='ocrx_word' id='word_1_113' title='bbox 1583 588 1638 612; x_wconf 91' lang='lat' dir='ltr'>cor</span> <span class='ocrx_word' id='word_1_114' title='bbox 1647 576 1751 625; x_wconf 85' lang='lat' dir='ltr'>ipsum</span> 
     </span>
     <span class='ocr_line' id='line_1_11' title="bbox 345 624 1751 676; baseline -0.001 -14"><span class='ocrx_word' id='word_1_115' title='bbox 345 628 494 664; x_wconf 74' lang='lat' dir='ltr'>diastole-s</span> <span class='ocrx_word' id='word_1_116' title='bbox 508 634 540 666; x_wconf 86' lang='lat'>&amp;</span> <span class='ocrx_word' id='word_1_117' title='bbox 555 628 682 676; x_wconf 78' lang='lat' dir='ltr'>systoles</span> <span class='ocrx_word' id='word_1_118' title='bbox 699 640 792 663; x_wconf 90' lang='lat' dir='ltr'>motu</span> <span class='ocrx_word' id='word_1_119' title='bbox 810 627 978 676; x_wconf 76' lang='lat' dir='ltr'>agebatur.</span> <span class='ocrx_word' id='word_1_120' title='bbox 992 629 1146 676; x_wconf 84' lang='lat' dir='ltr'>Sanguini</span> <span class='ocrx_word' id='word_1_121' title='bbox 1165 626 1266 672; x_wconf 68' lang='lat' dir='ltr'>vero,</span> <span class='ocrx_word' id='word_1_122' title='bbox 1284 629 1412 675; x_wconf 85' lang='lat' dir='ltr'>inquit,</span> <span class='ocrx_word' id='word_1_123' title='bbox 1430 626 1517 661; x_wconf 90' lang='lat' dir='ltr'>calor</span> <span class='ocrx_word' id='word_1_124' title='bbox 1529 624 1633 660; x_wconf 85' lang='lat' dir='ltr'>vitalis</span> <span class='ocrx_word' id='word_1_125' title='bbox 1644 624 1751 661; x_wconf 72' lang='lat' dir='ltr'>innas-</span> 
     </span>
     <span class='ocr_line' id='line_1_12' title="bbox 347 674 1751 726; baseline -0.001 -14"><span class='ocrx_word' id='word_1_126' title='bbox 347 680 427 712; x_wconf 85' lang='lat' dir='ltr'>citur</span> <span class='ocrx_word' id='word_1_127' title='bbox 439 694 448 720; x_wconf 78' lang='lat'><em>3</em></span> <span class='ocrx_word' id='word_1_128' title='bbox 462 677 535 712; x_wconf 88' lang='lat' dir='ltr'>huic</span> <span class='ocrx_word' id='word_1_129' title='bbox 548 677 627 726; x_wconf 87' lang='lat' dir='ltr'>pulli</span> <span class='ocrx_word' id='word_1_130' title='bbox 637 680 744 712; x_wconf 88' lang='lat' dir='ltr'>anima</span> <span class='ocrx_word' id='word_1_131' title='bbox 753 675 895 726; x_wconf 63' lang='lat' dir='ltr'>primum</span> <span class='ocrx_word' id='word_1_132' title='bbox 909 674 1178 714; x_wconf 84' lang='lat' dir='ltr'>infidet..Namin</span> <span class='ocrx_word' id='word_1_133' title='bbox 1192 689 1314 713; x_wconf 88' lang='lat' dir='ltr'>naturae</span> <span class='ocrx_word' id='word_1_134' title='bbox 1330 674 1482 725; x_wconf 85' lang='lat' dir='ltr'>operibus</span> <span class='ocrx_word' id='word_1_135' title='bbox 1491 675 1751 719; x_wconf 81' lang='lat' dir='ltr'>instrumentum,</span> 
     </span>
     <span class='ocr_line' id='line_1_13' title="bbox 346 725 1751 775; baseline -0.004 -12"><span class='ocrx_word' id='word_1_136' title='bbox 346 731 381 763; x_wconf 90' lang='lat'>&amp;</span> <span class='ocrx_word' id='word_1_137' title='bbox 398 726 515 761; x_wconf 84' lang='lat' dir='ltr'>artifex</span> <span class='ocrx_word' id='word_1_138' title='bbox 531 729 638 774; x_wconf 63' lang='lat' dir='ltr'>juncta</span> <span class='ocrx_word' id='word_1_139' title='bbox 651 726 722 762; x_wconf 82' lang='lat' dir='ltr'>sunt</span> <span class='ocrx_word' id='word_1_140' title='bbox 735 755 745 769; x_wconf 85' lang='lat'>,</span> <span class='ocrx_word' id='word_1_141' title='bbox 759 732 797 763; x_wconf 72' lang='grc' dir='ltr'>’δε</span> <span class='ocrx_word' id='word_1_142' title='bbox 817 725 1057 775; x_wconf 85' lang='lat' dir='ltr'>copulata.1sta</span> <span class='ocrx_word' id='word_1_143' title='bbox 1071 755 1080 770; x_wconf 88' lang='lat'>‚</span> <span class='ocrx_word' id='word_1_144' title='bbox 1095 728 1252 774; x_wconf 89' lang='lat' dir='ltr'>inquam,</span> <span class='ocrx_word' id='word_1_145' title='bbox 1271 738 1340 761; x_wconf 88' lang='lat' dir='ltr'>non</span> <span class='ocrx_word' id='word_1_146' title='bbox 1360 726 1500 761; x_wconf 86' lang='lat' dir='ltr'>excutio.</span> <span class='ocrx_word' id='word_1_147' title='bbox 1520 727 1608 761; x_wconf 85' lang='lat' dir='ltr'>Nam</span> <span class='ocrx_word' id='word_1_148' title='bbox 1630 726 1751 772; x_wconf 76' lang='lat' dir='ltr'>partim</span> 
     </span>
     <span class='ocr_line' id='line_1_14' title="bbox 346 773 1753 825; baseline -0.004 -15"><span class='ocrx_word' id='word_1_149' title='bbox 346 774 416 810; x_wconf 86' lang='lat' dir='ltr'>sunt</span> <span class='ocrx_word' id='word_1_150' title='bbox 426 778 460 810; x_wconf 89' lang='lat' dir='ltr'>in</span> <span class='ocrx_word' id='word_1_151' title='bbox 468 787 586 811; x_wconf 85' lang='lat' dir='ltr'>naturae</span> <span class='ocrx_word' id='word_1_152' title='bbox 598 774 712 811; x_wconf 87' lang='lat' dir='ltr'>abdito</span> <span class='ocrx_word' id='word_1_153' title='bbox 731 774 850 810; x_wconf 86' lang='lat' dir='ltr'>retrusa</span> <span class='ocrx_word' id='word_1_154' title='bbox 860 805 869 819; x_wconf 93' lang='lat'>,</span> <span class='ocrx_word' id='word_1_155' title='bbox 884 777 1004 825; x_wconf 87' lang='lat' dir='ltr'>partim</span> <span class='ocrx_word' id='word_1_156' title='bbox 1018 787 1058 810; x_wconf 87' lang='lat' dir='ltr'>ex</span> <span class='ocrx_word' id='word_1_157' title='bbox 1080 777 1117 810; x_wconf 88' lang='lat' dir='ltr'>iis</span> <span class='ocrx_word' id='word_1_158' title='bbox 1130 788 1203 823; x_wconf 87' lang='lat' dir='ltr'>quae</span> <span class='ocrx_word' id='word_1_159' title='bbox 1218 776 1259 810; x_wconf 83' lang='lat' dir='ltr'>de</span> <span class='ocrx_word' id='word_1_160' title='bbox 1271 776 1409 824; x_wconf 86' lang='lat' dir='ltr'>partium</span> <span class='ocrx_word' id='word_1_161' title='bbox 1422 773 1686 810; x_wconf 87' lang='lat' dir='ltr'>conformatione</span> <span class='ocrx_word' id='word_1_162' title='bbox 1702 773 1753 808; x_wconf 86' lang='lat' dir='ltr'>di-</span> 
     </span>
     <span class='ocr_line' id='line_1_15' title="bbox 336 822 1583 875; baseline 0.001 -16"><span class='ocrx_word' id='word_1_163' title='bbox 336 836 456 861; x_wconf 61' lang='lat' dir='ltr'>&gt;cemus</span> <span class='ocrx_word' id='word_1_164' title='bbox 467 853 478 869; x_wconf 83' lang='lat'>‚</span> <span class='ocrx_word' id='word_1_165' title='bbox 489 837 581 862; x_wconf 89' lang='lat' dir='ltr'>erunt</span> <span class='ocrx_word' id='word_1_166' title='bbox 597 825 815 874; x_wconf 69' lang='lat' dir='ltr'>dijudicanda.</span> <span class='ocrx_word' id='word_1_167' title='bbox 828 827 926 862; x_wconf 89' lang='lat' dir='ltr'>Nunc</span> <span class='ocrx_word' id='word_1_168' title='bbox 938 826 1034 873; x_wconf 80' lang='lat' dir='ltr'>igitur</span> <span class='ocrx_word' id='word_1_169' title='bbox 1047 835 1153 874; x_wconf 73' lang='lat' dir='ltr'>partes</span> <span class='ocrx_word' id='word_1_170' title='bbox 1171 824 1332 875; x_wconf 79' lang='lat' dir='ltr'>sanguinis</span> <span class='ocrx_word' id='word_1_171' title='bbox 1347 822 1583 873; x_wconf 81' lang='lat' dir='ltr'>persequamur.</span> 
     </span>
    </p>
   </div>
   <div class='ocr_carea' id='block_1_2' title="bbox 739 921 1329 1068">
    <p class='ocr_par' dir='ltr' id='par_1_3' title="bbox 739 921 1329 1068">
     <span class='ocr_line' id='line_1_16' title="bbox 879 921 1205 959; baseline 0.006 -2"><span class='ocrx_word' id='word_1_172' title='bbox 879 921 911 957; x_wconf 94' lang='lat' dir='ltr'>C</span> <span class='ocrx_word' id='word_1_173' title='bbox 934 923 964 957; x_wconf 68' lang='lat' dir='ltr'><strong>A</strong></span> <span class='ocrx_word' id='word_1_174' title='bbox 986 923 1011 958; x_wconf 80' lang='lat' dir='ltr'>P</span> <span class='ocrx_word' id='word_1_175' title='bbox 1028 923 1064 959; x_wconf 90' lang='lat' dir='ltr'>U</span> <span class='ocrx_word' id='word_1_176' title='bbox 1087 924 1119 957; x_wconf 90' lang='lat' dir='ltr'>T</span> <span class='ocrx_word' id='word_1_177' title='bbox 1159 926 1205 959; x_wconf 74' lang='lat' dir='ltr'>V.</span> 
     </span>
     <span class='ocr_line' id='line_1_17' title="bbox 739 1019 1329 1068; baseline 0.003 -17"><span class='ocrx_word' id='word_1_178' title='bbox 739 1019 793 1052; x_wconf 87' lang='lat' dir='ltr'>De</span> <span class='ocrx_word' id='word_1_179' title='bbox 801 1019 975 1068; x_wconf 62' lang='lat' dir='ltr'>sanguinis</span> <span class='ocrx_word' id='word_1_180' title='bbox 995 1019 1122 1068; x_wconf 75' lang='lat' dir='ltr'>analyfi</span> <span class='ocrx_word' id='word_1_181' title='bbox 1138 1019 1329 1054; x_wconf 73' lang='lat' dir='ltr'>mecham‘cae.</span> 
     </span>
    </p>
   </div>
   <div class='ocr_carea' id='block_1_3' title="bbox 347 1115 1766 2394">
    <p class='ocr_par' dir='ltr' id='par_1_4' title="bbox 349 1115 1766 1413">
     <span class='ocr_line' id='line_1_18' title="bbox 350 1115 1752 1207; baseline -0.002 -51"><span class='ocrx_word' id='word_1_182' title='bbox 350 1118 511 1207; x_wconf 87' lang='lat' dir='ltr'>NOn</span> <span class='ocrx_word' id='word_1_183' title='bbox 521 1119 580 1154; x_wconf 89' lang='lat' dir='ltr'>abs</span> <span class='ocrx_word' id='word_1_184' title='bbox 597 1130 630 1153; x_wconf 92' lang='lat' dir='ltr'>re</span> <span class='ocrx_word' id='word_1_185' title='bbox 641 1118 777 1165; x_wconf 78' lang='lat' dir='ltr'>quidam</span> <span class='ocrx_word' id='word_1_186' title='bbox 790 1116 1183 1168; x_wconf 70' lang='lat' dir='ltr'>recentiores-sanguinem</span> <span class='ocrx_word' id='word_1_187' title='bbox 1195 1129 1268 1153; x_wconf 88' lang='lat' dir='ltr'>curn</span> <span class='ocrx_word' id='word_1_188' title='bbox 1283 1115 1367 1152; x_wconf 66' lang='lat' dir='ltr'>laete</span> <span class='ocrx_word' id='word_1_189' title='bbox 1380 1127 1570 1168; x_wconf 86' lang='lat' dir='ltr'>comparant</span> <span class='ocrx_word' id='word_1_190' title='bbox 1584 1116 1682 1154; x_wconf 66' lang='lat' dir='ltr'>rcum</span> <span class='ocrx_word' id='word_1_191' title='bbox 1697 1129 1752 1153; x_wconf 86' lang='lat' dir='ltr'>ea-</span> 
     </span>
     <span class='ocr_line' id='line_1_19' title="bbox 379 1164 1753 1218; baseline -0.002 -14"><span class='ocrx_word' id='word_1_192' title='bbox 379 1190 383 1196; x_wconf 86' lang='lat'><strong>·</strong></span> <span class='ocrx_word' id='word_1_193' title='bbox 453 1169 529 1204; x_wconf 87' lang='lat' dir='ltr'>dem</span> <span class='ocrx_word' id='word_1_194' title='bbox 544 1180 627 1218; x_wconf 89' lang='lat' dir='ltr'>pene</span> <span class='ocrx_word' id='word_1_195' title='bbox 637 1166 673 1203; x_wconf 81' lang='lat' dir='ltr'>sit</span> <span class='ocrx_word' id='word_1_196' title='bbox 684 1167 847 1215; x_wconf 68' lang='lat' dir='ltr'>utriusque</span> <span class='ocrx_word' id='word_1_197' title='bbox 863 1179 984 1206; x_wconf 88' lang='lat' dir='ltr'>natura.</span> <span class='ocrx_word' id='word_1_198' title='bbox 996 1171 1085 1205; x_wconf 84' lang='lat' dir='ltr'>Nam</span> <span class='ocrx_word' id='word_1_199' title='bbox 1094 1170 1129 1203; x_wconf 87' lang='lat' dir='ltr'>in</span> <span class='ocrx_word' id='word_1_200' title='bbox 1140 1181 1206 1203; x_wconf 85' lang='lat' dir='ltr'>ovo</span> <span class='ocrx_word' id='word_1_201' title='bbox 1216 1179 1258 1202; x_wconf 85' lang='lat' dir='ltr'>ex</span> <span class='ocrx_word' id='word_1_202' title='bbox 1272 1166 1356 1202; x_wconf 68' lang='lat' dir='ltr'>laste</span> <span class='ocrx_word' id='word_1_203' title='bbox 1374 1169 1516 1216; x_wconf 86' lang='lat' dir='ltr'>quodam</span> <span class='ocrx_word' id='word_1_204' title='bbox 1531 1167 1658 1216; x_wconf 84' lang='lat' dir='ltr'>sanguis</span> <span class='ocrx_word' id='word_1_205' title='bbox 1677 1164 1753 1201; x_wconf 77' lang='lat' dir='ltr'>effi-</span> 
     </span>
     <span class='ocr_line' id='line_1_20' title="bbox 350 1215 1766 1266; baseline -0.002 -13"><span class='ocrx_word' id='word_1_206' title='bbox 350 1220 433 1253; x_wconf 82' lang='lat' dir='ltr'>citur</span> <span class='ocrx_word' id='word_1_207' title='bbox 451 1247 461 1262; x_wconf 82' lang='grc'>,</span> <span class='ocrx_word' id='word_1_208' title='bbox 481 1230 518 1252; x_wconf 89' lang='lat' dir='ltr'>ac</span> <span class='ocrx_word' id='word_1_209' title='bbox 532 1216 581 1252; x_wconf 86' lang='lat' dir='ltr'>lac</span> <span class='ocrx_word' id='word_1_210' title='bbox 598 1216 701 1266; x_wconf 87' lang='lat' dir='ltr'>ipsum</span> <span class='ocrx_word' id='word_1_211' title='bbox 714 1217 796 1252; x_wconf 87' lang='lat' dir='ltr'>nihil</span> <span class='ocrx_word' id='word_1_212' title='bbox 817 1217 863 1251; x_wconf 88' lang='lat' dir='ltr'>est</span> <span class='ocrx_word' id='word_1_213' title='bbox 883 1229 999 1265; x_wconf 84' lang='lat' dir='ltr'>praeter</span> <span class='ocrx_word' id='word_1_214' title='bbox 1017 1217 1120 1252; x_wconf 89' lang='lat' dir='ltr'>serum</span> <span class='ocrx_word' id='word_1_215' title='bbox 1134 1216 1294 1266; x_wconf 84' lang='lat' dir='ltr'>sanguinis</span> <span class='ocrx_word' id='word_1_216' title='bbox 1314 1228 1352 1252; x_wconf 85' lang='lat' dir='ltr'>ex</span> <span class='ocrx_word' id='word_1_217' title='bbox 1368 1219 1490 1252; x_wconf 84' lang='lat' dir='ltr'>arteriis</span> <span class='ocrx_word' id='word_1_218' title='bbox 1506 1229 1561 1265; x_wconf 90' lang='lat' dir='ltr'>per</span> <span class='ocrx_word' id='word_1_219' title='bbox 1585 1215 1766 1265; x_wconf 72' lang='lat' dir='ltr'>glandulas·</span> 
     </span>
     <span class='ocr_line' id='line_1_21' title="bbox 350 1263 1753 1315; baseline -0.002 -13"><span class='ocrx_word' id='word_1_220' title='bbox 350 1279 566 1302; x_wconf 84' lang='lat' dir='ltr'>mammarum</span> <span class='ocrx_word' id='word_1_221' title='bbox 578 1266 791 1315; x_wconf 85' lang='lat' dir='ltr'>percolatum.</span> <span class='ocrx_word' id='word_1_222' title='bbox 804 1268 893 1301; x_wconf 85' lang='lat' dir='ltr'>Hinc</span> <span class='ocrx_word' id='word_1_223' title='bbox 904 1266 954 1301; x_wconf 91' lang='lat' dir='ltr'>lac</span> <span class='ocrx_word' id='word_1_224' title='bbox 966 1265 1083 1302; x_wconf 90' lang='lat' dir='ltr'>tabidis</span> <span class='ocrx_word' id='word_1_225' title='bbox 1098 1266 1185 1301; x_wconf 86' lang='lat' dir='ltr'>adeo</span> <span class='ocrx_word' id='word_1_226' title='bbox 1198 1265 1379 1314; x_wconf 88' lang='lat' dir='ltr'>prodest,&amp;</span> <span class='ocrx_word' id='word_1_227' title='bbox 1391 1264 1496 1311; x_wconf 77' lang='lat' dir='ltr'>serum</span> <span class='ocrx_word' id='word_1_228' title='bbox 1514 1263 1753 1314; x_wconf 85' lang='lat' dir='ltr'>sanguinis,seu</span> 
     </span>
     <span class='ocr_line' id='line_1_22' title="bbox 349 1313 1753 1364; baseline -0.003 -13"><span class='ocrx_word' id='word_1_229' title='bbox 349 1329 432 1363; x_wconf 80' lang='lat' dir='ltr'>aqua</span> <span class='ocrx_word' id='word_1_230' title='bbox 447 1317 522 1352; x_wconf 85' lang='lat' dir='ltr'>huic</span> <span class='ocrx_word' id='word_1_231' title='bbox 536 1318 685 1350; x_wconf 80' lang='lat' dir='ltr'>innatans</span> <span class='ocrx_word' id='word_1_232' title='bbox 695 1344 705 1359; x_wconf 90' lang='lat'>,</span> <span class='ocrx_word' id='word_1_233' title='bbox 717 1314 772 1350; x_wconf 80' lang='lat' dir='ltr'>ubi</span> <span class='ocrx_word' id='word_1_234' title='bbox 784 1315 858 1350; x_wconf 71' lang='lat' dir='ltr'>testa</span> <span class='ocrx_word' id='word_1_235' title='bbox 869 1318 926 1350; x_wconf 79' lang='lat' dir='ltr'>ovi</span> <span class='ocrx_word' id='word_1_236' title='bbox 937 1313 1087 1351; x_wconf 85' lang='lat' dir='ltr'>conclusa</span> <span class='ocrx_word' id='word_1_237' title='bbox 1101 1317 1137 1351; x_wconf 90' lang='lat' dir='ltr'>in</span> <span class='ocrx_word' id='word_1_238' title='bbox 1149 1326 1232 1362; x_wconf 88' lang='lat' dir='ltr'>aqua</span> <span class='ocrx_word' id='word_1_239' title='bbox 1243 1314 1369 1350; x_wconf 85' lang='lat' dir='ltr'>fervida</span> <span class='ocrx_word' id='word_1_240' title='bbox 1379 1314 1539 1364; x_wconf 80' lang='lat' dir='ltr'>paulatim</span> <span class='ocrx_word' id='word_1_241' title='bbox 1550 1317 1753 1363; x_wconf 76' lang='lat' dir='ltr'>excoquitur,</span> 
     </span>
     <span class='ocr_line' id='line_1_23' title="bbox 350 1362 1409 1413; baseline 0.002 -14"><span class='ocrx_word' id='word_1_242' title='bbox 350 1371 384 1402; x_wconf 64' lang='grc' dir='ltr'>δι</span> <span class='ocrx_word' id='word_1_243' title='bbox 394 1365 505 1400; x_wconf 89' lang='lat' dir='ltr'>colore</span> <span class='ocrx_word' id='word_1_244' title='bbox 522 1370 556 1402; x_wconf 86' lang='lat'>&amp;</span> <span class='ocrx_word' id='word_1_245' title='bbox 571 1363 795 1408; x_wconf 71' lang='lat' dir='ltr'>consistentia,</span> <span class='ocrx_word' id='word_1_246' title='bbox 819 1370 854 1401; x_wconf 84' lang='lat'>&amp;</span> <span class='ocrx_word' id='word_1_247' title='bbox 865 1362 976 1412; x_wconf 89' lang='lat' dir='ltr'>sapore</span> <span class='ocrx_word' id='word_1_248' title='bbox 988 1364 1056 1413; x_wconf 89' lang='lat' dir='ltr'>ipso</span> <span class='ocrx_word' id='word_1_249' title='bbox 1065 1366 1122 1399; x_wconf 87' lang='lat' dir='ltr'>ovi</span> <span class='ocrx_word' id='word_1_250' title='bbox 1131 1363 1287 1399; x_wconf 86' lang='lat' dir='ltr'>albumen</span> <span class='ocrx_word' id='word_1_251' title='bbox 1298 1363 1409 1402; x_wconf 86' lang='lat' dir='ltr'>refert.</span> 
     </span>
    </p>

    <p class='ocr_par' dir='ltr' id='par_1_5' title="bbox 347 1411 1754 1855">
     <span class='ocr_line' id='line_1_24' title="bbox 387 1411 1753 1463; baseline 0 -15"><span class='ocrx_word' id='word_1_252' title='bbox 387 1415 500 1461; x_wconf 67' lang='lat' dir='ltr'>Quare</span> <span class='ocrx_word' id='word_1_253' title='bbox 518 1414 550 1448; x_wconf 90' lang='lat' dir='ltr'>id</span> <span class='ocrx_word' id='word_1_254' title='bbox 567 1413 639 1450; x_wconf 72' lang='lat' dir='ltr'>fiitis</span> <span class='ocrx_word' id='word_1_255' title='bbox 651 1414 694 1449; x_wconf 88' lang='lat' dir='ltr'>est</span> <span class='ocrx_word' id='word_1_256' title='bbox 705 1412 876 1449; x_wconf 78' lang='lat' dir='ltr'>verisimile</span> <span class='ocrx_word' id='word_1_257' title='bbox 894 1414 942 1449; x_wconf 87' lang='lat' dir='ltr'>lac</span> <span class='ocrx_word' id='word_1_258' title='bbox 961 1414 1018 1449; x_wconf 86' lang='lat' dir='ltr'>vel·</span> <span class='ocrx_word' id='word_1_259' title='bbox 1031 1413 1134 1449; x_wconf 72' lang='lat' dir='ltr'>serum</span> <span class='ocrx_word' id='word_1_260' title='bbox 1147 1411 1208 1448; x_wconf 75' lang='lat' dir='ltr'>effe</span> <span class='ocrx_word' id='word_1_261' title='bbox 1220 1415 1368 1449; x_wconf 84' lang='lat' dir='ltr'>omnium</span> <span class='ocrx_word' id='word_1_262' title='bbox 1377 1416 1561 1450; x_wconf 84' lang='lat' dir='ltr'>viventium</span> <span class='ocrx_word' id='word_1_263' title='bbox 1579 1415 1753 1463; x_wconf 52' lang='lat' dir='ltr'>originem,</span> 
     </span>
     <span class='ocr_line' id='line_1_25' title="bbox 348 1461 1753 1512; baseline -0.002 -12"><span class='ocrx_word' id='word_1_264' title='bbox 348 1468 383 1500; x_wconf 70' lang='grc' dir='ltr'>ὅ(</span> <span class='ocrx_word' id='word_1_265' title='bbox 392 1463 689 1499; x_wconf 87' lang='lat' dir='ltr'>alimentum.Hinc</span> <span class='ocrx_word' id='word_1_266' title='bbox 700 1462 855 1511; x_wconf 76' lang='lat' dir='ltr'>pleraque</span> <span class='ocrx_word' id='word_1_267' title='bbox 865 1462 988 1499; x_wconf 83' lang='lat' dir='ltr'>semina-</span> <span class='ocrx_word' id='word_1_268' title='bbox 999 1475 1089 1499; x_wconf 84' lang='lat' dir='ltr'>terrae</span> <span class='ocrx_word' id='word_1_269' title='bbox 1096 1464 1223 1512; x_wconf 82' lang='lat' dir='ltr'>gremio</span> <span class='ocrx_word' id='word_1_270' title='bbox 1232 1461 1379 1498; x_wconf 86' lang='lat' dir='ltr'>e&#39;mollita</span> <span class='ocrx_word' id='word_1_271' title='bbox 1390 1463 1578 1501; x_wconf 62' lang='lat' dir='ltr'>lactescunt.</span> <span class='ocrx_word' id='word_1_272' title='bbox 1600 1465 1637 1498; x_wconf 86' lang='lat' dir='ltr'>In</span> <span class='ocrx_word' id='word_1_273' title='bbox 1645 1474 1753 1498; x_wconf 84' lang='lat' dir='ltr'>mam·</span> 
     </span>
     <span class='ocr_line' id='line_1_26' title="bbox 349 1510 1754 1561; baseline -0.001 -13"><span class='ocrx_word' id='word_1_274' title='bbox 349 1514 410 1548; x_wconf 84' lang='lat' dir='ltr'>mis</span> <span class='ocrx_word' id='word_1_275' title='bbox 423 1511 612 1548; x_wconf 86' lang='lat' dir='ltr'>animalium</span> <span class='ocrx_word' id='word_1_276' title='bbox 623 1510 760 1560; x_wconf 71' lang='lat' dir='ltr'>copiosae</span> <span class='ocrx_word' id='word_1_277' title='bbox 772 1511 844 1547; x_wconf 89' lang='lat' dir='ltr'>sunt</span> <span class='ocrx_word' id='word_1_278' title='bbox 853 1514 973 1547; x_wconf 85' lang='lat' dir='ltr'>arteria:</span> <span class='ocrx_word' id='word_1_279' title='bbox 989 1542 999 1556; x_wconf 94' lang='lat'>,</span> <span class='ocrx_word' id='word_1_280' title='bbox 1017 1525 1088 1561; x_wconf 84' lang='lat' dir='ltr'>quae</span> <span class='ocrx_word' id='word_1_281' title='bbox 1111 1510 1179 1547; x_wconf 87' lang='lat' dir='ltr'>sero</span> <span class='ocrx_word' id='word_1_282' title='bbox 1197 1523 1326 1561; x_wconf 80' lang='lat' dir='ltr'>turgent</span> <span class='ocrx_word' id='word_1_283' title='bbox 1337 1540 1347 1556; x_wconf 92' lang='lat'>‚</span> <span class='ocrx_word' id='word_1_284' title='bbox 1371 1525 1408 1548; x_wconf 87' lang='lat' dir='ltr'>ac</span> <span class='ocrx_word' id='word_1_285' title='bbox 1421 1525 1519 1549; x_wconf 66' lang='lat' dir='ltr'>venat</span> <span class='ocrx_word' id='word_1_286' title='bbox 1539 1525 1610 1561; x_wconf 82' lang='lat' dir='ltr'>quae</span> <span class='ocrx_word' id='word_1_287' title='bbox 1628 1510 1754 1561; x_wconf 85' lang='lat' dir='ltr'>sangui-</span> 
     </span>
     <span class='ocr_line' id='line_1_27' title="bbox 348 1560 1750 1611; baseline -0.003 -14"><span class='ocrx_word' id='word_1_288' title='bbox 348 1573 426 1597; x_wconf 82' lang='lat' dir='ltr'>nem</span> <span class='ocrx_word' id='word_1_289' title='bbox 436 1573 553 1610; x_wconf 80' lang='lat' dir='ltr'>magna</span> <span class='ocrx_word' id='word_1_290' title='bbox 566 1574 606 1597; x_wconf 83' lang='lat' dir='ltr'>ex.</span> <span class='ocrx_word' id='word_1_291' title='bbox 622 1572 712 1609; x_wconf 84' lang='lat' dir='ltr'>parte</span> <span class='ocrx_word' id='word_1_292' title='bbox 725 1560 828 1596; x_wconf 79' lang='lat' dir='ltr'>fetoso</span> <span class='ocrx_word' id='word_1_293' title='bbox 839 1560 936 1596; x_wconf 70' lang='lat' dir='ltr'>latice</span> <span class='ocrx_word' id='word_1_294' title='bbox 944 1569 1080 1597; x_wconf 62' lang='lat' dir='ltr'>vacuum</span> <span class='ocrx_word' id='word_1_295' title='bbox 1093 1561 1134 1596; x_wconf 87' lang='lat' dir='ltr'>ad</span> <span class='ocrx_word' id='word_1_296' title='bbox 1155 1573 1210 1595; x_wconf 84' lang='lat' dir='ltr'>cor</span> <span class='ocrx_word' id='word_1_297' title='bbox 1220 1561 1383 1606; x_wconf 82' lang='lat' dir='ltr'>referunt,</span> <span class='ocrx_word' id='word_1_298' title='bbox 1407 1564 1564 1611; x_wconf 78' lang='lat' dir='ltr'>nigriores</span> <span class='ocrx_word' id='word_1_299' title='bbox 1584 1571 1750 1610; x_wconf 76' lang='lat' dir='ltr'>apparent.</span> 
     </span>
     <span class='ocr_line' id='line_1_28' title="bbox 350 1606 1753 1659; baseline -0.002 -13"><span class='ocrx_word' id='word_1_300' title='bbox 350 1613 414 1646; x_wconf 83' lang='lat' dir='ltr'>Lac</span> <span class='ocrx_word' id='word_1_301' title='bbox 427 1622 465 1644; x_wconf 86' lang='lat' dir='ltr'>ex</span> <span class='ocrx_word' id='word_1_302' title='bbox 483 1622 567 1658; x_wconf 87' lang='lat' dir='ltr'>aqua</span> <span class='ocrx_word' id='word_1_303' title='bbox 578 1608 776 1659; x_wconf 62' lang='lat' dir='ltr'>potiffimtlm</span> <span class='ocrx_word' id='word_1_304' title='bbox 794 1615 829 1648; x_wconf 77' lang='grc'>86</span> <span class='ocrx_word' id='word_1_305' title='bbox 845 1610 1003 1659; x_wconf 72' lang='lat' dir='ltr'>glutinosa</span> <span class='ocrx_word' id='word_1_306' title='bbox 1023 1609 1199 1658; x_wconf 66' lang='lat' dir='ltr'>substantia</span> <span class='ocrx_word' id='word_1_307' title='bbox 1224 1612 1354 1645; x_wconf 75' lang='lat' dir='ltr'>videtur</span> <span class='ocrx_word' id='word_1_308' title='bbox 1368 1609 1601 1658; x_wconf 80' lang='lat' dir='ltr'>compofimm:</span> <span class='ocrx_word' id='word_1_309' title='bbox 1625 1606 1753 1645; x_wconf 73' lang='lat' dir='ltr'>vistosae</span> 
     </span>
     <span class='ocr_line' id='line_1_29' title="bbox 347 1657 1752 1709; baseline -0.001 -15"><span class='ocrx_word' id='word_1_310' title='bbox 347 1658 526 1694; x_wconf 75' lang='lat' dir='ltr'>substantiae</span> <span class='ocrx_word' id='word_1_311' title='bbox 541 1672 671 1694; x_wconf 84' lang='lat' dir='ltr'>meatus</span> <span class='ocrx_word' id='word_1_312' title='bbox 684 1659 810 1703; x_wconf 82' lang='lat' dir='ltr'>fer-um,</span> <span class='ocrx_word' id='word_1_313' title='bbox 829 1659 882 1694; x_wconf 84' lang='lat' dir='ltr'>vel</span> <span class='ocrx_word' id='word_1_314' title='bbox 902 1672 985 1708; x_wconf 85' lang='lat' dir='ltr'>aqua</span> <span class='ocrx_word' id='word_1_315' title='bbox 1000 1659 1119 1709; x_wconf 87' lang='lat' dir='ltr'>implet</span> <span class='ocrx_word' id='word_1_316' title='bbox 1133 1688 1142 1702; x_wconf 97' lang='lat'>‚</span> <span class='ocrx_word' id='word_1_317' title='bbox 1166 1665 1200 1697; x_wconf 89' lang='lat'>&amp;</span> <span class='ocrx_word' id='word_1_318' title='bbox 1217 1658 1244 1694; x_wconf 47' lang='lat' dir='ltr'>fia</span> <span class='ocrx_word' id='word_1_319' title='bbox 1256 1660 1414 1695; x_wconf 75' lang='lat' dir='ltr'>credimus</span> <span class='ocrx_word' id='word_1_320' title='bbox 1437 1659 1588 1703; x_wconf 85' lang='lat' dir='ltr'>Borello,</span> <span class='ocrx_word' id='word_1_321' title='bbox 1613 1657 1752 1695; x_wconf 87' lang='lat' dir='ltr'>inclusus</span> 
     </span>
     <span class='ocr_line' id='line_1_30' title="bbox 347 1705 1754 1757; baseline -0.003 -14"><span class='ocrx_word' id='word_1_322' title='bbox 347 1720 403 1743; x_wconf 82' lang='lat' dir='ltr'>aer</span> <span class='ocrx_word' id='word_1_323' title='bbox 415 1710 447 1743; x_wconf 91' lang='lat' dir='ltr'>in</span> <span class='ocrx_word' id='word_1_324' title='bbox 460 1706 581 1743; x_wconf 79' lang='lat' dir='ltr'>viscoso</span> <span class='ocrx_word' id='word_1_325' title='bbox 594 1708 732 1744; x_wconf 78' lang='lat' dir='ltr'>humore</span> <span class='ocrx_word' id='word_1_326' title='bbox 747 1708 889 1757; x_wconf 84' lang='lat' dir='ltr'>spumam</span> <span class='ocrx_word' id='word_1_327' title='bbox 900 1709 1064 1756; x_wconf 85' lang='lat' dir='ltr'>quandam</span> <span class='ocrx_word' id='word_1_328' title='bbox 1077 1707 1186 1744; x_wconf 80' lang='lat' dir='ltr'>efficit.</span> <span class='ocrx_word' id='word_1_329' title='bbox 1200 1708 1300 1743; x_wconf 79' lang='lat' dir='ltr'>Cum·</span> <span class='ocrx_word' id='word_1_330' title='bbox 1307 1720 1418 1744; x_wconf 85' lang='lat' dir='ltr'>autem</span> <span class='ocrx_word' id='word_1_331' title='bbox 1431 1707 1538 1745; x_wconf 85' lang='lat' dir='ltr'>succus</span> <span class='ocrx_word' id='word_1_332' title='bbox 1563 1707 1671 1744; x_wconf 83' lang='lat' dir='ltr'>acidus</span> <span class='ocrx_word' id='word_1_333' title='bbox 1690 1705 1754 1741; x_wconf 83' lang='lat' dir='ltr'>dis.</span> 
     </span>
     <span class='ocr_line' id='line_1_31' title="bbox 349 1754 1754 1808; baseline -0.001 -17"><span class='ocrx_word' id='word_1_334' title='bbox 349 1759 471 1805; x_wconf 82' lang='lat' dir='ltr'>rumpit</span> <span class='ocrx_word' id='word_1_335' title='bbox 482 1756 554 1791; x_wconf 77' lang='lat' dir='ltr'>illas</span> <span class='ocrx_word' id='word_1_336' title='bbox 567 1756 716 1806; x_wconf 62' lang='lat' dir='ltr'>yeficulas</span> <span class='ocrx_word' id='word_1_337' title='bbox 727 1770 845 1805; x_wconf 67' lang='lat' dir='ltr'>‚naquae</span> <span class='ocrx_word' id='word_1_338' title='bbox 853 1758 986 1807; x_wconf 82' lang='lat' dir='ltr'>guttulae</span> <span class='ocrx_word' id='word_1_339' title='bbox 1000 1770 1038 1794; x_wconf 85' lang='lat' dir='ltr'>ex</span> <span class='ocrx_word' id='word_1_340' title='bbox 1059 1760 1145 1808; x_wconf 88' lang='lat' dir='ltr'>poris</span> <span class='ocrx_word' id='word_1_341' title='bbox 1157 1769 1310 1794; x_wconf 85' lang='lat' dir='ltr'>exeuntes</span> <span class='ocrx_word' id='word_1_342' title='bbox 1321 1759 1472 1795; x_wconf 77' lang='lat' dir='ltr'>innatant</span> <span class='ocrx_word' id='word_1_343' title='bbox 1482 1787 1492 1803; x_wconf 92' lang='lat'>,</span> <span class='ocrx_word' id='word_1_344' title='bbox 1511 1768 1647 1806; x_wconf 88' lang='lat' dir='ltr'>tumque</span> <span class='ocrx_word' id='word_1_345' title='bbox 1656 1754 1754 1807; x_wconf 70' lang='lat' dir='ltr'>pelli..</span> 
     </span>
     <span class='ocr_line' id='line_1_32' title="bbox 349 1805 1248 1855; baseline -0.002 -13"><span class='ocrx_word' id='word_1_346' title='bbox 349 1806 428 1842; x_wconf 74' lang='lat' dir='ltr'>culae</span> <span class='ocrx_word' id='word_1_347' title='bbox 444 1805 608 1854; x_wconf 82' lang='lat' dir='ltr'>glutinosae</span> <span class='ocrx_word' id='word_1_348' title='bbox 620 1805 708 1842; x_wconf 86' lang='lat' dir='ltr'>simul</span> <span class='ocrx_word' id='word_1_349' title='bbox 716 1809 837 1855; x_wconf 66' lang='lat' dir='ltr'>juanae</span> <span class='ocrx_word' id='word_1_350' title='bbox 846 1807 1055 1844; x_wconf 84' lang='lat' dir='ltr'>concrescunt</span> <span class='ocrx_word' id='word_1_351' title='bbox 1068 1810 1100 1843; x_wconf 80' lang='lat' dir='ltr'>in</span> <span class='ocrx_word' id='word_1_352' title='bbox 1112 1806 1248 1843; x_wconf 79' lang='lat' dir='ltr'>caseum.</span> 
     </span>
    </p>

    <p class='ocr_par' dir='ltr' id='par_1_6' title="bbox 347 1854 1755 2394">
     <span class='ocr_line' id='line_1_33' title="bbox 382 1854 1755 1905; baseline -0.002 -14"><span class='ocrx_word' id='word_1_353' title='bbox 382 1857 464 1891; x_wconf 89' lang='lat' dir='ltr'>Non</span> <span class='ocrx_word' id='word_1_354' title='bbox 476 1854 616 1890; x_wconf 72' lang='lat' dir='ltr'>diffimili</span> <span class='ocrx_word' id='word_1_355' title='bbox 627 1858 755 1890; x_wconf 83' lang='lat' dir='ltr'>ratione</span> <span class='ocrx_word' id='word_1_356' title='bbox 765 1856 891 1905; x_wconf 77' lang='lat' dir='ltr'>sanguis</span> <span class='ocrx_word' id='word_1_357' title='bbox 903 1886 914 1900; x_wconf 95' lang='lat'>,</span> <span class='ocrx_word' id='word_1_358' title='bbox 931 1869 967 1892; x_wconf 84' lang='lat' dir='ltr'>ur</span> <span class='ocrx_word' id='word_1_359' title='bbox 977 1857 1064 1905; x_wconf 45' lang='lat' dir='ltr'>ici-em</span> <span class='ocrx_word' id='word_1_360' title='bbox 1077 1856 1200 1892; x_wconf 80' lang='lat' dir='ltr'>Aurhor</span> <span class='ocrx_word' id='word_1_361' title='bbox 1209 1857 1366 1893; x_wconf 82' lang='lat' dir='ltr'>existimat</span> <span class='ocrx_word' id='word_1_362' title='bbox 1375 1885 1385 1900; x_wconf 90' lang='lat'>‚</span> <span class='ocrx_word' id='word_1_363' title='bbox 1398 1855 1523 1892; x_wconf 82' lang='lat' dir='ltr'>duabus</span> <span class='ocrx_word' id='word_1_364' title='bbox 1541 1854 1664 1891; x_wconf 82' lang='lat' dir='ltr'>constat</span> <span class='ocrx_word' id='word_1_365' title='bbox 1677 1860 1755 1902; x_wconf 58' lang='lat' dir='ltr'>paru·</span> 
     </span>
     <span class='ocr_line' id='line_1_34' title="bbox 349 1902 1755 1953; baseline 0 -15"><span class='ocrx_word' id='word_1_366' title='bbox 349 1903 435 1938; x_wconf 73' lang='lat' dir='ltr'>tibus</span> <span class='ocrx_word' id='word_1_367' title='bbox 447 1932 456 1946; x_wconf 94' lang='lat'>,</span> <span class='ocrx_word' id='word_1_368' title='bbox 469 1902 636 1938; x_wconf 86' lang='lat' dir='ltr'>albumine</span> <span class='ocrx_word' id='word_1_369' title='bbox 650 1910 683 1940; x_wconf 72' lang='grc' dir='ltr'>ὃ(</span> <span class='ocrx_word' id='word_1_370' title='bbox 695 1916 806 1938; x_wconf 86' lang='lat' dir='ltr'>cruore</span> <span class='ocrx_word' id='word_1_371' title='bbox 820 1932 829 1944; x_wconf 90' lang='lat'>‚</span> <span class='ocrx_word' id='word_1_372' title='bbox 844 1917 917 1951; x_wconf 70' lang='lat' dir='ltr'>quae</span> <span class='ocrx_word' id='word_1_373' title='bbox 929 1904 1042 1952; x_wconf 77' lang='lat' dir='ltr'>sponte</span> <span class='ocrx_word' id='word_1_374' title='bbox 1054 1903 1107 1940; x_wconf 86' lang='lat' dir='ltr'>sua</span> <span class='ocrx_word' id='word_1_375' title='bbox 1117 1904 1137 1940; x_wconf 71' lang='lat' dir='ltr'>a</span> <span class='ocrx_word' id='word_1_376' title='bbox 1149 1903 1179 1939; x_wconf 86' lang='lat' dir='ltr'>se</span> <span class='ocrx_word' id='word_1_377' title='bbox 1188 1916 1303 1940; x_wconf 87' lang='lat' dir='ltr'>mutuo</span> <span class='ocrx_word' id='word_1_378' title='bbox 1317 1904 1501 1953; x_wconf 81' lang='lat' dir='ltr'>separantur</span> <span class='ocrx_word' id='word_1_379' title='bbox 1515 1907 1596 1939; x_wconf 88' lang='lat' dir='ltr'>citra</span> <span class='ocrx_word' id='word_1_380' title='bbox 1612 1902 1755 1938; x_wconf 76' lang='lat' dir='ltr'>fermen-</span> 
     </span>
     <span class='ocr_line' id='line_1_35' title="bbox 352 1949 1755 2001; baseline 0 -15"><span class='ocrx_word' id='word_1_381' title='bbox 352 1954 532 1995; x_wconf 81' lang='lat' dir='ltr'>tationem,</span> <span class='ocrx_word' id='word_1_382' title='bbox 547 1951 695 1987; x_wconf 83' lang='lat' dir='ltr'>autillius</span> <span class='ocrx_word' id='word_1_383' title='bbox 708 1954 848 1986; x_wconf 76' lang='lat' dir='ltr'>materia:</span> <span class='ocrx_word' id='word_1_384' title='bbox 863 1953 1082 1988; x_wconf 65' lang='lat' dir='ltr'>additionem.</span> <span class='ocrx_word' id='word_1_385' title='bbox 1094 1956 1130 1988; x_wconf 82' lang='lat' dir='ltr'>ln</span> <span class='ocrx_word' id='word_1_386' title='bbox 1146 1952 1314 1989; x_wconf 77' lang='lat' dir='ltr'>albumine</span> <span class='ocrx_word' id='word_1_387' title='bbox 1329 1954 1399 1989; x_wconf 85' lang='lat' dir='ltr'>duae</span> <span class='ocrx_word' id='word_1_388' title='bbox 1420 1953 1491 1990; x_wconf 76' lang='lat' dir='ltr'>sunt</span> <span class='ocrx_word' id='word_1_389' title='bbox 1502 1964 1609 2001; x_wconf 84' lang='lat' dir='ltr'>par-tes</span> <span class='ocrx_word' id='word_1_390' title='bbox 1629 1980 1640 1997; x_wconf 85' lang='lat'>,</span> <span class='ocrx_word' id='word_1_391' title='bbox 1659 1949 1755 1988; x_wconf 79' lang='lat' dir='ltr'>visci-</span> 
     </span>
     <span class='ocr_line' id='line_1_36' title="bbox 351 2000 1754 2052; baseline 0 -17"><span class='ocrx_word' id='word_1_392' title='bbox 351 2000 410 2035; x_wconf 85' lang='lat' dir='ltr'>dus</span> <span class='ocrx_word' id='word_1_393' title='bbox 421 2013 538 2049; x_wconf 87' lang='lat' dir='ltr'>nempe</span> <span class='ocrx_word' id='word_1_394' title='bbox 554 2000 669 2036; x_wconf 82' lang='lat' dir='ltr'>humor</span> <span class='ocrx_word' id='word_1_395' title='bbox 684 2000 914 2036; x_wconf 78' lang='lat' dir='ltr'>ovialbumini</span> <span class='ocrx_word' id='word_1_396' title='bbox 936 2015 1001 2037; x_wconf 90' lang='lat' dir='ltr'>non</span> <span class='ocrx_word' id='word_1_397' title='bbox 1016 2000 1171 2037; x_wconf 74' lang='lat' dir='ltr'>dimmilis</span> <span class='ocrx_word' id='word_1_398' title='bbox 1186 2030 1195 2044; x_wconf 90' lang='lat'>,</span> <span class='ocrx_word' id='word_1_399' title='bbox 1216 2014 1291 2037; x_wconf 86' lang='lat' dir='ltr'>nam</span> <span class='ocrx_word' id='word_1_400' title='bbox 1311 2007 1344 2040; x_wconf 87' lang='lat'>&amp;</span> <span class='ocrx_word' id='word_1_401' title='bbox 1362 2002 1454 2051; x_wconf 87' lang='lat' dir='ltr'>sapor</span> <span class='ocrx_word' id='word_1_402' title='bbox 1468 2014 1553 2052; x_wconf 82' lang='lat' dir='ltr'>pene</span> <span class='ocrx_word' id='word_1_403' title='bbox 1575 2002 1668 2037; x_wconf 86' lang='lat' dir='ltr'>idem·</span> <span class='ocrx_word' id='word_1_404' title='bbox 1682 2001 1754 2043; x_wconf 66' lang='lat' dir='ltr'>est,</span> 
     </span>
     <span class='ocr_line' id='line_1_37' title="bbox 351 2049 1753 2098; baseline 0 -14"><span class='ocrx_word' id='word_1_405' title='bbox 351 2055 385 2088; x_wconf 70' lang='grc' dir='ltr'>δι</span> <span class='ocrx_word' id='word_1_406' title='bbox 401 2049 514 2084; x_wconf 85' lang='lat' dir='ltr'>caloris</span> <span class='ocrx_word' id='word_1_407' title='bbox 528 2052 559 2083; x_wconf 90' lang='lat' dir='ltr'>vi</span> <span class='ocrx_word' id='word_1_408' title='bbox 572 2050 690 2085; x_wconf 80' lang='lat' dir='ltr'>itidem</span> <span class='ocrx_word' id='word_1_409' title='bbox 707 2049 895 2087; x_wconf 81' lang='lat' dir='ltr'>concrescit.</span> <span class='ocrx_word' id='word_1_410' title='bbox 908 2051 944 2085; x_wconf 81' lang='lat' dir='ltr'>Id</span> <span class='ocrx_word' id='word_1_411' title='bbox 959 2049 1043 2087; x_wconf 76' lang='lat' dir='ltr'>vero</span> <span class='ocrx_word' id='word_1_412' title='bbox 1057 2049 1159 2086; x_wconf 85' lang='lat' dir='ltr'>serum</span> <span class='ocrx_word' id='word_1_413' title='bbox 1169 2051 1324 2098; x_wconf 56' lang='lat' dir='ltr'>aquosum</span> <span class='ocrx_word' id='word_1_414' title='bbox 1334 2055 1484 2088; x_wconf 77' lang='lat' dir='ltr'>continet</span> <span class='ocrx_word' id='word_1_415' title='bbox 1497 2080 1507 2095; x_wconf 92' lang='lat'>,</span> <span class='ocrx_word' id='word_1_416' title='bbox 1526 2050 1618 2098; x_wconf 81' lang='lat' dir='ltr'>quod</span> <span class='ocrx_word' id='word_1_417' title='bbox 1636 2049 1753 2085; x_wconf 81' lang='lat' dir='ltr'>salibus</span> 
     </span>
     <span class='ocr_line' id='line_1_38' title="bbox 351 2097 1754 2149; baseline 0.001 -16"><span class='ocrx_word' id='word_1_418' title='bbox 351 2100 564 2134; x_wconf 79' lang='lat' dir='ltr'>ammoniacis</span> <span class='ocrx_word' id='word_1_419' title='bbox 580 2104 613 2136; x_wconf 85' lang='lat'>&amp;</span> <span class='ocrx_word' id='word_1_420' title='bbox 628 2101 772 2134; x_wconf 79' lang='lat' dir='ltr'>tartareis</span> <span class='ocrx_word' id='word_1_421' title='bbox 788 2097 940 2137; x_wconf 80' lang='lat' dir='ltr'>inficitur.</span> <span class='ocrx_word' id='word_1_422' title='bbox 956 2102 1028 2136; x_wconf 85' lang='lat' dir='ltr'>Pars</span> <span class='ocrx_word' id='word_1_423' title='bbox 1039 2100 1143 2135; x_wconf 75' lang='lat' dir='ltr'>altera</span> <span class='ocrx_word' id='word_1_424' title='bbox 1160 2100 1316 2149; x_wconf 65' lang='lat' dir='ltr'>sanguinis</span> <span class='ocrx_word' id='word_1_425' title='bbox 1335 2099 1431 2136; x_wconf 85' lang='lat' dir='ltr'>rubra</span> <span class='ocrx_word' id='word_1_426' title='bbox 1442 2101 1484 2136; x_wconf 92' lang='lat' dir='ltr'>est</span> <span class='ocrx_word' id='word_1_427' title='bbox 1500 2113 1625 2146; x_wconf 65' lang='lat' dir='ltr'>3e2que</span> <span class='ocrx_word' id='word_1_428' title='bbox 1635 2112 1674 2134; x_wconf 87' lang='lat' dir='ltr'>ex</span> <span class='ocrx_word' id='word_1_429' title='bbox 1686 2098 1754 2134; x_wconf 84' lang='lat' dir='ltr'>suc-</span> 
     </span>
     <span class='ocr_line' id='line_1_39' title="bbox 351 2147 1753 2197; baseline 0.001 -15"><span class='ocrx_word' id='word_1_430' title='bbox 351 2161 392 2183; x_wconf 93' lang='lat' dir='ltr'>co</span> <span class='ocrx_word' id='word_1_431' title='bbox 405 2160 568 2196; x_wconf 84' lang='lat' dir='ltr'>purpureo</span> <span class='ocrx_word' id='word_1_432' title='bbox 580 2177 590 2192; x_wconf 87' lang='lat'>,</span> <span class='ocrx_word' id='word_1_433' title='bbox 601 2151 657 2195; x_wconf 83' lang='lat' dir='ltr'>qni</span> <span class='ocrx_word' id='word_1_434' title='bbox 671 2151 701 2183; x_wconf 90' lang='lat' dir='ltr'>in</span> <span class='ocrx_word' id='word_1_435' title='bbox 712 2160 843 2196; x_wconf 75' lang='lat' dir='ltr'>grumos</span> <span class='ocrx_word' id='word_1_436' title='bbox 856 2162 927 2185; x_wconf 84' lang='lat' dir='ltr'>con·</span> <span class='ocrx_word' id='word_1_437' title='bbox 941 2160 1025 2185; x_wconf 73' lang='lat' dir='ltr'>retus</span> <span class='ocrx_word' id='word_1_438' title='bbox 1040 2178 1049 2192; x_wconf 96' lang='lat'>,</span> <span class='ocrx_word' id='word_1_439' title='bbox 1066 2155 1100 2186; x_wconf 62' lang='grc' dir='ltr'>ὅ(</span> <span class='ocrx_word' id='word_1_440' title='bbox 1113 2161 1197 2197; x_wconf 81' lang='lat' dir='ltr'>aqua</span> <span class='ocrx_word' id='word_1_441' title='bbox 1215 2149 1346 2186; x_wconf 64' lang='lat' dir='ltr'>ablutus</span> <span class='ocrx_word' id='word_1_442' title='bbox 1357 2148 1428 2185; x_wconf 78' lang='lat' dir='ltr'>abit</span> <span class='ocrx_word' id='word_1_443' title='bbox 1444 2153 1475 2185; x_wconf 91' lang='lat' dir='ltr'>in</span> <span class='ocrx_word' id='word_1_444' title='bbox 1490 2149 1617 2184; x_wconf 79' lang='lat' dir='ltr'>rubrurr</span> <span class='ocrx_word' id='word_1_445' title='bbox 1639 2147 1753 2197; x_wconf 88' lang='lat' dir='ltr'>pulve-</span> 
     </span>
     <span class='ocr_line' id='line_1_40' title="bbox 352 2196 1753 2247; baseline 0.001 -17"><span class='ocrx_word' id='word_1_446' title='bbox 352 2209 421 2231; x_wconf 86' lang='lat' dir='ltr'>rem</span> <span class='ocrx_word' id='word_1_447' title='bbox 443 2214 452 2240; x_wconf 81' lang='lat'>3</span> <span class='ocrx_word' id='word_1_448' title='bbox 473 2196 559 2244; x_wconf 89' lang='lat' dir='ltr'>isque</span> <span class='ocrx_word' id='word_1_449' title='bbox 574 2200 607 2232; x_wconf 71' lang='lat' dir='ltr'>iri</span> <span class='ocrx_word' id='word_1_450' title='bbox 629 2197 732 2232; x_wconf 78' lang='lat' dir='ltr'>fundo</span> <span class='ocrx_word' id='word_1_451' title='bbox 760 2210 849 2245; x_wconf 83' lang='lat' dir='ltr'>aquae</span> <span class='ocrx_word' id='word_1_452' title='bbox 864 2197 991 2233; x_wconf 75' lang='lat' dir='ltr'>subsidit</span> <span class='ocrx_word' id='word_1_453' title='bbox 1009 2227 1019 2241; x_wconf 87' lang='lat'>‚</span> <span class='ocrx_word' id='word_1_454' title='bbox 1039 2210 1076 2233; x_wconf 83' lang='lat' dir='ltr'>ut</span> <span class='ocrx_word' id='word_1_455' title='bbox 1087 2211 1157 2247; x_wconf 79' lang='lat' dir='ltr'>pars</span> <span class='ocrx_word' id='word_1_456' title='bbox 1169 2199 1327 2245; x_wconf 71' lang='lat' dir='ltr'>glutinosa</span> <span class='ocrx_word' id='word_1_457' title='bbox 1343 2201 1414 2244; x_wconf 71' lang='lat' dir='ltr'>post</span> <span class='ocrx_word' id='word_1_458' title='bbox 1426 2197 1553 2234; x_wconf 73' lang='lat' dir='ltr'>crebras</span> <span class='ocrx_word' id='word_1_459' title='bbox 1567 2197 1753 2233; x_wconf 83' lang='lat' dir='ltr'>ablutiones</span> 
     </span>
     <span class='ocr_line' id='line_1_41' title="bbox 347 2244 1751 2284; baseline 0 -4"><span class='ocrx_word' id='word_1_460' title='bbox 347 2249 384 2280; x_wconf 79' lang='lat' dir='ltr'>:in</span> <span class='ocrx_word' id='word_1_461' title='bbox 402 2244 498 2280; x_wconf 76' lang='lat' dir='ltr'>fibras</span> <span class='ocrx_word' id='word_1_462' title='bbox 512 2247 663 2281; x_wconf 70' lang='lat' dir='ltr'>candidis</span> <span class='ocrx_word' id='word_1_463' title='bbox 676 2250 708 2284; x_wconf 87' lang='lat'>&amp;</span> <span class='ocrx_word' id='word_1_464' title='bbox 720 2246 811 2282; x_wconf 83' lang='lat' dir='ltr'>velut</span> <span class='ocrx_word' id='word_1_465' title='bbox 822 2250 853 2282; x_wconf 92' lang='lat' dir='ltr'>in</span> <span class='ocrx_word' id='word_1_466' title='bbox 866 2247 1107 2283; x_wconf 62' lang='lat' dir='ltr'>membranulas</span> <span class='ocrx_word' id='word_1_467' title='bbox 1126 2248 1305 2283; x_wconf 68' lang='lat' dir='ltr'>tendin0fi1‹</span> <span class='ocrx_word' id='word_1_468' title='bbox 1325 2249 1493 2284; x_wconf 64' lang='lat' dir='ltr'>dir&#39;ucitnr.</span> <span class='ocrx_word' id='word_1_469' title='bbox 1516 2251 1671 2283; x_wconf 86' lang='lat' dir='ltr'>Praeterea</span> <span class='ocrx_word' id='word_1_470' title='bbox 1686 2244 1751 2280; x_wconf 88' lang='lat' dir='ltr'>san·</span> 
     </span>
     <span class='ocr_line' id='line_1_42' title="bbox 349 2294 1752 2345; baseline -0.001 -17"><span class='ocrx_word' id='word_1_471' title='bbox 349 2297 443 2343; x_wconf 82' lang='lat' dir='ltr'>guini</span> <span class='ocrx_word' id='word_1_472' title='bbox 457 2294 675 2331; x_wconf 82' lang='lat' dir='ltr'>admiscentur</span> <span class='ocrx_word' id='word_1_473' title='bbox 691 2308 796 2344; x_wconf 79' lang='lat' dir='ltr'>partes</span> <span class='ocrx_word' id='word_1_474' title='bbox 812 2309 930 2339; x_wconf 65' lang='lat' dir='ltr'>aereae,</span> <span class='ocrx_word' id='word_1_475' title='bbox 943 2310 978 2332; x_wconf 81' lang='lat' dir='ltr'>ur</span> <span class='ocrx_word' id='word_1_476' title='bbox 993 2297 1022 2329; x_wconf 80' lang='lat' dir='ltr'>in</span> <span class='ocrx_word' id='word_1_477' title='bbox 1034 2297 1137 2338; x_wconf 64' lang='lat' dir='ltr'>laste,</span> <span class='ocrx_word' id='word_1_478' title='bbox 1153 2304 1182 2333; x_wconf 61' lang='grc' dir='ltr'>ἃ</span> <span class='ocrx_word' id='word_1_479' title='bbox 1202 2297 1280 2332; x_wconf 82' lang='lat' dir='ltr'>succi</span> <span class='ocrx_word' id='word_1_480' title='bbox 1292 2297 1445 2345; x_wconf 64' lang='lat' dir='ltr'>spirituofi</span> <span class='ocrx_word' id='word_1_481' title='bbox 1456 2327 1464 2341; x_wconf 86' lang='lat'>‚</span> <span class='ocrx_word' id='word_1_482' title='bbox 1480 2309 1562 2344; x_wconf 84' lang='lat' dir='ltr'>quos</span> <span class='ocrx_word' id='word_1_483' title='bbox 1576 2297 1664 2332; x_wconf 83' lang='lat' dir='ltr'>nervi</span> <span class='ocrx_word' id='word_1_484' title='bbox 1679 2294 1752 2342; x_wconf 81' lang='lat' dir='ltr'>sup-</span> 
     </span>
     <span class='ocr_line' id='line_1_43' title="bbox 352 2341 1750 2394; baseline 0 -15"><span class='ocrx_word' id='word_1_485' title='bbox 352 2343 511 2390; x_wconf 76' lang='lat' dir='ltr'>pedit-mt.</span> <span class='ocrx_word' id='word_1_486' title='bbox 526 2344 683 2394; x_wconf 54' lang='lat' dir='ltr'>Spuri-,osa</span> <span class='ocrx_word' id='word_1_487' title='bbox 700 2345 742 2380; x_wconf 87' lang='lat' dir='ltr'>est</span> <span class='ocrx_word' id='word_1_488' title='bbox 759 2344 918 2394; x_wconf 66' lang='lat' dir='ltr'>sanguinis</span> <span class='ocrx_word' id='word_1_489' title='bbox 941 2346 1109 2381; x_wconf 52' lang='lat' dir='ltr'>fiibllfftirlal</span> <span class='ocrx_word' id='word_1_490' title='bbox 1124 2377 1135 2389; x_wconf 84' lang='lat'>‚</span> <span class='ocrx_word' id='word_1_491' title='bbox 1151 2346 1303 2382; x_wconf 76' lang='lat' dir='ltr'>albumen</span> <span class='ocrx_word' id='word_1_492' title='bbox 1321 2346 1454 2381; x_wconf 63' lang='lat' dir='ltr'>scrotum</span> <span class='ocrx_word' id='word_1_493' title='bbox 1474 2349 1506 2381; x_wconf 88' lang='lat' dir='ltr'>in</span> <span class='ocrx_word' id='word_1_494' title='bbox 1529 2341 1750 2381; x_wconf 83' lang='lat' dir='ltr'>minutiffimas</span> 
     </span>
    </p>
   </div>
   <div class='ocr_carea' id='block_1_4' title="bbox 349 2391 1752 2478">
    <p class='ocr_par' dir='ltr' id='par_1_7' title="bbox 349 2391 1752 2478">
     <span class='ocr_line' id='line_1_44' title="bbox 349 2391 1749 2476; baseline 0.014 -59"><span class='ocrx_word' id='word_1_495' title='bbox 349 2391 490 2439; x_wconf 60' lang='lat' dir='ltr'>gattulas</span> <span class='ocrx_word' id='word_1_496' title='bbox 501 2394 664 2431; x_wconf 76' lang='lat' dir='ltr'>concisum</span> <span class='ocrx_word' id='word_1_497' title='bbox 673 2407 731 2443; x_wconf 78' lang='lat' dir='ltr'>per</span> <span class='ocrx_word' id='word_1_498' title='bbox 745 2408 858 2432; x_wconf 89' lang='lat' dir='ltr'>omnes</span> <span class='ocrx_word' id='word_1_499' title='bbox 871 2394 1022 2446; x_wconf 81' lang='lat' dir='ltr'>glutinosi</span> <span class='ocrx_word' id='word_1_500' title='bbox 1035 2396 1176 2432; x_wconf 71' lang='lat' dir='ltr'>humeris</span> <span class='ocrx_word' id='word_1_501' title='bbox 1195 2409 1301 2446; x_wconf 81' lang='lat' dir='ltr'>partes</span> <span class='ocrx_word' id='word_1_502' title='bbox 1321 2396 1521 2435; x_wconf 80' lang='lat' dir='ltr'>diffunditur.</span> <span class='ocrx_word' id='word_1_503' title='bbox 1543 2396 1650 2442; x_wconf 79' lang='lat' dir='ltr'>Atque</span> <span class='ocrx_word' id='word_1_504' title='bbox 1664 2394 1749 2476; x_wconf 47' lang='lat'><strong>{131¹</strong></span> 
     </span>
     <span class='ocr_line' id='line_1_45' title="bbox 1677 2453 1752 2478; baseline 0.053 -3"><span class='ocrx_word' id='word_1_505' title='bbox 1677 2454 1694 2475; x_wconf 83' lang='lat' dir='ltr'>a</span> <span class='ocrx_word' id='word_1_506' title='bbox 1731 2453 1752 2478; x_wconf 71' lang='lat' dir='ltr'>e</span> 
     </span>
    </p>
   </div>
  </div>
 </body>
</html>
