1878 2724
424 94 777 137 TRACTATUS
814 98 1154 138 SECUNDUS·
1409 118 1420 140 r

63 151 270 188 continenter
286 148 480 196 acquiritur:
500 146 554 182 sed
572 146 662 183 simul
679 160 813 198 augetur
831 150 936 185 medii
956 148 1128 187 resistentia
1142 179 1152 194 ‚
1164 162 1233 198 quae
1254 149 1312 186 ubi
1330 121 1454 190 nox-uid

63 210 138 234 eum
155 201 316 248 impetum
338 195 478 245 aequabit
492 208 580 241 ,tum
604 210 710 232 motus
729 202 840 247 augeri
862 212 932 235 non
949 211 1093 248 poterit,
1119 199 1171 235 sed
1190 199 1356 248 aequabilis
1380 215 1450 250 per-

62 246 209 283 maneb1t
225 261 232 283 :
251 259 330 283 novi
342 246 474 294 quidem
485 246 573 282 velut
586 248 667 281 ictus
682 275 692 290 ,
720 259 777 282 aut
791 247 1006 296 percussiones
1020 261 1119 298 grave
1132 249 1277 284 deorsum
1300 250 1424 299 pellunt
1439 265 1447 287 :

60 296 112 332 sed
125 295 213 332 simul
222 325 234 341 ‚
245 307 281 331 ut
295 296 419 331 difium
429 295 619 344 est,augetur
633 297 715 331 aeris
723 295 896 332 resistentia
907 326 917 342 ,
930 310 1002 345 quae
1013 296 1205 334 divisionem
1225 310 1291 334 tam
1308 298 1447 336 subitam

60 345 198 382 inhibet.

100 408 126 440 3.
150 397 227 430 Hoc
241 394 343 444 ipsum
353 394 462 430 multis
473 396 703 443 experimentis
713 394 851 430 constat.
864 396 1006 431 Primum
1024 398 1113 432 enim
1123 394 1142 430 fi
1156 408 1197 432 ex
1209 395 1362 444 praecelsae
1382 406 1447 431 tur-

58 446 100 479 ris
114 472 124 488 ,
135 455 188 478 aut
220 446 348 492 raerupti
358 446 480 479 montis
494 445 659 479 cacumine
669 442 781 490 sagitta
798 445 929 478 intento
946 457 1021 479 arcu
1042 444 1208 489 vibretur,
1225 456 1280 479 aut
1294 444 1446 480 bombar-

58 487 131 529 dilis
144 457 262 542 globus
275 492 466 542 explodatur
479 519 488 531 ,
505 493 611 527 minus
624 490 744 526 ferient
755 520 766 534 ,
782 503 879 538 quam
890 491 909 526 fi
929 496 1074 528 cominus
1097 492 1197 530 essent
1213 494 1331 530 emiffa.
1355 497 1445 530 Nam

56 541 160 592 pulsus
174 554 229 576 aer
249 553 332 590 :egre
344 553 399 586 ,ut
417 543 460 576 ita
472 541 596 583 dicam,
607 542 729 588 patirur
743 551 832 575 tanta
846 540 1012 577 celeritate
1024 545 1137 591 agitari
1151 548 1204 586 ,&
1216 545 1249 577 in
1264 541 1379 578 orbem
1395 555 1445 578 re-

57 603 195 635 currere,
209 602 264 626 aut
281 591 470 638 comprimi.
492 588 590 625 Unde
602 583 710 624 motrss
727 588 820 638 globi
833 588 981 625 deorsum
1003 591 1104 627 ermffi
1121 592 1278 639 paulatim
1303 591 1346 626 ab
1365 595 1444 628 aeris

56 638 232 675 resistentia
241 640 421 674 retunditur
436 666 447 681 ‚
466 638 570 674 donec
580 640 649 673 vim
660 636 753 686 ipfius
771 639 937 687 gravitatis
953 651 1105 688 exaequet
1118 669 1128 682 ,
1140 640 1202 674 hoc
1213 640 1259 674 est
1272 668 1282 683 ,
1299 641 1374 675 dum
1392 653 1444 675 ea-

57 689 131 724 dem
158 687 326 723 celeritate
349 698 519 723 moveatur
537 716 547 730 ,
562 698 600 720 ac
619 685 640 722 fi
663 699 706 723 ex
726 689 841 722 eadem
858 687 1035 725 altitudine?
1059 686 1223 724 decidiiset
1245 703 1252 723 ε
1277 700 1345 724 tum
1356 693 1444 726 enim

56 736 94 773 fit
112 735 330 785 aequilibrium
340 739 424 772 inter
434 739 502 772 vim
519 738 687 785 gravitatis
698 765 708 780 ,
729 742 762 773 δε
776 735 982 772 resistentiam
991 740 1082 775 aeris.
1096 740 1245 773 Secundo
1256 738 1330 773 hinc
1340 739 1444 787 liquet

54 798 109 825 cur
125 797 225 835 grave
245 799 285 822 ex
312 798 385 821 aere
407 788 440 821 in
454 798 572 833 aquam
597 786 748 822 decidens
766 797 892 821 motum
905 785 996 822 suum
1019 787 1124 822 statim
1146 790 1335 824 imminuat:
1355 789 1445 837 quod

54 847 196 883 aquama
223 837 248 870 is
258 834 373 870 resistat
386 848 485 882 quam
504 846 581 870 aer:
598 833 637 869 fic
647 847 758 870 motus
767 836 914 883 gravium
934 837 967 870 in
980 847 1064 882 aqua
1088 837 1182 872 initio
1199 837 1331 884 quidem
1350 850 1444 873 acce.

53 884 170 920 letatur
185 848 258 928 ‚sed
276 883 369 919 brevi
383 884 420 920 fit
431 883 597 932 aequabilis
610 912 619 927 ,
631 883 676 918 ob
689 895 841 932 magnam
859 884 956 918 medii
967 883 1179 921 resistentiam
1193 899 1203 921 z
1217 887 1260 921 est
1273 888 1372 934 igitur
1391 889 1441 922 vis

52 934 201 982 quaedam
213 963 222 977 ,
231 945 287 968 aut
299 932 447 969 celeritas
459 935 708 981 maxim24quam
718 945 817 982 grave
827 932 1182 980 interfldescendendum
1199 937 1304 984 potest
1316 938 1441 984 acquir-

51 992 131 1027 rere‚
143 982 225 1017 ultra
248 995 347 1030 quam
364 996 434 1019 non
453 993 601 1031 augetur.
1260 1020 1263 1021 γ

89 1045 111 1078 3.
137 1033 215 1066 Haec
226 1032 455 1075 determinata,
470 1037 503 1069 &
518 1033 657 1067 maxima
665 1029 813 1065 celeritas
829 1032 988 1068 minorest
999 1034 1032 1069 in
1041 1044 1097 1068 cor
1123 1045 1180 1068 ore
1199 1032 1335 1078 leviori,
1351 1036 1441 1082 quod

51 1092 106 1114 aer
119 1082 220 1127 magis
240 1082 272 1114 ei
289 1079 414 1116 resistat.
444 1083 533 1115 Hinc
551 1080 682 1115 solvitur
698 1078 866 1115 difficultas
884 1094 983 1128 quam
1007 1084 1040 1117 in
1054 1046 1200 1117 Ballstica
1218 1082 1271 1117 sua
1286 1086 1441 1132 proponit

52 1127 255 1164 Mersennus.
284 1131 374 1165 Nam
391 1129 510 1177 pluries
534 1127 565 1163 se
593 1139 763 1176 expertum
781 1129 908 1164 testatur
927 1129 1075 1178 sagittam
1091 1143 1163 1176 quae
1185 1132 1218 1165 in
1231 1130 1356 1166 ascensu
1381 1135 1440 1167 tria

51 1180 175 1213 minuta
188 1176 322 1212 secunda
340 1178 561 1225 impenderat,
573 1179 718 1224 quinque
735 1179 767 1212 in
786 1177 934 1212 descensu
947 1177 1157 1226 insumpsilse:
1173 1191 1246 1214 cum
1267 1181 1354 1215 idem
1371 1194 1439 1216 non

50 1226 211 1261 accideret
221 1228 254 1261 in
266 1225 369 1275 globo
380 1224 487 1261 ferreo
502 1225 522 1260 a
534 1226 725 1260 mortariolo
734 1224 874 1274 exploso.
899 1228 989 1262 Nam
999 1232 1121 1274 majore
1132 1230 1164 1261 vi
1187 1227 1298 1276 sagitta
1317 1231 1437 1264 emitti*

53 1287 103 1310 tur
114 1302 123 1317 ‚
143 1287 240 1322 quam
257 1273 482 1310 descendendo
512 1273 606 1323 possit
631 1276 810 1320 acquirere.
841 1272 954 1310 Emissa
985 1278 1108 1324 quippe
1140 1275 1232 1311 altius
1248 1279 1279 1310 in
1307 1279 1340 1312 in
1364 1277 1437 1322 figi-

53 1336 122 1367 tur,
147 1335 246 1371 quarn
258 1322 278 1358 fi
290 1337 328 1359 ex
350 1335 555 1372 quacumque
579 1322 747 1358 altitudine
755 1324 1048 1372 recideret.Qare
1060 1324 1129 1373 plus
1149 1327 1306 1374 temporis
1323 1329 1354 1361 in
1367 1320 1436 1362 def.

51 1372 284 1410 censuinsurnit
301 1385 399 1421 quam
412 1375 445 1409 in
453 1371 590 1410 ascensu.
615 1371 688 1407 Alia
704 1370 750 1406 est
762 1374 846 1408 ratio
865 1372 959 1422 globi
977 1374 1094 1417 ferrei,
1111 1375 1165 1409 cui
1182 1385 1238 1409 aer
1264 1387 1330 1410 non
1352 1377 1435 1412 adeo

53 1420 173 1457 refistit.

102 1484 138 1516 4.
163 1472 295 1506 Minora
305 1482 442 1520 corpora
451 1472 535 1506 inter
550 1469 810 1506 descendendum
824 1473 919 1507 citius
939 1471 979 1506 ad
997 1471 1220 1518 aequalitatem
1237 1476 1437 1521 perveniunt

52 1530 154 1567 quam
170 1524 290 1568 majora
313 1533 352 1554 ex
364 1519 478 1555 eadem
494 1521 631 1555 materia
647 1519 823 1567 composita
837 1537 846 1563 ς
867 1519 939 1569 plus
962 1523 1050 1555 enim
1072 1521 1133 1557 illis
1157 1521 1269 1557 resistit
1285 1536 1361 1566 aer,
1376 1528 1435 1571 qui

52 1570 193 1615 corporis
203 1570 309 1615 gravis
323 1566 524 1616 superficiem
535 1566 652 1606 ambit,
677 1570 765 1603 Hinc
779 1580 895 1615 corpus
907 1568 1044 1603 divisum
1056 1582 1121 1605 non
1139 1581 1205 1605 tam
1215 1571 1364 1606 celeriter
1379 1574 1435 1606 de-
1449 1592 1451 1594 ·

53 1616 152 1659 cidit,
169 1629 265 1663 quam
286 1618 467 1664 integrum3
482 1620 516 1652 &
537 1627 604 1662 quo
621 1620 722 1664 major
745 1616 789 1650 est
806 1615 986 1664 superficies
1003 1629 1061 1665 pro
1079 1617 1166 1652 mole
1183 1621 1326 1667 corporis
1343 1648 1353 1663 ,
1371 1622 1434 1655 hoc

53 1663 213 1700 descensus
225 1665 269 1700 est
286 1665 618 1702 tardior.1demenim
634 1664 703 1700 fere
714 1667 748 1700 in
764 1676 857 1700 motu
870 1668 1017 1713 gravium
1029 1695 1039 1709 ‚
1059 1667 1148 1713 quod
1167 1669 1198 1701 in
1216 1670 1313 1711 navi,
1330 1681 1431 1716 quam

50 1716 143 1749 venti
158 1724 355 1761 promovent
365 1742 375 1757 ,
388 1713 504 1748 accidit
515 1725 589 1748 :aer
602 1716 725 1761 quippe
740 1715 882 1761 corporis
895 1716 1000 1762 gravis
1016 1713 1216 1763 superficiem
1237 1716 1431 1763 praeterlabi„

53 1772 102 1796 tur
113 1790 124 1805 ,
140 1768 362 1799 &remoratur
373 1791 383 1805 ,
399 1761 517 1800 ferent
533 1773 617 1809 aqua
629 1774 703 1809 quae·
717 1764 808 1797 navis
832 1765 952 1810 premit
972 1763 1091 1807 latera,
1107 1763 1192 1798 illius
1211 1776 1336 1800 motum
1349 1779 1431 1802 non-

50 1809 131 1846 nihil
144 1810 272 1846 inhibet
287 1827 296 1854 ς
314 1811 412 1859 idque
421 1823 461 1845 eo
479 1813 580 1858 magis
592 1839 602 1854 ‚
619 1824 686 1858 quo
696 1813 786 1846 navis
796 1810 896 1846 latera
905 1810 975 1847 sunt
989 1811 1027 1846 as
1045 1814 1163 1855 eriora,
1177 1825 1232 1847 aut
1241 1826 1306 1861 prae
1321 1828 1431 1850 muco-

52 1857 85 1894 so
99 1859 233 1895 humore
254 1862 356 1908 magis
370 1859 488 1895 scabra.
507 1860 605 1895 Unde
618 1873 691 1894 cum
709 1862 800 1895 navis
820 1863 913 1909 pice,
930 1872 986 1895 aut
1031 1859 1097 1896 ebo
1124 1873 1234 1896 recens
1255 1863 1297 1897 est
1326 1864 1408 1899 illita
1421 1895 1431 1910 ‚

51 1907 157 1943 multo
168 1908 300 1944 celerius
313 1911 424 1957 agitur.
453 1909 600 1955 Corpora
614 1920 724 1944 autem
744 1911 871 1944 minora
882 1914 1021 1958 majores
1037 1910 1162 1946 habent
1180 1910 1357 1959 superficies
1372 1926 1432 1962 pro

52 1955 141 1992 mole
161 1955 210 1990 sua
228 1984 237 1995 ‚
256 1970 354 2005 quam
368 1961 489 2004 majora
503 1969 645 2005 corpora.
669 1960 758 1995 Nam
778 1957 799 1993 fi
817 1957 875 1994 sint
899 1959 965 1992 duo
984 1958 1077 2008 globi
1099 1988 1110 2003 ,
1131 1972 1268 2007 quorum
1294 1974 1371 1997 unus
1393 1962 1432 1999 fit

51 2005 142 2039 unius
165 2003 256 2039 librae
270 2034 279 2048 ,
295 2005 375 2040 alter
388 2009 489 2049 06103
508 2004 687 2053 superficies
704 2009 842 2042 minoris
861 2009 925 2042 erit
947 2008 987 2042 ad
1001 2013 1131 2054 majoris
1153 2007 1353 2056 superficiem
1366 2040 1377 2054 ,
1395 2024 1431 2048 ut

52 2064 153 2086 unum
170 2053 209 2086 ad
224 2065 361 2100 quatuor
375 2068 383 2089 :
399 2055 483 2089 unde
495 2059 597 2102 major
607 2055 721 2104 globus
738 2059 815 2092 0610
833 2055 988 2091 librarum
1009 2057 1137 2094 facilius
1159 2060 1270 2093 vincet
1285 2062 1367 2094 aeris
1382 2073 1431 2096 re-

50 2099 229 2145 mennam,
246 2114 317 2149 quae
329 2104 429 2136 oritur
444 2114 482 2136 ex
493 2101 654 2150 superficie
667 2103 805 2152 quatuor
821 2106 939 2154 pedurn
950 2135 960 2149 ‚
971 2118 1069 2153 quarn
1085 2109 1190 2142 minor
1203 2106 1321 2156 globus
1335 2108 1429 2157 supe-

51 2161 102 2184 ret
118 2148 325 2186 refistentiam
337 2153 415 2185 aeris
428 2162 532 2185 ortam
544 2163 582 2185 ex
605 2151 768 2200 superficie
786 2156 878 2190 unius
893 2155 994 2203 pedis.

83 2201 163 2235 Uno
182 2198 286 2234 ve1bo
299 2212 364 2246 quo
375 2211 511 2247 corpora
525 2198 595 2234 sunt
606 2203 776 2237 minutiora
787 2232 796 2247 ,
809 2203 871 2238 hoc
882 2208 1023 2251 majores
1034 2201 1158 2238 habent
1169 2202 1349 2251 superficies
1364 2217 1425 2252 pro

51 2247 139 2281 mole
154 2246 223 2284 sua:
244 2248 291 2283 his
304 2249 387 2283 adeo
404 2248 472 2296 plus
488 2246 600 2283 resistit
608 2261 680 2292 aer,
697 2262 753 2285 aut
771 2251 858 2286 aliud
871 2252 1041 2299 liquidum.
1068 2252 1167 2287 Unde
1189 2263 1302 2286 eorum
1316 2265 1426 2289 motus

49 2298 115 2330 cito
130 2294 166 2330 fit
178 2296 340 2344 aequabilis
352 2327 359 2340 ,
372 2310 438 2332 non
455 2297 648 2332 acceleratus
664 2311 671 2332 :
685 2309 752 2333 turn
765 2303 854 2335 enim
870 2299 908 2335 fit
918 2299 1118 2348 aequabilitas
1128 2311 1235 2334 motus
1250 2328 1262 2343 ,
1281 2312 1352 2337 cum
1371 2314 1424 2337 re-

47 2342 181 2381 fistenua
191 2350 290 2391 aeris,
307 2346 360 2383 vel
378 2358 467 2394 aquae
477 2357 512 2382 ut
528 2346 688 2384 dividatur
702 2375 713 2392 ,
729 2352 762 2386 δι
774 2349 1020 2388 circulationem
1041 2346 1128 2385 suam
1147 2347 1294 2397 perficiat
1306 2379 1316 2394 ,
1332 2362 1422 2388 tanta

1167 2401 1199 2434 V
1226 2400 1248 2445 ij
