1878 2724
541 110 608 148 DE
640 111 947 149 METEORIS.

58 177 222 206 meatuum
234 163 398 211 coaptatio
409 188 419 204 ‚
433 170 469 196 ut
478 161 512 196 in
521 163 679 209 magnetis
693 160 827 196 effluviis
841 164 1007 198 cernimus.

92 218 162 263 Res
171 241 178 248 .
191 221 231 249 2⁰
251 211 381 248 Halitus
398 213 609 257 quantumvis
629 209 760 251 subtiles
774 212 938 259 propriam
952 222 1100 246 naturam
1112 222 1179 246 non
1197 221 1312 244 exuere
1325 223 1378 255 ,ut
1393 215 1427 248 in

82 227 208 300 eculfari
227 261 364 296 traclatu
379 259 444 294 fuse
470 259 664 294 demonstrat
680 262 723 295 D.
742 259 842 306 Boyle
860 261 982 307 :idque
1004 272 1139 308 vapores
1160 271 1198 293 ex
1212 271 1314 305 aqua,
1337 265 1371 296 &
1386 272 1426 295 ex

55 278 254 362 Kydrargyro
274 307 389 344 sublati
403 307 586 343 ostendunt.
613 309 702 352 Hinc
722 311 777 355 qni
795 306 993 343 Mercurium
1010 307 1117 357 saepius
1136 308 1296 351 tractant,
1316 320 1352 343 ut
1371 311 1427 356 qui

57 362 235 397 inaurandis
253 357 403 400 metallis,
419 368 474 391 aut
485 357 636 405 chymicis
653 356 808 405 operibus
827 357 906 391 dant
931 369 1081 405 operam,
1101 370 1212 392 aurum
1234 355 1428 404 plerumque

56 422 112 446 ere
123 404 398 445 tenentinclusum
409 433 420 449 ,
436 409 488 439 cui
498 408 650 440 Mercurii
666 406 747 440 fumi
757 405 834 453 saepe
844 405 1074 441 adhaerescunt.
1091 406 1124 440 Id
1137 406 1241 454 ipsum
1252 417 1290 439 ex
1304 405 1429 454 sulphu-

54 470 90 494 re
101 458 271 495 sublimato
290 457 322 490 in
331 454 409 490 vasis
426 453 555 489 occlufis
570 454 687 499 liquet:
700 466 777 489 nam
785 454 868 488 fumi
881 456 913 488 in
926 454 1022 489 flores
1033 483 1044 498 ,
1054 454 1116 489 hoc
1130 455 1218 489 estin
1232 452 1361 501 sulphur
1379 467 1430 490 re.

40 507 175 543 'deunts
187 501 519 552 Sicevegetabilibiis
528 502 671 537 distillari
685 502 846 549 liquoreS,
862 515 1034 550 corporum
1055 516 1093 538 ex
1109 503 1226 550 quibus
1242 504 1431 551 prodierunt

53 555 180 593 ssuores
199 554 390 604 plerumque
413 554 575 592 retinent;
595 551 694 597 idque
710 550 746 585 fit
765 550 953 586 luculentius
968 554 1000 587 in
1015 551 1084 600 ipsis
1103 550 1278 595 odoribus,
1292 553 1347 599 qni
1364 564 1431 587 tam

55 600 153 654 lo‘nge
167 604 296 650 lateque
311 601 542 637 diffunduntur.
566 601 616 636 Ut
629 599 708 634 nihil
721 601 825 634 dicam
841 600 881 633 de
902 600 1091 649 contagiosis
1111 598 1248 635 effluviis
1268 629 1278 643 ,
1294 613 1363 647 quae
1380 611 1434 636 tot

55 653 169 702 strages
187 653 309 693 edunt;
326 648 406 684 nihil
419 649 460 683 de
479 659 660 683 atramento
671 648 928 697 sympathetico‚
943 654 975 686 &
995 652 1168 684 innumeris
1190 650 1434 697 experimentis,

55 703 172 750 quibus
183 700 315 749 planum
331 697 531 745 fitmagnam
547 694 608 732 effe
624 698 690 731 vim
700 700 732 732 in
743 693 882 731 effluviis
892 726 901 738 ,
914 710 983 744 quae
997 709 1061 733 non
1076 696 1174 733 solum
1188 700 1207 735 ὲ
1220 698 1296 732 locis
1307 696 1432 732 subter-

55 753 176 794 rancis,
195 749 245 784 sed
261 750 359 783 etiam
377 746 508 781 exssaliis
524 745 711 793 corporibus
723 757 862 781 -manant
877 746 1010 783 :horum
1021 751 1105 783 vires
1130 749 1267 796 integrae
1277 747 1432 796 perstant,

56 798 133 834 licet
143 811 228 847 pene
242 799 275 833 in
285 807 412 831 atomos
427 793 486 830 sint
496 794 642 831 concisa.-

90 849 152 883 Sed
165 847 242 895 quid
253 857 303 882 tor
312 845 427 881 halitus
439 842 546 880 &locis
559 842 770 878 subterraneis
781 845 890 881 educit
903 852 927 881 ξς

90 897 176 945 Resp.
197 897 240 931 Vi
256 894 371 929 caloris
382 892 557 928 eos-attolli
566 906 575 928 :
584 892 808 940 undecumque
824 896 850 928 is
862 895 952 929 calor
962 892 1099 937 otiatur,
1113 892 1164 928 seu
1181 893 1201 929 ὲ
1221 892 1287 928 sole
1300 922 1310 937 ,
1324 894 1375 929 seu
1391 895 1434 930 ab

56 948 131 994 igne
149 943 365 981 subterraneo.
383 943 469 978 Cum
482 952 592 976 autem
600 940 688 976 calor
701 940 772 976 solis
784 943 930 978 vix-ultra
943 942 1069 989 aliquot
1086 944 1184 991 pedes
1204 954 1353 990 penetret
1365 955 1435 987 ,at-

56 1006 121 1042 que
135 1006 178 1030 ex
190 989 454 1042 profundioribus
472 989 593 1025 fodinis
614 990 732 1025 halitus
744 992 907 1027 interdum
921 1003 1112 1039 erumpant,
1133 992 1278 1041 plerique
1293 993 1332 1026 ad
1343 995 1433 1040 ignes

55 1042 277 1078 subterraneos
289 1039 489 1087 confugiunt.
508 1039 570 1073 Sed
584 1038 616 1073 hi
633 1042 799 1087 perpaucis
817 1043 850 1076 in
869 1039 946 1075 locis
959 1039 988 1074 se
1001 1041 1143 1088 produnt
1157 1058 1166 1084 3
1183 1052 1242 1075 nec
1261 1040 1435 1088 probabile

56 1092 99 1126 est
116 1090 236 1139 ubique
245 1092 277 1124 in
286 1100 369 1123 terra
380 1088 439 1122 hos
451 1090 540 1134 ignes
552 1086 735 1122 delitescere
749 1101 758 1123 ε
772 1101 846 1123 cum
852 1093 920 1136 jam
929 1090 985 1123 diu
993 1090 1109 1123 cuneta
1118 1087 1374 1136 consumpfiffenr
1384 1104 1392 1126 :
1402 1095 1437 1126 8<

58 1151 165 1175 tamen
184 1143 219 1175 rit
232 1141 340 1186 ignem
360 1138 393 1172 in
409 1136 505 1171 succis
520 1134 746 1180 mineralibus,
761 1142 794 1174 δι
810 1137 886 1172 ειΙίίς
899 1139 1006 1172 mixtis
1028 1135 1124 1172 inesse
1146 1150 1211 1172 non
1231 1136 1358 1172 inficior
1370 1166 1379 1180 ,
1394 1137 1435 1173 fic

56 1187 179 1236 ubique
193 1188 263 1223 fere
271 1186 412 1221 calorem
431 1187 540 1233 vigere
552 1185 583 1219 in
599 1183 678 1218 locis
690 1183 902 1222 subterraneis
920 1199 986 1221 non
1007 1188 1216 1234 pertinaciter
1235 1188 1449 1233 negaverim.-

57 1239 121 1273 Seu
131 1238 266 1273 materia
277 1234 398 1269 subtilis
407 1231 536 1278 Cartefij
546 1231 665 1280 ubique
677 1245 791 1283 regnet
803 1251 812 1277 3
823 1234 876 1269 seu
894 1232 1086 1269 bituminosa
1097 1261 1106 1276 ,
1124 1239 1157 1270 &
1177 1233 1343 1281 sulphurea
1361 1247 1436 1269 cor-

58 1298 136 1336 pota
150 1283 274 1321 oleosos
289 1282 402 1318 halitus
417 1281 621 1330 suppeditent
633 1297 642 1325 3
657 1279 710 1316 seu
724 1281 944 1331 percolatione
953 1283 1091 1330 quadam
1101 1287 1152 1326 ,&
1164 1281 1361 1330 separatione
1373 1283 1436 1318 hu·

59 1337 157 1370 motis
170 1331 276 1382 aquofi
287 1332 343 1366 alii
358 1330 437 1366 succi
453 1328 644 1365 incalescant
653 1358 663 1372 ‚
674 1329 744 1365 fere
757 1342 793 1366 ut
806 1333 836 1366 in
850 1330 999 1380 sanguine
1011 1331 1196 1366 animalium
1212 1359 1220 1373 ,
1235 1335 1268 1367 &
1289 1333 1325 1366 in
1340 1331 1435 1367 foeno

28 1394 30 1400 ’
61 1383 193 1419 madido
204 1381 276 1426 ;seu
291 1379 367 1415 sales
378 1382 410 1414 in
423 1390 504 1426 aqua
514 1376 648 1412 exsoluti
657 1378 742 1414 hunc
755 1380 896 1414 calorem
908 1390 1080 1428 procreent
1092 1392 1099 1413 ε
1111 1378 1241 1415 infinitis
1252 1391 1351 1428 prope
1362 1393 1448 1416 mo.»

60 1433 106 1468 dis
119 1430 206 1468 calor
220 1430 364 1480 generari
374 1456 385 1473 ,
393 1434 432 1466 ἃ.
441 1427 548 1463 foveri
561 1426 678 1475 potest.
687 1428 759 1463 *Sed
768 1429 809 1464 de
824 1428 872 1464 his
885 1427 982 1477 paulo
990 1427 1119 1464 uberius
1129 1428 1290 1477 agendum
1301 1428 1362 1466 est.

1377 128 1428 162 339

587 1525 618 1561 C
638 1526 667 1560 A
690 1527 715 1561 Ρ
732 1527 768 1563 U
791 1527 822 1562 T
859 1527 940 1563 111.-

339 1624 392 1657 De
410 1623 520 1657 mixtis
534 1620 719 1670 imperfeflis
742 1633 805 1669 quae
821 1623 855 1656 in
878 1635 965 1658 terra
978 1625 1176 1672 gignuntur.⁴

156 1721 182 1757 Ε
195 1721 303 1756 mixtis
316 1718 469 1768 perfectis
480 1715 548 1762 ,seu
557 1717 597 1753 de
613 1718 769 1755 foslilibus
783 1747 792 1762 ,
811 1731 885 1768 quae·
895 1722 928 1755 in
942 1731 1034 1755 terrae
1049 1718 1222 1755 visceribus
1241 1722 1414 1769 gignuntur
1426 1748 1437 1763 ‚

63 1725 302 1818 Dproxima
324 1767 539 1804 dissertatione
555 1767 694 1803 dicemus
715 1797 723 1812 ,
743 1781 828 1804 nunc
839 1781 1026 1804 communes
1047 1768 1198 1816 quasdam
1221 1767 1438 1817 impressiones

64 1829 137 1868 quae
153 1817 415 1866 meteorologicae-
440 1818 589 1852 dicuntur
606 1846 616 1859 ‚
630 1816 802 1865 exquibus
820 1829 932 1853 tamen
948 1817 1011 1866 ipsa
1025 1816 1144 1852 foffilia
1160 1829 1280 1866 magna
1293 1829 1330 1851 ex
1348 1828 1437 1864 parte

64 1871 209 1904 oriuntur
222 1895 231 1910 ‚
249 1867 438 1915 conjecturis
454 1864 696 1915 persequamur:
710 1868 764 1901 vix
781 1868 868 1901 enim
879 1865 930 1902 hic
945 1867 988 1901 est
1002 1865 1324 1901 demonstrationibus
1339 1864 1438 1900 locus:

65 1928 138 1951 cum
151 1917 204 1950 ista
225 1917 258 1949 in
268 1925 357 1949 terrae
371 1913 433 1950 sinu
450 1914 561 1949 abdita
576 1913 770 1950 delitescant.
790 1917 872 1962 Qiae
882 1917 979 1964 igitur
991 1914 1087 1950 nobis
1104 1917 1173 1951 veri
1182 1915 1338 1963 vpropiora
1351 1943 1360 1957 ,
1371 1927 1439 1950 non

66 1975 141 2012 quae
157 1965 250 1998 certis
262 1965 490 2011 experimentis
499 1991 510 2006 ,
520 1973 557 1996 ac
568 1962 895 1999 demonstrationibus
913 1965 1108 2006 muniuntur,
1121 1964 1335 2012 proferemuS.

112 2013 160 2048 Ac
174 2013 277 2059 prima
293 2012 425 2057 quidem
442 2017 476 2049 &
490 2013 668 2046 communis
681 2011 749 2047 fere
763 2041 772 2055 ,
781 2026 848 2048 non
862 2012 960 2048 solum
971 2011 1210 2060 impresslonum
1221 2025 1290 2060 quae
1301 2013 1331 2046 in
1344 2023 1440 2054 terra,

68 2065 104 2097 &
118 2072 192 2094 aere
201 2061 375 2108 gignuntur
390 2088 401 2102 ,
415 2059 466 2094 sed
479 2061 578 2095 etiam
588 2057 738 2096 foffilium
749 2064 894 2096 omnium
911 2060 1000 2096 causa
1013 2059 1158 2097 effectrix
1178 2061 1331 2096 caloraut
1346 2060 1417 2095 solis
1429 2088 1440 2103 ,

69 2115 123 2144 aut
136 2120 226 2143 terrae
243 2109 431 2156 congenitus
442 2108 548 2143 afferri
560 2106 649 2144 solet.
664 2111 734 2143 Imo
745 2114 778 2146 &
788 2110 934 2158 plerique
948 2113 1055 2159 ignem
1074 2110 1323 2152 subterraneum,
1332 2120 1440 2155 atque,

70 2168 107 2192 ut
123 2168 261 2199 vocant,
281 2156 456 2191 centralem
474 2159 508 2191 in
527 2167 616 2190 terrae
628 2159 753 2205 gremio
768 2160 934 2194 ardentem
954 2158 1151 2195 constituunt
1167 2174 1175 2195 ε
1194 2161 1244 2193 cui
1256 2158 1440 2206 generatio-

70 2218 146 2242 nem
160 2205 378 2248 mineralium,
397 2203 527 2240 effluxus
540 2217 652 2239 omnes
668 2205 889 2242 subterraneos
902 2237 911 2250 ,
929 2206 1079 2256 sulphuris
1091 2237 1100 2250 ,
1118 2207 1282 2241 bituminis
1293 2234 1302 2248 ‚
1325 2202 1440 2238 carbo-

73 2267 150 2289 num
163 2253 334 2299 fossssium,
348 2256 414 2289 imo
432 2260 466 2291 &
479 2252 587 2289 salium
599 2255 704 2288 omnis
721 2267 802 2300 pene
812 2259 939 2304 generis
962 2258 1216 2305 procreationem
1229 2282 1239 2296 ‚
1254 2264 1346 2288 tetrae
1365 2265 1440 2289 mo-

73 2312 124 2338 tus
134 2330 146 2348 ‚
162 2303 357 2340 thermarum
367 2331 378 2349 ,
390 2302 441 2340 seu
455 2314 609 2352 aquarum
625 2302 798 2341 calentium
811 2306 969 2354 originem
979 2304 1124 2342 referunt
1131 2313 1308 2351 acceptam.

1177 2402 1242 2443 V⁸
1273 2400 1298 2447 ij
