1878 2724
350 94 608 131 PHYSICAE
643 94 790 133 PARS
825 95 1108 136 SECUNDA:
1370 100 1437 149 2⁷47

52 143 165 181 mundi
182 144 315 194 systema
329 145 438 192 :quod
453 147 563 192 utique
573 148 636 196 ‘vix
652 146 801 195 explicari
816 147 944 196 potest,
962 147 1019 183 nisi
1035 161 1105 197 quae
1120 146 1161 185 ad
1180 147 1430 200 intelligentiam

52 193 178 243 sphaerae
188 193 327 230 coelestis
336 195 502 243 pertinent
509 222 520 238 ,
540 194 662 231 fuerint
679 197 754 233 ante
761 198 967 244 petua-stata.

402 291 850 330 DISSERTATIO
901 294 1110 332 PRIMA.

633 389 839 428 Demundo.

440 487 700 526 ‘CAPUT
756 486 1035 527 PRIMUM
1122 493 1137 504 ⁹

568 586 626 620 De
650 583 763 622 mundi
784 586 919 636 origine.
1150 618 1152 620 ,
1343 607 1358 618 .

54 679 298 771 MUndurn
309 684 344 718 in
356 692 506 730 tempore
517 680 687 718 conditum
701 682 788 719 fuiffie
800 681 866 720 fide
883 692 971 718 certa
980 686 1014 720 δε
1023 678 1204 718 inconcussa
1214 690 1373 725 tenemus,
1383 692 1444 717 να.-

58 749 60 752 -
126 736 131 739 ”
166 734 218 766 riis
235 743 366 779 quoque
385 729 565 767 rationibus
579 733 611 767 id
624 731 803 781 persuasum
811 731 986 775 habemus,
1001 743 1137 778 quarum
1148 730 1318 767 nonnullas
1330 732 1361 766 in
1370 733 1441 766 Mc·
1462 751 1467 756 ·

46 780 219 829 *taphyfica
227 782 363 816 tractatu
377 783 474 816 tertio
485 783 661 829 attigimus,
676 781 767 830 Qun
781 783 879 817 etiam
892 781 955 816 hoc
966 780 1069 829 ipsum
1079 779 1222 818 mehoris
1238 791 1324 816 notae
1335 780 1444 816 Philo-

57 828 151 878 sophi
161 841 371 878 agnoverunt·
394 831 498 867 Locus
514 829 643 865 illustris
654 832 697 866 est
715 831 799 879 apud
811 830 982 866 Platonem
1000 832 1033 865 in
1041 831 1178 866 Timaeo.
1197 830 1344 864 Primum
1356 856 1366 872 ‚
1391 831 1442 864 in-

58 880 143 925 quit,
155 879 393 924 confideremus,
404 879 491 926 quod
498 880 532 914 t'n
545 882 630 915 omni
641 879 801 927 quastione
811 890 887 914 ante
899 881 1004 914 omnia
1019 877 1133 922 investi
1131 880 1209 926 gari
1219 877 1324 920 debet,
1333 888 1443 912 utrum

58 926 118 962 hoc
132 930 315 974 univetfitm
321 929 452 977 semper
461 927 567 972 fiterit
576 927 646 972 stne
665 928 730 963 ullo
744 930 961 977 generationis
982 929 1160 976 principio,
1191 939 1233 961 an
1245 928 1391 975 genitum
1397 925 1446 971 fic

59 973 219 1023 abaliquo
229 978 390 1025 principio
402 978 531 1023 fhmens
549 977 726 1014 exordium.
745 977 788 1013 ld
801 976 1087 1026 proftffocernitur
1100 1004 1111 1020 ,
1134 978 1284 1024 tangitur
1297 1001 1309 1014 ,
1328 973 1368 1010 ὠ·
1380 987 1446 1025 cop

44 1033 118 1073 *pus
127 1024 223 1060 habet
234 1038 242 1060 :
252 1028 356 1060 omnia
369 1025 444 1060 verb
459 1024 636 1070 hujusmodi
637 1027 742 1072 sbnfics
755 1035 886 1060 movent
902 1040 912 1058 :
935 1036 999 1072 quae
1007 1024 1114 1071 finfiu
1127 1033 1254 1059 movent
1271 1049 1282 1062 ,
1305 1024 1448 1071 opinione

46 1074 246 1121 :perfinfiaem
267 1075 486 1122 percipiuntur
498 1089 510 1107 .·
531 1074 590 1108 haec
600 1074 675 1107 vera
690 1075 774 1109 talia
792 1075 846 1121 ff
860 1073 977 1118 constat
989 1099 999 1112 ‚
1020 1084 1056 1107 ut
1060 1075 1263 1121 gignantur,
1279 1070 1319 1106 ὠ·
1329 1073 1446 1120 genita

42 1163 44 1165 Ι
56 1120 125 1167 fint
132 1131 279 1170 :patrem
291 1122 404 1157 mundi
417 1123 560 1158 invenire
569 1119 696 1167 difficile
705 1149 716 1164 ,
731 1122 770 1158 <5-
783 1134 852 1158 cum
862 1125 935 1166 jam
948 1123 1109 1157 invenerit
1122 1148 1132 1165 ,
1141 1120 1312 1169 praedicare
1323 1121 1357 1154 in
1370 1119 1447 1154 vu!-

59 1181 122 1217 gus
137 1170 234 1215 nefits.

96 1220 209 1265 Itaque
223 1219 302 1254 nihil
313 1218 550 1254 absurdiusdici
559 1220 667 1268 potuit
678 1249 687 1263 ,
700 1230 753 1254 aut
767 1218 862 1267 fingi,
883 1218 984 1265 quarn
999 1217 1063 1253 hoc
1076 1216 1256 1252 universum
1274 1227 1313 1251 ex
1335 1215 1452 1251 turbu-·

59 1266 151 1313 lenta
160 1278 345 1310 atomorum
355 1267 560 1302 concursione
570 1267 724 1316 prodiiffe.
738 1267 803 1302 Sed
821 1278 927 1313 neque
940 1265 1117 1302 Aristotelis
1135 1265 1176 1299 de
1191 1265 1303 1300 mundi
1318 1267 1451 1300 aeterni-

51 1326 130 1350 sate
145 1314 302 1351 sententia
312 1315 515 1364 probabilior
532 1317 674 1361 videtur,
692 1316 925 1364 quamEpicuri
935 1326 1170 1350 commentum.
1185 1326 1215 1349 ιο
1227 1316 1313 1349 enim
1321 1315 1393 1361 quis
1413 1313 1453 1349 il.

62 1363 119 1398 lud
127 1365 237 1399 animo
250 1364 354 1413 potest
371 1365 646 1412 comprehendere
657 1393 667 1408 ,
678 1376 731 1400 aut
743 1364 887 1413 suspicari
900 1367 1081 1412 potius‚jam
1096 1362 1236 1398 infinitas
1248 1373 1454 1411 temporum,

59 1417 258 1454 &motuum
274 1413 425 1461 periodos
443 1412 504 1448 effe
514 1413 682 1449 decursas?
701 1415 752 1449 An
773 1417 862 1448 Deus
876 1415 1016 1460 primum
1031 1410 1176 1459 aliquem
1196 1410 1250 1445 vel
1261 1410 1452 1455 hominem,

64 1460 129 1508 vel,
144 1460 274 1497 leonem
287 1460 329 1504 ab
342 1460 471 1497 infinito
490 1472 638 1511 ternpore
651 1462 798 1497 condidit
814 1471 824 1497 Ξ
846 1461 949 1508 Qod
961 1459 982 1495 fi
996 1459 1117 1496 nullum
1138 1462 1196 1507 qui
1218 1460 1335 1507 primus
1349 1457 1425 1494 esset
1439 1488 1451 1503 ,

56 1509 250 1556 condiderit
262 1539 270 1553 ,
288 1508 440 1557 profecto
451 1523 519 1546 non
537 1512 562 1545 is
581 1523 686 1548 rerum
704 1514 850 1547 omnium
867 1509 994 1546 Author
1007 1508 1062 1543 vel
1075 1508 1189 1557 opifex
1207 1508 1360 1544 dicendus
1380 1509 1424 1543 est
1438 1536 1452 1552 ,

65 1569 165 1606 atque
175 1561 208 1594 in
218 1561 343 1606 Epicuri
354 1561 544 1607 opinionem
553 1562 612 1606 qui
632 1562 742 1594 omnia
755 1557 824 1594 casu
833 1564 867 1595 δ”..
881 1556 1069 1593 neceffitate
1083 1558 1224 1591 materiae
1240 1556 1382 1591 formata
1393 1569 1453 1603 pu..

56 1616 133 1648 tat,
157 1610 294 1642 omnino
308 1608 514 1642 revolvemur
528 1622 536 1643 :
553 1608 639 1654 quod
654 1618 764 1642 tamen
780 1607 1008 1654 Peripatetici,
1028 1615 1081 1639 aut
1093 1605 1149 1650 qui
1169 1603 1372 1639 Aristotelem
1390 1604 1451 1638 hac

67 1656 101 1689 in
115 1667 149 1689 re
162 1654 351 1702 sequuntur,
376 1667 411 1690 ut
425 1654 594 1690 absurdum
611 1655 783 1704 refugiunt.
798 1654 900 1702 Qod
917 1652 939 1689 si
952 1655 1069 1702 primus
1084 1652 1196 1699 aliquis
1214 1652 1316 1687 homo
1332 1650 1386 1688 vel
1404 1651 1448 1686 ab

66 1715 187 1738 aeterno
196 1716 316 1738 creatus
330 1704 392 1739 fuit
400 1733 409 1748 ‚
426 1716 467 1739 an
478 1703 583 1739 finitus
594 1733 603 1747 ‚
624 1704 677 1739 vel
688 1703 827 1739 infinitus
838 1704 1005 1738 hominum
1016 1713 1166 1737 numerus
1177 1706 1243 1749 jam
1253 1703 1362 1736 extitit
1374 1712 1384 1737 Ξ
1399 1702 1454 1735 Fi-

66 1754 134 1787 nita
150 1752 406 1795 sane‘hominum
421 1781 432 1796 ‚
447 1755 495 1788 uti
514 1764 574 1788 nec
586 1765 743 1788 annorum
759 1752 853 1788 series
865 1751 907 1786 ab
922 1750 1052 1786 infinito
1068 1761 1213 1797 tempore
1236 1762 1302 1785 non
1320 1749 1454 1785 effluxit.

68 1801 132 1847 Sed
142 1813 248 1848 neque
260 1800 401 1836 infinitus
413 1801 582 1836 hominum
596 1813 747 1836 numerus
763 1814 802 1836 ex
814 1812 947 1847 utraque
957 1811 1048 1848 parte
1061 1796 1343 1845 conclusus‚prim0
1356 1811 1454 1840 nem,-

58 1849 260 1897 ·pe'h0miiie
272 1878 281 1892 ‚
296 1856 333 1887 &
344 1850 461 1885 ultimo
471 1852 678 1898 concipitur:
704 1861 921 1898 praeterquam
934 1846 1190 1884 infinitumaliud
1200 1846 1222 1882 ὲ.
1233 1850 1309 1882 Deo
1325 1847 1452 1883 nullum

70 1897 130 1933 esse
139 1898 244 1946 potest
259 1928 263 1939 ,
282 1904 316 1935 &
331 1898 350 1934 fi
365 1900 453 1947 quod
464 1895 557 1942 esset,
570 1912 736 1947 nunquam
751 1899 877 1933 decurri
887 1896 1048 1947 potuisset.

108 1961 140 1984 20
147 1949 224 1992 Jam
233 1946 314 1991 alibi
322 1950 481 1983 innuimus
492 1958 542 1981 tot
556 1959 638 1982 artes
648 1949 688 1982 ad
699 1949 771 1983 vitae
784 1946 870 1982 usum
888 1944 1073 1982 neceffatias
1084 1975 1094 1990 ,
1113 1956 1163 1982 tot
1173 1945 1323 1994 praeclara
1335 1947 1455 1981 iuven-⁴

72 2005 104 2028 ta
115 2004 182 2035 tam
193 2006 312 2042 nupera
324 1992 384 2030 esse
393 2025 404 2039 ,
419 2007 456 2030 ut
472 1996 535 2030 hoc
546 2007 737 2044 argumento
750 1996 804 2033 vel
817 1997 983 2032 Lucretius
1007 1994 1071 2044 ipse
1099 1998 1269 2044 Epicureus
1295 1996 1452 2031 mundum

73 2055 139 2083 ¹¹9ss
148 2042 232 2077 adeo
250 2044 406 2085 vetustum
417 2043 483 2092 ipse
504 2044 650 2086 fateatur.

98 2092 217 2138 -Qfsssse
226 2091 379 2126 libentius
392 2095 429 2126 iis
441 2106 510 2139 quae
529 2092 548 2127 ὲ.
559 2093 654 2128 Mose
663 2094 702 2128 de
712 2095 823 2129 mundi
834 2095 996 2129 creatione
1010 2093 1124 2133 tradita
1136 2093 1205 2129 sunt
1214 2121 1223 2135 ,
1240 2093 1364 2127 animus
1386 2089 1452 2137 ipse

72 2138 262 2187 acquiescit,
278 2140 375 2187 quim]
386 2141 546 2176 nonnullis
557 2141 754 2190 Philosophis
770 2146 823 2190 qui
836 2156 911 2178 eum
931 2154 984 2177 aut
1000 2154 1153 2178 aeternum
1170 2140 1230 2176 effe
1243 2139 1378 2180 volunt,
1396 2148 1451 2172 aut

73 2203 115 2225 ex
137 2189 271 2224 fortuita
300 2201 483 2224 atomorum
506 2190 708 2225 concursione
737 2192 898 2236 prodiiffe.
915 2194 953 2227 Et
971 2191 1102 2237 quidem
1126 2189 1233 2226 Moses
1252 2190 1453 2221 creationem

76 2237 244 2274 mundisex
257 2238 371 2273 diebus
382 2236 560 2273 absolutam
570 2236 609 2272 slc
618 2237 767 2273 describit
779 2269 788 2283 ‚
802 2253 836 2275 ut
851 2253 916 2279 uno
931 2242 1036 2287 capite
1054 2251 1104 2274 tor
1125 2244 1158 2274 &
1173 2247 1275 2271 tantas
1291 2246 1338 2268 res
1359 2246 1451 2268 com-

76 2287 251 2335 Ρῖἓεζᾶῑῦϊ,
268 2300 339 2334 <11¹ae
352 2286 432 2322 nulli
442 2299 584 2332 unquam
597 2286 722 2322 homini
732 2289 764 2321 in
775 2300 919 2323 mentem
932 2289 1042 2322 venire
1062 2283 1235 2333 potuissent
1248 2312 1257 2326 ‚
1283 2281 1388 2317 nisiea
1401 2283 1452 2316 di-

74 2337 363 2377 vina-revelatione
374 2335 550 2385 accepiffet.
571 2338 660 2375 Nam
674 2348 708 2372 ut
727 2335 805 2371 alibi
821 2338 975 2380 diximus,
993 2337 1059 2372 Dei
1071 2335 1261 2376 veritatem,
1278 2331 1458 2379 providerig
