1878 2724
2 190 10 223 ἕ

0 248 10 277 1«

0 282 10 334 f

0 339 7 435 l

534 134 683 172 PARS
719 134 1002 173 SECUNDA.
1397 143 1458 186 267

65 189 148 224 tium
164 198 227 223 una
253 185 334 221 hora
349 183 639 235 Constantinopoli
666 186 803 230 tardius,
829 197 908 234 puta
931 185 1011 220 hora
1031 185 1074 220 8³.
1093 183 1194 231 quam
1209 186 1342 222 Lutetiae
1354 217 1364 232 ‚
1382 201 1457 237 puta

64 237 145 272 liora
158 251 201 281 7³.
223 233 605 279 observetur‚differentia
623 234 832 284 longitudinis
847 238 929 270 inter
944 245 1114 283 utramque
1126 233 1242 270 urbem
1260 250 1269 270 ι
1274 251 1288 284 5
1300 238 1456 286 graduum

64 286 173 323 futura
189 285 244 320 est.
270 288 396 320 Verum
412 284 468 320 ista
484 284 598 319 leviter
613 282 747 332 attigisse
765 283 836 318 satis
851 283 959 319 fuerit.

99 337 273 370 Terrarum
290 332 406 368 orbem
418 335 449 369 in
462 336 604 381 quinque
622 344 729 381 partes
745 331 930 367 tribuerunt
941 361 950 376 ,
965 345 1041 381 quas
1061 343 1190 368 veteres
1212 334 1319 369 Zonas
1337 335 1457 372 dixere.

65 386 206 421 Primam
219 412 227 425 ‚
241 395 309 430 quae
324 385 406 417 inter
424 393 594 429 utrumque
612 384 769 429 tropicum
789 384 960 431 interjacet
975 410 984 425 ,
1007 382 1161 417 torridam
1174 383 1359 431 appellant:
1379 398 1456 421 nam

63 434 160 469 radiis
182 431 337 467 solaribus
361 433 400 465 ad
428 430 694 480 perpendiculum
717 430 851 465 vibratis
872 431 1023 465 aduritur.
1043 434 1140 467 Hanc
1153 442 1192 465 ex
1210 444 1346 480 utraque
1363 446 1457 482 parte

63 483 230 530 excipiunt
251 480 322 514 duae
334 481 448 515 mediae
463 510 473 524 ‚
485 485 517 516 &
529 491 716 527 temperatae
738 481 821 514 inter
837 481 979 527 tropicos
990 509 998 523 ‚
1015 485 1047 516 &
1067 479 1198 514 circulos
1223 481 1348 529 polares
1365 495 1457 518 com-

63 529 235 578 prehensae.
253 529 400 577 Reliquae
413 529 482 565 sunt
492 529 561 562 duae
580 526 800 576 frigidiffimae‚
816 540 885 575 quae
897 529 1020 563 circulis
1033 527 1196 577 polaribus
1207 529 1456 570 concluduntur.

65 582 160 615 Zona
181 579 301 614 torrida
317 580 401 613 inter
417 576 550 612 circulos
563 578 589 611 A
600 578 623 611 Ε
634 605 646 620 ‚
657 582 691 613 &
702 579 736 613 N
749 580 762 610 1
779 579 1001 624 intercipitur:
1022 590 1209 625 temperatae
1224 579 1293 613 duae
1307 606 1316 617 ‚
1333 593 1393 614 una
1406 584 1456 615 in-

64 639 114 663 ter
132 630 158 663 A
172 630 236 665 E&
256 629 286 663 K
297 629 324 661 L
337 654 348 670 ‚
376 626 476 662 altera
495 627 579 661 inter
593 626 626 660 N
644 628 706 669 1,&
724 626 817 673 QR,
831 626 954 675 frigidae
971 627 1096 662 circulis
1111 629 1140 662 K.
1151 629 1187 671 L,
1200 633 1232 665 ὃς
1252 629 1333 675 QR
1350 632 1455 664 conti-

65 688 191 713 nentur.

107 726 176 773 Qi
188 723 242 760 sub
257 726 350 760 Zona
362 724 481 759 torrida
493 724 615 772 degunt
628 753 637 768 ,
650 725 709 759 vix·
717 723 815 759 ullam
832 725 955 760 dierum
968 730 1000 762 δέ
1013 725 1159 760 noetium
1168 724 1387 762 diversitatem
1401 740 1457 763 ex-

63 777 242 823 perimitur.
256 776 346 811 Nam
357 775 415 821 qui
429 776 462 808 in
483 772 549 822 ipso
570 785 733 821 aequatote
745 775 903 808 verticem
923 774 1045 810 liabent
1058 803 1066 817 ,
1084 775 1120 807 iis
1134 774 1202 808 dies
1224 788 1337 812 omnes
1348 779 1454 812 noeti-

65 824 125 858 bus
144 834 311 871 aequantur
324 851 333 866 ‚
348 835 384 857 ac
395 821 545 871 sphaeram
558 824 681 857 rectam
698 821 818 858 habere
830 824 977 859 dicuntur
993 836 1001 857 ε
1026 823 1116 870 quod
1139 835 1285 871 aequator
1301 826 1455 862 horizon-

65 884 134 906 tem
147 873 186 906 ad
201 884 290 921 pares
305 871 438 921 angulos
451 870 588 915 dividat3
603 882 738 919 uterque
751 874 838 907 enim
851 872 986 907 circulus
1003 884 1060 919 per
1071 871 1201 907 alterius
1221 874 1316 921 polos
1336 874 1463 913 transit.⁴

65 921 165 958 Unde
188 921 328 957 horizon
345 932 460 956 omnes
479 920 836 969 aequatoris’parallelos
851 923 882 956 in
893 933 1001 969 aequas
1019 931 1126 969 partes
1141 922 1268 959 dividit.

96 972 187 1006 Hinc
214 969 252 1006 fit
268 979 297 1005 10
313 981 348 1004 ut
361 968 406 1004 sol
427 970 553 1005 tamdiu
575 969 665 1018 supra
693 970 919 1014 horizontem,
946 970 1091 1018 quandiu
1113 970 1198 1006 infra
1225 984 1455 1012 commoretur.

64 1026 104 1056 2⁰
125 1018 177 1053 bis
192 1031 256 1054 uno
272 1028 404 1067 quoque
422 1031 522 1055 anno·
536 1030 648 1054 eorum
668 1018 843 1054 verticibus
868 1022 1040 1062 imminet,
1057 1021 1148 1066 iique
1168 1021 1313 1058 :estatem
1334 1023 1458 1059 habent

64 1067 240 1117 duplicem,
259 1080 333 1102 eum
346 1067 392 1102 sol
416 1069 457 1102 ad
473 1069 644 1115 aequinoCti
653 1080 744 1104 orum
755 1071 875 1116 punoka
895 1068 1040 1103 accedit:
1061 1070 1143 1102 circa
1164 1068 1294 1106 solstitia
1312 1084 1392 1107 vero
1411 1072 1457 1108 sol

64 1129 163 1165 quam
176 1116 282 1164 potest
296 1118 437 1151 maxime
451 1115 495 1150 ab
511 1127 624 1151 eorum
640 1117 814 1152 verticibus
827 1117 960 1152 recedit.
978 1122 1007 1161 3⁰
1025 1118 1062 1149 iis
1075 1129 1188 1151 omnes
1207 1120 1301 1154 stellae
1311 1123 1388 1154 oriri
1402 1150 1410 1164 ‚
1423 1127 1457 1158 δε

65 1166 214 1202 occidere
232 1165 401 1201 videntur:
417 1177 493 1200 nam
509 1164 670 1214 quae-sunt
686 1165 738 1200 vel
753 1166 837 1215 polis
861 1164 1027 1210 finitimae3
1044 1164 1099 1200 sub
1118 1165 1325 1204 horizontem
1343 1169 1455 1218 depri-

66 1225 206 1250 muntur.

101 1265 174 1310 Qi
189 1261 245 1298 sub
254 1273 417 1310 aequatore
430 1263 552 1311 degunt
562 1293 571 1307 ,
581 1263 632 1298 seu
650 1262 770 1299 Zenitli
785 1261 911 1299 h‘abent
925 1266 956 1298 in
970 1273 1136 1310 :equatote
1150 1293 1159 1307 ‚
1176 1276 1213 1299 ut
1226 1267 1258 1300 in
1279 1267 1331 1309 H,
1343 1278 1454 1303 eorum

66 1311 205 1347 horizon
221 1313 281 1346 erit
299 1314 320 1346 P
333 1314 411 1357 ΒΟ,
424 1314 478 1360 qui
493 1325 608 1348 omnes
626 1313 797 1360 aequatoris
806 1312 977 1360 parallelos
989 1314 1022 1348 ih
1031 1325 1137 1362 partes
1150 1325 1254 1361 aequas
1267 1313 1350 1350 secat
1372 1330 1379 1352 :
1396 1329 1456 1353 un-

63 1361 107 1395 de
121 1359 323 1408 diessemper
341 1360 409 1397 sunt
421 1362 559 1409 aequales
578 1361 740 1398 noetibus.

106 1407 177 1456 Qui
196 1411 278 1444 inter
293 1411 471 1458 tropicum,
484 1415 517 1446 &
535 1421 731 1457 aequatorem
746 1409 910 1445 versantur
924 1438 933 1453 ‚
951 1414 1017 1457 jam
1028 1409 1170 1456 aliquam
1183 1410 1305 1447 dierum
1318 1415 1456 1460 inaequa-

68 1458 195 1493 litatem
205 1457 386 1501 sortiuntur,
400 1464 483 1496 &eo
503 1463 660 1506 majorem
680 1470 748 1506 quo
758 1458 882 1507 longius
892 1457 933 1493 ab
950 1459 1173 1506 aequinoffiali
1191 1461 1364 1497 recedunt:
1387 1473 1455 1499 tum

70 1509 159 1543 enim
194 1507 332 1542 horizon
357 1506 529 1557 parallelos
553 1511 723 1556 aequatoris
751 1509 784 1543 in
808 1519 914 1556 aequas
932 1519 1035 1556 partes
1055 1520 1122 1542 non
1143 1508 1280 1557 amplius
1308 1510 1454 1549 dirimit:

64 1568 143 1591 cum
166 1568 222 1604 per
236 1568 349 1591 eorum
367 1556 459 1604 polos
475 1569 540 1591 non
557 1556 808 1593 transeat‚-Hinc
825 1555 953 1592 umbras
977 1555 1100 1591 habent
1121 1559 1154 1591 in
1176 1570 1309 1593 ornnem
1330 1572 1456 1606 partem

69 1607 233 1652 porrectas
247 1603 309 1639 :sol
321 1607 409 1639 enim
427 1606 575 1639 exoriens
591 1607 623 1640 in
637 1603 782 1640 occasum
799 1604 879 1646 3ubi
891 1605 1031 1647 occidit,
1049 1607 1083 1638 in
1092 1614 1196 1639 ortum
1210 1618 1302 1647 3cum
1316 1607 1467 1643 versatur-

70 1652 210 1701 in-iignis
220 1665 291 1701 quae
309 1654 347 1687 ad
378 1653 526 1689 Austrum
544 1665 682 1702 vergunt
697 1682 707 1697 ,
733 1656 767 1688 in
788 1653 1041 1702 septentrionem
1061 1670 1070 1696 ;
1090 1665 1163 1687 cuni
1187 1654 1329 1701 denique
1349 1655 1463 1693 in'sex‘

70 1700 163 1750 fignis
175 1704 339 1750 quaeinter
352 1711 550 1750 :cquatorem
563 1731 573 1745 ,
586 1708 619 1739 δε
634 1700 890 1750 septentrionem
910 1701 1089 1738 deflectunt
1099 1729 1109 1745 ,
1128 1713 1348 1738 commoratur
1359 1733 1368 1749 ,
1383 1718 1455 1741 um-¹

70 1748 143 1785 bras
163 1763 335 1799 corporum
355 1749 459 1785 versus
472 1750 625 1785 Austrum
643 1753 791 1799 porrigit.

105 1801 177 1837 Nos
189 1802 246 1848 qui
258 1801 385 1837 Zonam
404 1810 615 1848 temperatam
635 1799 806 1835 incolimus
824 1828 834 1843 ,
845 1798 977 1835 umbras
991 1801 1025 1835 in
1039 1801 1176 1835 meridie
1193 1796 1316 1851 semper
1331 1804 1363 1837 in
1385 1802 1455 1853 sep-

62 1851 268 1885 -tentrionem
285 1877 294 1892 ,
313 1861 482 1897 nunquam
495 1851 529 1884 in
541 1849 692 1883 Austrum
705 1851 889 1898 projicimus
903 1877 913 1892 ,
930 1850 1019 1896 quod
1031 1848 1077 1883 sol
1090 1850 1129 1883 ad
1143 1852 1298 1886 verticem
1309 1852 1456 1889 nostrum

71 1908 237 1944 nunquam
251 1900 437 1946 perveniat,
448 1902 482 1934 &
497 1897 692 1945 ubicumque
706 1901 733 1932 is
756 1898 863 1933 existit
877 1927 887 1942 ,
904 1901 1007 1946 magis
1020 1898 1060 1932 ad
1078 1899 1225 1934 Austrum
1243 1902 1349 1949 vergit
1360 1919 1370 1945 ·‚
1380 1904 1456 1938 Un-

72 1945 114 1978 de
131 1947 166 1979 in
175 1957 300 1992 partem
314 1945 491 1995 oppositam
505 1944 634 1982 umbras
652 1948 774 1996 dirigit.
801 1948 1015 1983 Contrarium
1031 1950 1143 1982 evenit
1157 1949 1195 1982 iis
1214 1950 1269 1996 qui
1285 1949 1457 1986 australem

73 1991 202 2042 plagam
220 1994 362 2029 incolunt
377 2012 386 2038 3
410 2007 509 2043 atque
523 1996 606 2031 inter
623 1999 786 2044 tropicum
800 1998 978 2045 capricorni
990 2025 1000 2040 ‚
1017 2000 1050 2033 &
1071 1996 1224 2032 circulum
1238 1997 1383 2046 polarem
1406 2002 1456 2035 in-

73 2046 240 2090 terjacent.
267 2044 394 2077 Horum
407 2047 494 2079 enim
505 2042 626 2078 umbrae
641 2046 673 2079 in
691 2044 761 2093 ipso
778 2045 914 2080 meridie
929 2044 1055 2094 semper
1082 2046 1122 2080 ad
1139 2047 1287 2081 Austrum
1307 2048 1456 2091 tendun13

74 2102 174 2138 atque
197 2093 235 2125 iis
253 2093 351 2125 etiam
371 2090 472 2127 hiems
488 2092 606 2128 eodem
630 2103 778 2141 ternpore
793 2108 859 2142 quo
883 2092 977 2130 nobis
1007 2094 1088 2129 aestas
1102 2097 1275 2145 contingit.
1303 2096 1460 2145 Utrisque

74 2139 143 2173 dies
161 2139 228 2174 sunt
239 2138 390 2174 noctibus
406 2139 576 2188 inaequales
597 2169 607 2184 ‚
630 2146 663 2177 &
676 2154 718 2177 eo
733 2146 835 2192 magis
848 2156 921 2192 quo
932 2143 1060 2192 longius
1080 2144 1234 2180 recedunt
1255 2143 1297 2178 ab
1312 2148 1456 2192 aequino.

73 2187 162 2223 &iah
177 2203 185 2224 ι
203 2189 291 2236 quod
311 2188 441 2224 horison
459 2188 627 2238 parallelos
644 2195 830 2237 aequatoris,
840 2205 922 2240 quos
936 2192 1054 2227 scilicet
1066 2190 1112 2227 sol
1127 2191 1252 2240 singulis
1264 2192 1376 2227 diebus
1389 2192 1457 2227 des-

73 2236 182 2281 exibit,
193 2240 224 2272 in
243 2249 347 2286 partes
369 2241 470 2287 magis
489 2236 660 2286 inaequales
677 2239 800 2277 dividat
812 2254 896 2289 ,quo
906 2241 997 2291 polus
1005 2243 1107 2290 magis
1127 2240 1216 2288 super
1233 2251 1345 2275 eorum
1364 2241 1455 2277 hori-

76 2298 209 2322 zontem
234 2286 404 2323 attollitur.

110 2338 162 2370 Sic
176 2349 234 2371 nos
250 2338 307 2383 qui
329 2338 454 2372 Z'onam
465 2346 678 2383 temperatam
691 2337 861 2374 incolimus
875 2367 884 2381 ‚
901 2344 936 2376 δε
951 2339 1107 2373 verticem
1120 2336 1276 2373 habemus
1287 2338 1318 2373 in
1331 2339 1369 2383 Z,
1385 2339 1453 2375 dies

74 2383 222 2422 sortimur
238 2384 411 2434 inaequales
423 2383 571 2422 noetibus
581 2413 593 2432 ,
609 2390 643 2424 ὅ(
659 2397 699 2422 eo
717 2392 820 2436 major
841 2387 884 2423 est
898 2388 989 2433 dies,
1006 2398 1073 2434 quo
1084 2385 1130 2433 sol
1147 2386 1188 2422 ad
1196 2388 1368 2472 ¹:zlerticem
1393 2401 1453 2425 no-

1271 2450 1293 2484 Ι]
