1878 2724
566 137 723 176 PARS
759 136 1001 177 TERTIA,
1400 148 1477 181 'St

135 188 286 227 Dulcedo
299 198 396 238 porto
406 189 449 224 est
461 189 618 237 tripartita
634 217 644 233 ,
658 201 764 224 macta
778 189 931 224 videlicet
941 201 997 225 aur
1007 184 1104 223 salina
1113 195 1182 236 qnae
1194 186 1225 224 in
1247 155 1483 227 fruffibussmi-

100 237 345 283 tescentibus,in
361 241 442 274 vino
459 240 596 283 tenui‚&
607 238 877 287 defaecato,atque
893 242 923 274 in
937 241 974 273 iis
987 237 1144 273 omnibus
1157 250 1228 285 quae
1245 251 1306 286 prae
1316 239 1423 288 spiritu
1441 241 1485 276 sa-

98 286 167 324 lino
186 299 315 337 turgent
327 317 335 331 ‚
364 289 545 336 percipitur.
573 289 719 336 Pinguis,
737 300 809 336 quae
831 290 851 324 ἐι
865 287 1027 336 spiritibus
1043 286 1187 322 sulfureis
1207 289 1253 321 ori
1281 290 1366 324 inem
1382 291 1487 334 ducit,

99 335 203 384 qualis
216 338 261 371 est
280 339 311 371 in
327 349 441 380 carne,
465 336 605 372 medulla
624 342 659 374 ὃ(
683 336 750 374 aliis
761 337 951 385 corporibus
969 341 1059 383 juxta
1077 336 1233 372 diversam
1247 301 1372 385 {iridis
1387 339 1485 375 oleofi

99 396 175 420 cum
188 384 256 420 aliis
271 386 439 421 elementis
456 389 725 435 temperationem
746 403 756 430 3
775 388 1055 434 namadenique‚
1071 390 1105 423 &
1128 385 1238 433 palato
1257 385 1378 431 iiiavis,
1399 400 1434 423 ut
1454 391 1487 423 in

98 433 198 468 melle
210 464 220 477 ,
232 433 378 469 saccharo
389 464 398 479 ‚
416 433 539 483 paffulis
553 464 563 478 ,
583 434 634 470 seu
644 437 713 470 uvis
722 434 879 470 exsiccatis
893 464 902 478 ,
917 446 1053 482 quaeque
1066 446 1105 469 ex
1118 434 1280 482 utriusque
1298 434 1426 483 spiritus
1440 437 1487 471 sa-

100 481 158 517 lini
168 512 177 526 ,
188 488 221 520 &
236 482 335 518 oleosi
347 497 422 532 apta
440 485 596 519 mixtione
605 484 774 534 consurgit.
792 484 953 521 Exhaustis
963 483 1124 532 spiritibus
1137 497 1210 521 curn
1226 483 1269 519 sal
1284 485 1468 522 dominatur
1478 514 1489 530 ‚

99 541 136 566 ut
145 533 177 567 in
187 544 281 567 aceto
292 562 300 575 ‚
313 544 380 568 tum
395 533 524 567 aciditas
543 536 691 582 emergit.

133 581 218 616 Cum
236 581 331 616 sulfur
342 584 443 617 nimio
457 581 564 616 calore
575 582 792 625 luxuriat‚tum
804 583 969 626 rancidus,
986 593 1041 617 aut
1060 594 1184 618 amarus
1196 581 1329 630 sapor&
1354 584 1491 632 pletum

98 632 472 679 queingtatusemergit.
483 633 534 665 Sic
546 630 652 666 oleosa
665 643 818 680 quaeque,
839 637 873 669 &
891 631 994 666 dulcia
1016 630 1192 679 absumptis
1210 631 1371 679 spiritibus
1393 633 1491 681 longa

97 679 250 714 coctione
277 679 481 714 amarescunt.
513 681 642 716 Fructus
662 679 739 716 vero
763 682 846 715 acidi
871 693 944 716 cum
954 679 1024 715 salis
1036 708 1046 724 ,
1060 685 1094 718 δε
1112 680 1235 716 sulfuris
1277 693 1422 729 erparum
1433 681 1491 716 ha-

99 724 218 770 beant,
239 728 395 763 exhaustis
411 727 590 777 spiritibuS,
608 743 666 766 nec
685 729 726 764 sal
741 730 889 765 dominio
906 732 1031 778 potitus
1053 730 1216 765 acetosrun
1240 694 1385 778 sgpotem
1397 760 1406 774 ‚
1430 743 1492 766 nee

97 773 195 811 sulfur
214 775 338 812 fusione
350 776 401 813 sua
424 790 569 814 amarum
590 782 777 829 ingenerat,
798 778 850 815 sed
868 781 1004 815 omnino
1018 780 1137 815 inertes
1159 783 1194 817 &
1215 776 1339 827 infipidi
1356 779 1491 828 vappes.

98 835 188 862 Cunt-

133 875 185 908 Est
195 874 257 908 alia
268 886 375 910 tamen
385 877 584 920 amaritudo,
598 889 670 923 quae
680 890 745 912 non
755 889 794 911 ex
803 878 910 912 adusto
926 877 1063 920 sulfure,
1076 877 1127 911 sed
1145 879 1246 925 magis
1260 889 1296 910 ex
1309 876 1418 924 spirim
1432 877 1488 912 sul-

97 922 191 957 fureo
202 922 285 958 suam
300 925 386 958 ducit
397 927 554 972 originem
569 953 578 967 ,
602 936 704 971 eaque
721 926 825 960 statim
846 925 875 960 se
892 927 1000 973 prodit
1013 954 1022 968 ‚
1039 937 1098 960 nec
1107 925 1311 960 dulcedinem
1328 924 1491 973 subsequi-

99 982 167 1014 tur,
182 984 241 1007 nec
259 972 420 1007 vetustate
433 975 603 1015 minuitur,
618 972 669 1008 sed
681 976 787 1022 potius
806 975 949 1010 increscit
969 988 976 1010 ε
1008 974 1074 1009 haec
1100 976 1133 1009 in
1161 973 1339 1018 abfinthio,
1357 974 1491 1023 lupulis,

98 1033 132 1055 v.
144 1020 186 1054 du
200 1019 354 1064 houblon,
374 1024 450 1058 &in
462 1022 530 1055 aliis
549 1021 665 1068 plantis
684 1022 853 1070 conspicua
873 1024 924 1058 est.
945 1024 1047 1070 Qod
1064 1035 1174 1058 autern
1191 1022 1310 1070 spiritui
1330 1022 1464 1058 insideat
1477 1051 1488 1066 ,

98 1081 164 1103 non
182 1068 291 1103 sulfuri
305 1069 377 1104 fuso
394 1081 448 1104 aut
461 1071 589 1113 evecto,
605 1069 680 1104 hinc
689 1074 876 1118 conjicimus
891 1101 900 1115 ,
913 1073 1001 1118 quod
1021 1070 1175 1119 ejusmodi
1190 1071 1313 1119 spiritus
1335 1071 1490 1106 exstillati

98 1116 157 1152 sint
166 1117 260 1152 valde
271 1121 381 1162 amari,
394 1119 482 1167 quod
494 1130 604 1154 autem
618 1121 650 1154 in
663 1119 735 1154 vase
745 1148 754 1165 ‚
766 1119 818 1155 scu
829 1120 993 1155 cucurbita
1005 1118 1139 1168 superest
1147 1148 1157 1165 ‚
1172 1122 1262 1155 omni
1275 1121 1489 1156 amaritudine

100 1178 217 1200 careat.

132 1216 208 1249 Pars
226 1214 324 1249 altera
334 1214 541 1250 conclusionis
561 1218 597 1250 iis
615 1216 793 1251 rationibus
817 1215 995 1265 persuaderi
1007 1216 1108 1265 potest
1121 1245 1129 1259 ,
1153 1216 1267 1263 quibus
1289 1217 1487 1253 ostendimus

97 1262 356 1307 affi&ioiies,aut
367 1264 538 1312 qualitates
551 1277 722 1313 corporum
733 1266 772 1299 ad
782 1267 936 1314 principia
950 1267 1134 1301 mechanica
1148 1264 1255 1313 potius
1267 1266 1377 1301 referri
1391 1279 1489 1315 opor-

99 1324 168 1347 tere
181 1342 190 1356 ‚
208 1313 307 1360 quam
323 1314 361 1347 ad
375 1314 540 1362 chymica‚
551 1314 591 1348 de
601 1327 740 1361 quorum
756 1315 928 1350 existentia
943 1314 1061 1351 merito
1079 1313 1219 1349 dubitari
1236 1316 1348 1364 potest.
1368 1317 1487 1362 Neque

99 1364 186 1397 enim
197 1373 322 1396 acetum
334 1363 366 1396 in
376 1365 454 1397 vino
463 1364 535 1398 actu
546 1362 606 1397 fuit
621 1380 629 1405 ;
648 1375 786 1411 quaeque
801 1363 924 1411 spiritus
936 1376 991 1398 aut
1003 1363 1094 1407 sales,
1110 1375 1165 1398 aut
1179 1364 1252 1398 olea
1263 1365 1411 1408 dicimus,
1424 1363 1490 1399 sola

123 1413 239 1445 artium
256 1410 536 1459 figura‚contextu‚
548 1416 581 1451 ὃς
592 1424 682 1446 motu
698 1414 782 1446 inter
795 1411 826 1447 se
836 1412 1055 1449 diff‘eruntsi'c
1069 1413 1152 1447 acidi
1164 1410 1286 1461 spiritus
1301 1416 1399 1448 acutis
1410 1425 1490 1448 con-

97 1423 180 1494 fiant
198 1460 360 1507 partibus:
377 1460 453 1495 hinc
468 1460 562 1497 facile
580 1460 650 1495 sunt
665 1461 803 1496 mobiles
814 1491 824 1504 ‚
838 1467 871 1498 δ(
886 1462 1172 1497 fermentationem
1183 1473 1276 1497 motu
1289 1462 1343 1497 suo
1358 1475 1490 1510 promo-

99 1519 189 1544 vent.
213 1510 340 1545 Fructus
358 1508 438 1544 vero
447 1508 561 1557 quibus
580 1509 705 1557 spiritus
723 1511 801 1544 inest
814 1522 938 1545 amarus
949 1539 958 1554 ,
976 1523 1141 1558 nunquam
1159 1511 1341 1546 dulcescunt
1354 1511 1398 1546 ob
1413 1523 1486 1558 par-

100 1559 180 1592 tium
200 1557 420 1606 asperitatem,
436 1559 685 1607 &rigiditatem
717 1558 872 1606 Ct'rmque
883 1571 990 1594 amata
1009 1560 1165 1608 pleraque
1180 1562 1213 1594 vi
1235 1563 1434 1609 purgatrice,
1453 1565 1487 1596 δε

98 1605 270 1642 absterfiva
283 1609 463 1651 donentur,
482 1606 553 1643 satis
563 1606 729 1642 verisimile
747 1608 790 1642 est
803 1621 841 1642 ea
856 1608 996 1643 constare
1011 1608 1154 1656 partibus
1170 1607 1376 1644 solidiusculis
1387 1638 1397 1652 ‚
1417 1621 1486 1644 mu-

101 1665 158 1689 tuo
177 1655 322 1702 implexis
334 1684 343 1698 ,
366 1661 399 1692 &
416 1656 486 1691 fere
502 1655 601 1704 scopis
617 1655 779 1693 similibus.

137 1703 333 1738 Confirmari
351 1705 379 1737 id
393 1706 499 1751 potest
511 1707 605 1739 variis
624 1706 782 1753 exemplis
793 1734 801 1747 ‚
812 1716 885 1752 quae
897 1707 929 1740 in
940 1708 1125 1753 nuperrimo
1137 1718 1238 1753 opere
1257 1708 1337 1741 circa
1348 1708 1488 1754 qualita.

101 1763 148 1786 tes
163 1751 256 1787 affert
272 1752 391 1788 Clariis.
404 1754 532 1801 Boylius
546 1783 555 1797 ‚
577 1767 711 1802 quaeque
724 1760 789 1804 jam
802 1766 917 1802 magna
931 1767 967 1788 ex
978 1766 1068 1802 parte
1079 1756 1254 1802 attigimus,
1279 1756 1400 1799 Primo,
1413 1770 1486 1792 cum

99 1800 223 1848 spiritus
236 1804 341 1836 acidus
352 1804 518 1837 iiitriadeo
535 1816 704 1851 penetrans
719 1803 998 1837 acerrimoitidem
1008 1806 1093 1837 nitro
1103 1809 1169 1850 jam
1186 1803 1288 1838 fixato
1303 1803 1412 1840 sensim
1432 1806 1482 1840 af-

99 1849 262 1892 funditur,
276 1863 314 1886 ex
337 1849 498 1898 utriusque
517 1854 663 1901 conjugio
680 1857 800 1887 nitrum
811 1851 911 1900 ipsum
937 1851 1072 1900 exsurgit
1083 1881 1092 1896 ‚
1108 1852 1196 1898 quod
1214 1852 1269 1887 nisi
1286 1852 1382 1889 salem
1397 1867 1487 1889 com-

101 1912 232 1934 munem
254 1899 390 1934 haberet
418 1901 599 1935 admixtum
613 1930 622 1944 ,
637 1903 689 1935 vix
706 1902 773 1936 ullo
792 1900 902 1949 sapore
922 1899 952 1934 se
971 1901 1147 1948 proderet:
1164 1902 1253 1948 quod
1279 1904 1353 1936 nitri
1381 1903 1487 1951 anguli

100 1945 160 1981 sint
174 1947 349 1983 obtusior-es
364 1947 462 1995 quam
485 1960 519 1983 ut
530 1949 642 1998 lingua:
659 1949 832 2000 spongiosae
849 1961 971 1984 meatus
980 1949 1044 1983 alte
1057 1960 1234 1997 penetrent·
1251 1961 1284 1988 2⁰
1298 1952 1487 1987 Sacchatum

102 1997 229 2030 Saturni
242 2024 252 2039 ‚
277 1996 327 2030 seu
338 1997 412 2030 'calx
429 1997 555 2044 plumbi
565 2002 649 2033 aceti
663 1999 770 2045 spiritu
779 1998 919 2033 exsoluta
930 2028 939 2040 ,
955 2003 989 2034 &
999 1997 1150 2033 exficcata
1162 2026 1172 2042 ,
1191 1998 1210 2032 fi
1224 2000 1344 2035 idoneo
1355 2000 1488 2035 vehicu-

101 2045 134 2079 lo
151 2042 305 2087 solvatur,
321 2056 386 2078 tum
402 2043 525 2092 spiritus
537 2049 710 2081 armoniaci
729 2048 897 2081 additione*
912 2045 1022 2081 sensim
1034 2050 1248 2095 praecipitetur
1263 2077 1273 2092 ‚
1286 2052 1420 2084 mixtura
1432 2049 1488 2084 fiet

102 2105 140 2127 ex
154 2093 241 2127 calce
257 2091 380 2141 plumbi
390 2093 534 2141 impense
543 2094 625 2128 dulci
636 2124 645 2137 ,
662 2095 769 2131 &sale
783 2097 969 2129 armoniaco
986 2096 1160 2130 admodum
1170 2095 1264 2139 salso,
1286 2110 1369 2144 pene
1382 2098 1488 2146 insipi-

99 2143 154 2179 da,
186 2144 237 2176 Sic
260 2144 276 2178 ὲ
295 2144 397 2178 minio
414 2142 465 2177 seu
487 2142 573 2177 calce
586 2143 712 2190 plumbi
726 2156 810 2191 aqua
826 2144 926 2187 forti,
948 2156 1002 2179 aut
1013 2143 1120 2192 spiritu
1138 2147 1213 2179 nitri
1230 2145 1374 2180 diffoluta
1392 2175 1401 2189 ‚
1425 2147 1487 2181 hoc

103 2191 146 2225 est
157 2192 214 2227 ere
225 2191 348 2239 prorsus
363 2191 492 2239 insipida
500 2214 511 2235 ι,
526 2197 559 2228 &
568 2193 668 2227 altera
685 2193 823 2228 multum
835 2192 990 2228 corrofiva
1003 2194 1047 2229 ob
1058 2205 1215 2229 muratam
1233 2198 1372 2242 partium
1384 2208 1443 2230 con
1449 2195 1487 2231 fi.

101 2243 307 2288 gurationem
330 2242 482 2288 quiddam
506 2243 641 2290 emergit
651 2242 824 2277 admodum
838 2242 940 2279 dulce.
955 2245 1004 2277 Sic
1021 2245 1101 2278 varii
1117 2243 1240 2291 sapores
1250 2243 1423 2290 plurimum
1437 2245 1488 2278 di-

102 2287 181 2323 vei-fi
196 2291 356 2338 prodeunt
367 2320 376 2335 ‚
388 2289 444 2325 ubi
460 2293 545 2324 varia
555 2302 690 2338 corpora
702 2294 801 2326 etiam
816 2290 947 2339 infipida
960 2295 992 2326 in
1002 2292 1118 2327 eodem
1130 2293 1288 2326 menstruo
1299 2320 1308 2334 ,
1319 2291 1370 2326 seu
1382 2291 1489 2327 dill‘ol-

102 2349 199 2372 vente
213 2339 427 2376 exsolvuntur.
450 2344 590 2387 Argento
609 2343 640 2374 in
658 2352 736 2387 aqua
754 2341 831 2375 forti
848 2340 995 2375 <insoluto
1007 2369 1015 2383 ,
1034 2345 1066 2376 &
1084 2343 1114 2374 in
1132 2339 1297 2388 crystallos
1317 2341 1487 2390 coagulato

104 2385 182 2423 nihil
195 2388 240 2422 est
253 2389 542 2437 amarius3plumbo
554 2389 633 2426 nihil
645 2389 713 2424 fere
726 2390 865 2426 dulcius.
879 2392 991 2426 Stanni
1004 2389 1092 2437 sapor
1105 2388 1199 2436 plane
1213 2390 1258 2422 est
1268 2389 1490 2433 diversus‚noia

1134 2441 1166 2474 D
1182 2438 1202 2472 d
1216 2439 1236 2472 d
1249 2438 1271 2472 d
1316 2440 1347 2487 iij
