1878 2724
376 166 432 206 576
927 149 1190 191 PHYSICAE

379 209 427 243 los
441 206 616 242 ordinatim
628 202 791 252 dispositos
803 201 1007 240 transmittet.
1024 206 1076 239 Sic
1088 203 1156 239 lens
1174 205 1275 251 prima
1289 198 1438 240 confusos
1451 202 1554 239 radios
1565 205 1698 255 excipit,
1710 207 1768 255 qui

381 258 415 291 in
429 255 548 290 tabella
560 255 745 288 ordinantur
757 268 766 294 3
780 265 883 300 eaque
896 254 1015 288 evertit
1037 254 1083 287 rei
1096 254 1272 302 imaginem
1284 281 1294 297 ,
1322 265 1420 300 quam
1431 252 1499 287 lens
1514 252 1649 290 secunda
1662 259 1768 306 erigit,

381 304 426 339 ob
438 304 599 337 radiorum
612 300 886 337 interlectionm.
899 303 1012 336 Tertia
1030 301 1098 336 lens
1115 301 1447 350 evertit,crystallinus
1460 300 1540 337 vero
1551 301 1629 337 lenti
1647 304 1767 342 ultimae

381 354 511 400 propior
521 349 705 384 concursum
718 350 880 386 radiorum
895 349 1062 387 accelerat.
1076 351 1184 398 Atque
1197 351 1271 386 hinc
1290 352 1388 385 totius
1405 362 1488 399 pene
1499 352 1682 400 Dioptrices
1694 354 1766 391 fun-

382 401 534 434 damenta
553 400 799 447 depromuntur.

412 448 466 484 Ne
477 446 555 481 illud
567 460 699 495 quoque
714 449 973 496 praetereundum
986 447 1006 483 a
1024 446 1201 482 Scheinero
1218 452 1251 483 δε
1263 447 1330 482 aliis
1343 447 1567 492 observatum3
1583 449 1670 496 quod
1695 462 1766 486 ocu.

381 496 420 530 lis
434 498 466 530 in
481 508 600 531 certum
611 497 781 543 objectum
793 508 827 531 ut
848 499 878 531 in
894 499 984 531 turris
1004 496 1162 545 fastigium
1178 499 1311 531 intentis
1327 526 1336 540 ,
1354 499 1472 546 digitus
1495 497 1692 544 interpositus
1709 499 1766 534 du-

406 545 457 579 lex
468 546 725 593 appareat,quod
740 545 868 580 confusa
885 547 977 594 digiti
993 544 1151 579 simulacra
1173 547 1206 580 in
1225 546 1351 581 diversis
1366 546 1528 594 utriusque
1541 549 1648 581 retinae
1668 550 1767 595 parti.

381 558 442 628 {us
458 594 682 642 depingantur.
696 597 749 629 Sic
764 593 860 630 nobis
880 597 912 629 in
929 594 1063 629 obscuro
1077 593 1150 629 loco
1159 594 1338 630 constitutis
1349 625 1358 638 ‚
1377 601 1533 644 &praetet
1552 596 1700 631 foramen
1721 596 1770 632 fa-

382 655 434 678 ces
444 642 570 689 aliquot
584 642 800 687 intuentibus,
823 643 970 692 globulus
984 646 1016 678 in
1034 643 1141 677 medio
1152 642 1318 679 foraminis
1336 643 1493 692 suspensus
1514 650 1547 682 &
1567 644 1769 693 negligenter

381 691 569 739 conspe&us
577 696 666 740 juxta
688 692 844 727 luminum
856 704 1028 727 numerum
1039 691 1269 741 multiplicatus
1283 705 1417 742 apparet
1427 707 1435 729 :
1445 694 1531 742 quod
1543 693 1647 728 lucida
1656 706 1770 742 corpo-

381 752 418 774 ra
433 740 573 775 totidem
593 741 775 788 pyramides
792 743 826 776 in
841 742 999 776 distinetas
1022 742 1128 775 retinae
1155 752 1263 790 partes
1286 742 1417 777 vibrent
1430 771 1439 785 ‚
1465 754 1561 790 atque
1575 744 1768 791 interceptus

381 788 534 837 globulus
546 791 578 823 in
588 802 685 836 quem
699 792 783 824 acies
795 803 862 825 non
881 791 1055 825 intenditur
1071 818 1080 832 ,
1096 789 1256 837 quandam
1270 803 1306 826 vt
1316 791 1362 826 lut
1371 790 1520 826 umbram
1532 790 1655 839 {iugulis
1668 804 1768 840 appe»

382 850 439 873 nat
451 851 459 872 :
473 837 548 872 hinc
563 839 710 887 totuplex
721 839 848 873 videtur
858 868 867 881 ,
879 851 958 886 quot
970 839 1071 873 lucida
1083 839 1207 874 radiant
1218 852 1361 888 corpora.
1378 842 1429 874 Sic
1440 839 1569 875 accensa
1580 843 1613 874 in
1623 839 1696 875 loco
1705 839 1768 875 ob-

382 886 470 921 scuro
495 887 628 921 candela
655 899 712 934 per
739 889 857 923 vitrum
877 899 1060 922 convexum
1071 886 1293 923 membranula
1312 891 1406 923 variis
1430 888 1630 925 foraminulis
1647 888 1771 937 pertusa

382 933 576 978 obductum,
589 935 695 982 plures
710 948 842 983 quoque
853 938 1010 984 imagines
1025 937 1057 970 in
1075 935 1217 969 chartam
1235 936 1414 985 oppositam
1432 940 1560 985 trajicit.
1574 939 1662 973 Nam
1674 950 1768 986 pyra-

382 983 486 1018 mides
501 983 637 1018 radiosas
648 996 704 1031 per
719 983 838 1033 singula
850 986 970 1019 emittit
982 984 1138 1019 foramina
1154 995 1272 1031 ;atque
1291 985 1351 1020 illae
1365 987 1546 1034 pyramides
1559 988 1590 1021 in
1605 998 1769 1022 meatuum

382 1033 537 1080 angustiis
551 1034 716 1066 cruciatim
728 1031 890 1067 decuffitae
905 1033 1045 1068 totidem
1056 1032 1132 1066 facis
1141 1034 1446 1080 imagines‘inversas
1459 1036 1492 1068 in
1510 1033 1646 1069 diversas
1663 1046 1769 1083 partes
1802 1041 1810 1045 “

384 1082 567 1128 projiciunt.
581 1082 655 1116 Nec
672 1079 824 1116 diffimile
845 1082 1000 1128 quiddam
1019 1079 1115 1115 oculo
1128 1093 1184 1128 per
1198 1081 1288 1129 plura
1307 1083 1467 1118 foramina
1482 1084 1622 1118 intuenti
1642 1085 1768 1119 accidit.

383 1131 474 1165 Nam
487 1129 684 1177 crystallinus
696 1129 811 1165 humor
825 1130 922 1166 instar
934 1132 1010 1165 vitri
1023 1130 1275 1165 convexiradios
1285 1131 1430 1180 infringit
1447 1144 1454 1166 :
1475 1143 1612 1179 cumque
1626 1130 1714 1166 bases
1730 1133 1770 1167 il-

382 1177 486 1212 larum
499 1178 703 1226 pyramidum
716 1179 854 1213 diversas
873 1180 984 1214 retinae
1004 1190 1109 1226 partes
1123 1190 1281 1228 occupant
1294 1209 1304 1224 ‚
1328 1192 1396 1216 tum
1416 1179 1583 1229 multiplex
1606 1179 1770 1229 objeehim

382 1238 536 1274 appareat
547 1225 667 1262 neceffe
684 1228 744 1263 est.
754 1229 818 1262 Sed
835 1227 907 1263 finis
917 1241 982 1263 non
994 1230 1054 1262 erit
1066 1226 1087 1262 fi
1096 1230 1206 1263 omnia
1219 1241 1290 1276 quae
1306 1230 1346 1264 ad
1358 1228 1483 1264 luminis
1493 1234 1527 1266 &
1538 1229 1625 1265 vistis
1635 1229 1768 1279 phaeno-

384 1287 482 1309 mena
495 1277 658 1322 pertinent
671 1304 682 1319 ,
700 1276 860 1324 explicare
874 1276 1024 1313 velimus.

421 1324 502 1370 Qae
512 1323 602 1359 velut
620 1325 653 1358 in
668 1324 796 1361 transitu
808 1326 848 1360 de
868 1325 1079 1373 microscopio
1092 1325 1228 1361 diximus
1241 1355 1250 1369 ,
1271 1326 1485 1376 Philosoplm,
1505 1329 1559 1375 qui
1577 1326 1767 1364 subtilitates

382 1375 596 1420 geometricas
607 1401 616 1416 ,
626 1384 666 1408 ex
680 1373 794 1421 quibus
805 1386 913 1410 tamen
926 1387 1041 1424 magna
1050 1386 1168 1410 naturae
1177 1387 1290 1410 arcana
1301 1388 1448 1412 eruuntur
1457 1407 1466 1421 ,
1480 1389 1548 1412 non
1561 1377 1642 1411 adeo
1654 1379 1769 1424 exqui-

382 1421 437 1457 site
447 1421 832 1471 persequitur,utcunque
843 1421 987 1459 sufficere
998 1434 1156 1472 poterant.
1173 1424 1256 1459 Cum
1267 1436 1374 1460 tamen
1384 1438 1421 1460 ea
1434 1439 1483 1461 res
1497 1455 1506 1469 ‚
1526 1423 1546 1459 fi
1569 1438 1639 1472 quae
1652 1426 1711 1460 alia
1732 1424 1769 1461 fit

381 1472 572 1518 cognitione
583 1470 696 1518 digna,
712 1485 837 1520 gratum
850 1473 882 1506 id
893 1472 1048 1521 plerisque
1061 1485 1119 1507 nos
1132 1472 1274 1508 facturos
1284 1485 1430 1521 putamus
1445 1504 1454 1518 ‚
1472 1473 1494 1509 fi
1505 1486 1577 1522 quae
1598 1475 1638 1508 de
1654 1477 1769 1510 micro-

381 1518 495 1567 scopio
519 1519 642 1566 vulgari
664 1523 712 1555 vir
739 1519 847 1558 clariis.
860 1525 905 1557 D.
918 1524 1082 1555 Mariotte
1096 1521 1266 1557 nobiscum
1285 1525 1556 1571 communicavit,
1573 1535 1705 1570 quaeque
1720 1525 1769 1558 in-

383 1579 510 1603 tentum
528 1568 661 1615 quidem
670 1572 811 1605 animum
824 1570 985 1619 postulant
994 1599 1004 1614 ,
1016 1569 1067 1604 sed
1079 1573 1286 1620 geometricis
1295 1571 1624 1608 demonstrationibus
1638 1585 1704 1609 non
1715 1575 1768 1608 in-

381 1616 558 1651 volvuntur
570 1645 579 1657 ‚
591 1616 652 1651 hoc
668 1631 801 1667 quoque
814 1620 886 1655 loco
899 1618 1109 1666 subjiciamus.

421 1668 467 1701 Ac
481 1664 585 1712 primo
594 1667 723 1711 quidem
732 1681 766 1702 ut
778 1667 979 1715 microscopii
991 1668 1109 1717 duplici
1123 1668 1209 1705 vitro
1223 1670 1362 1706 instruffi
1383 1670 1514 1707 effectus
1534 1670 1686 1719 explicari
1700 1669 1768 1718 pos-

385 1713 443 1751 sint
458 1742 468 1757 ,
487 1714 517 1747 id
533 1714 737 1751 fundamenti
750 1717 822 1752 loco
837 1718 1037 1753 statuendum
1047 1718 1112 1761 est,
1130 1721 1163 1754 in
1177 1722 1363 1754 omnivitro
1377 1733 1525 1756 convexo
1548 1721 1628 1754 duos
1640 1718 1700 1753 effe
1717 1717 1769 1752 fo-

385 1775 440 1798 cos
453 1764 631 1812 reciprocos
643 1792 655 1809 ,
669 1767 726 1812 qui
735 1766 1045 1816 inaequalidistantia
1057 1767 1077 1803 ἐι
1088 1769 1173 1804 vitro
1181 1767 1250 1816 ipso
1262 1781 1470 1804 removentur
1484 1799 1494 1813 ,
1507 1780 1542 1803 ut
1554 1767 1574 1803 fi
1585 1771 1612 1804 A
1629 1770 1652 1802 B
1663 1766 1698 1801 fit
1707 1764 1770 1801 ob..

1189 1819 1311 1866 jeCkum
1335 1819 1424 1865 quod
1447 1820 1480 1853 in
1505 1819 1634 1853 aretiori
1663 1813 1771 1863 spatio

1191 1879 1210 1900 a
1225 1866 1246 1900 b
1266 1867 1450 1914 depingitur
1462 1894 1471 1908 ,
1484 1865 1541 1900 ubi
1553 1866 1632 1899 radii
1642 1876 1698 1911 per
1715 1865 1768 1898 vi-

1192 1924 1276 1948 trum
1291 1925 1471 1948 convexum
1481 1914 1510 1948 C
1523 1916 1566 1955 D,
1578 1911 1768 1955 transierint,

1089 1954 1122 1987 Α
1191 1963 1257 1996 axis
1271 1964 1332 1996 erit
1350 1966 1373 1997 E
1385 1973 1402 1995 e
1413 1992 1421 2006 ‚
1446 1974 1537 1997 verus
1551 1961 1643 1996 focus
1653 1962 1715 1995 erit
1733 1962 1766 1996 in

1189 2021 1208 2043 a
1221 2022 1238 2044 e
1248 2009 1280 2046 b.
1313 2011 1414 2056 Qod
1435 2009 1455 2045 fi
1468 2012 1633 2058 reciproce
1652 2021 1770 2058 corpus

1089 2084 1119 2118 E
1192 2057 1381 2094 luminosum
1394 2089 1403 2103 ,
1413 2072 1468 2095 aut
1480 2059 1696 2094 illuminatum
1709 2071 1768 2106 po-

1188 2119 1279 2142 natur
1298 2110 1330 2143 in
1343 2121 1360 2142 a
1374 2108 1395 2143 b
1406 2138 1415 2151 ,
1433 2109 1529 2156 idque
1541 2106 1578 2143 fit
1591 2107 1744 2156 angustius
1752 2135 1767 2151 ‚

1188 2156 1267 2190 radii
1279 2158 1397 2192 vitrum
1412 2169 1616 2205 penetrantes
1629 2186 1637 2199 ‚
1651 2157 1767 2204 imagi-

592 2197 632 2231 Β
960 2242 964 2247 ,
1075 2209 1114 2245 ,Β
1188 2217 1264 2240 nem
1278 2205 1396 2254 objecti
1411 2206 1552 2253 amplam
1564 2207 1595 2239 in
1606 2207 1633 2240 A
1644 2208 1668 2240 E
1681 2205 1767 2239 Bde-

1190 2253 1356 2290 lineabunt
1369 2284 1378 2298 ,
1391 2255 1451 2289 lioc
1467 2255 1528 2298 est,
1545 2266 1579 2288 ut
1593 2254 1698 2301 plures
1713 2263 1765 2286 ra-

1188 2306 1231 2338 dii
1243 2304 1393 2351 apun&o
1410 2306 1436 2338 A
1449 2333 1457 2347 ‚
1472 2305 1506 2339 in
1524 2314 1625 2338 totam
1642 2302 1763 2336 lentem

1193 2355 1223 2388 C
1236 2357 1268 2389 D
1285 2382 1293 2394 ‚
1312 2353 1504 2398 prodeuntes
1516 2381 1526 2395 ,
1547 2352 1621 2386 ante
1635 2349 1767 2398 collige-

386 2411 501 2447 bantur
511 2410 542 2444 1⁰
555 2407 678 2452 Puneto
694 2419 725 2456 a,
742 2407 782 2447 fic
797 2407 961 2458 reciproce
974 2433 984 2454 ‚
995 2418 1069 2445 cum
1078 2408 1206 2456 ponitur
1213 2402 1381 2452 objectum
1393 2403 1426 2439 in
1447 2415 1466 2438 a
1483 2400 1505 2438 b
1515 2429 1527 2448 ,
1551 2399 1637 2435 tadl'r
1651 2400 1671 2434 a
1684 2411 1767 2483 priipg
