1878 2724
10 1704 14 1711 .
10 1636 15 1650 -4
10 1524 17 1621 ..ι-...-
10 1386 18 1511 -ιι-ν-.»,.

10 886 25 1227 ,Μν-ιη-μῃ-ιροημωυ
14 847 16 851 .
13 795 17 824 x.
14 756 16 771 ,.
14 679 19 705 ‚V

578 121 646 155 DE
679 119 1036 156 METE'ORis.
1439 123 1486 158 ·8'1

101 181 185 218 aqua
200 169 294 205 fortis
307 167 439 203 metalla
452 167 604 212 dissolvit,
620 182 688 204 non
705 181 830 213 ceram,
847 169 900 204 vel
913 168 1046 218 lignum.
1075 165 1240 203 Exhalatio
1259 178 1338 202 vero
1356 180 1397 204 ex
1415 146 1480 217 qba

101 219 226 254 fulmen
239 217 364 252 cuditur
375 245 385 261 ,
398 217 536 254 multum
557 220 644 262 nitri,
656 217 838 262 bituminis,
851 217 1019 266 sulphuris,
1030 223 1063 255 &
1079 216 1146 251 salis
1163 216 1308 253 volatilis
1316 220 1476 253 continet.

134 269 252 314 Neque
269 266 322 301 hic
339 268 468 301 excutio
487 279 527 302 an
565 279 648 302 artes
670 268 828 302 terrestres
851 269 884 302 in
903 267 1044 302 mediam
1070 267 1151 299 aeris
1176 267 1343 313 regionem
1373 265 1476 302 subla-

104 327 144 351 tae
171 328 243 350 cum
255 314 375 350 nitrofis
388 344 397 359 ‚
419 321 452 353 δε
470 280 641 364 sulphureis
660 316 755 351 furnis
772 315 905 352 incensae
923 317 955 351 in
978 315 1120 364 lapidem
1133 314 1330 362 quandoque
1349 314 1477 352 abeant.

102 366 312 412 Qamquam
330 377 426 400 nemo
441 376 479 399 ex
496 364 659 400 veteribus
676 376 751 400 ante
763 366 963 401 Avicennam
978 363 1069 412 hujus
1080 362 1193 411 lapidis
1203 365 1344 399 ceraunii
1363 359 1482 399 'memi-

101 415 202 457 nerit,
215 419 249 450 δι
263 415 380 448 mirum
394 414 497 448 videri
509 413 604 462 poffit
619 413 745 451 nullum
759 415 792 449 in
809 415 933 462 magnis
947 412 1081 449 urbibus
1090 423 1146 457 ‚ut
1160 413 1193 446 in
1207 411 1267 446 hac
1282 414 1417 449 civitate
1425 426 1482 449 un-

101 474 199 510 quam
217 461 320 497 visum
333 461 435 499 fuiffe.
823 489 827 491 μ
870 488 872 491 -

135 511 218 546 lllud
238 513 344 559 potius
355 513 473 546 merito
486 513 586 559 quaeri
596 512 700 560 potest
717 538 726 554 ,
742 523 796 546 cur
813 509 937 545 excelsa
957 521 1093 558 quaeque
1115 508 1223 558 saepius
1241 509 1379 545 fulmine
1388 512 1484 545 ician-

105 570 153 595 tur
165 572 228 596 :an
242 560 326 594 forte
335 561 425 608 quod
440 560 628 608 plerumque
646 560 748 595 nubes
759 562 842 595 circa
856 558 956 594 latera
968 559 1126 602 dehiscat,
1143 565 1176 595 &
1187 571 1226 594 ex
1240 571 1278 593 ea
1288 570 1378 607 parte
1387 558 1486 592 exha-

101 608 181 644 latio
200 607 400 643 inflammata
417 621 589 657 erumpens
606 620 644 643 ex
655 608 805 657 obliquo,
823 621 888 643 non
903 608 990 643 resta
1011 607 1159 642 deorsum
1173 608 1311 642 decidat.
1329 608 1416 642 Hinc
1429 620 1486 642 ex-

103 657 184 692 celsa
199 670 270 704 quae
283 657 355 692 sunt
366 685 376 699 ,
388 669 425 692 ex
443 656 617 693 transverso
631 669 809 693 occurrunt.
829 657 960 693 Deinde
975 669 1048 692 curn
1067 655 1171 692 nubes
1193 658 1227 691 in
1245 657 1352 691 media
1367 683 1378 698 ,
1392 661 1425 692 &
1439 659 1486 690 in·

106 704 185 741 fima
203 705 246 740 sui
261 717 351 755 parte
363 707 409 740 est
421 706 644 755 disrumpenda
658 735 667 750 ‚
676 707 708 740 id
721 708 880 755 praecipue
890 706 1008 743 accidit
1023 704 1080 740 ubi
1093 717 1208 753 corpus
1219 704 1376 740 excelsum
1391 703 1487 752 subji-

103 757 196 791 citur.
213 755 248 789 Id
258 757 345 790 enim
355 757 436 790 aeris
453 755 610 790 descensui
627 754 746 790 obsistit
757 784 766 799 ‚
785 753 948 803 efficitque
965 766 1001 790 ut
1016 757 1050 789 in
1061 753 1196 789 diversas
1210 765 1316 802 partes
1337 753 1491 788 distraha-

105 814 174 839 tur:
192 805 272 838 aeris
284 815 410 839 motum
419 803 521 840 nubes
532 803 755 852 consequitur,
770 815 867 852 atque
886 806 918 839 in
936 816 977 838 eo
993 803 1067 839 loco
1085 801 1220 838 dehiscit
1230 832 1240 847 ‚
1253 808 1286 840 δε
1301 800 1387 850 quasi
1401 804 1488 838 viam

104 851 232 888 fulmini
250 853 367 889 sternit.

138 901 201 936 Sed
215 913 269 936 cui·
282 903 394 938 vinum
406 930 415 944 ‚
429 906 463 938 &
478 900 619 949 liquores
636 904 672 937 in
682 902 771 938 cellis
789 900 911 937 turbari
930 900 1053 944 solent,
1064 904 1097 937 &
1111 899 1254 935 acescere
1264 928 1274 943 ‚
1293 912 1367 934 cum
1385 899 1489 934 vehe-

105 952 243 985 mentius
263 961 365 987 tonat.
386 952 438 985 An
456 948 607 985 tremulus
620 953 701 986 aeris
718 963 826 987 motus
839 951 869 985 id
881 947 987 985 efficit
1002 960 1063 992 3an
1076 950 1183 996 potius
1197 949 1364 984 occultum
1379 948 1487 995 quod-

105 1000 180 1034 dam
197 999 240 1034 est
259 1001 294 1034 in
312 1011 386 1034 aere
409 1000 606 1035 fermentum
620 1028 630 1043 ,
646 1001 735 1048 quod
748 999 935 1035 consuetum
980 1000 1096 1032 artium
1116 996 1343 1034 insensibilium
1362 1007 1488 1031 motum

105 1047 273 1096 perturbat
284 1076 294 1091 ‚
314 1053 347 1084 ὃ(
362 1050 561 1096 corrumpit?
581 1050 657 1083 Hoc
674 1051 783 1096 utique
798 1047 859 1084 effe
880 1049 948 1083 veri
962 1046 1076 1081 imilius
1092 1045 1168 1082 hinc
1190 1045 1310 1094 probat
1333 1045 1461 1094 Boylius
1477 1073 1488 1088 ,

106 1096 195 1143 quod
210 1108 280 1131 cum
290 1098 409 1131 vitrum
419 1094 558 1131 cerevisa
573 1096 743 1145 impletum
757 1097 934 1132 hermetice
945 1093 1118 1144 sigillasset,
1138 1096 1206 1143 post
1221 1106 1338 1143 magna
1350 1096 1490 1129 tonitrua

107 1144 192 1180 nihil
209 1144 263 1180 hic
277 1144 383 1193 liquor
397 1146 438 1179 de
447 1147 484 1180 vi
498 1143 567 1187 sua,
584 1150 618 1181 &
637 1144 747 1193 sapore
760 1145 863 1180 amifit
885 1158 893 1180 :
910 1157 983 1180 cum
1005 1143 1099 1178 doliis
1119 1143 1263 1178 conclusa
1278 1155 1363 1192 pene
1383 1145 1491 1178 omnis

107 1192 281 1229 acesceret:
293 1194 380 1241 quod
400 1192 565 1228 exhalatio
574 1193 628 1228 illa
637 1193 748 1230 diffusa
762 1207 818 1243 per
827 1205 936 1229 aerem
955 1192 1044 1227 dolia
1057 1193 1189 1240 quidem
1210 1203 1395 1240 penetraret
1408 1220 1418 1234 ‚
1441 1193 1492 1226 vi-

109 1253 192 1277 trum
205 1255 271 1278 non
285 1245 376 1280 item.
398 1243 498 1278 Addit
511 1242 589 1277 illud
602 1254 734 1291 quoque
747 1242 904 1279 carbones
932 1240 1053 1277 foffiles
1081 1244 1115 1276 in
1131 1241 1217 1275 cellis
1232 1242 1363 1275 vinariis
1377 1252 1491 1275 accen-

109 1290 157 1326 sos
177 1303 250 1326 cum
277 1303 387 1335 tonat,
398 1290 580 1326 cerevisiam
591 1290 611 1327 ὲ
622 1294 830 1340 corruptione
845 1291 1040 1326 defendere:
1057 1290 1109 1325 vel
1129 1290 1216 1337 quod
1235 1289 1417 1336 sulphureos
1428 1317 1439 1332 ,
1457 1294 1491 1325 διε

108 1351 350 1388 corrumpentes
365 1340 480 1376 halitus
495 1342 577 1388 ignis
587 1340 733 1376 discutiat
746 1358 755 1385 3
768 1341 821 1376 vel
831 1341 920 1388 quod
944 1343 1012 1375 vim
1025 1350 1139 1374 eorum
1159 1338 1324 1374 obtundat
1337 1366 1346 1381 ,
1358 1338 1436 1373 dum
1451 1337 1491 1372 fi-

107 1400 220 1438 guram
232 1389 389 1424 halitum-n
404 1419 414 1433 ‚
428 1400 481 1423 aut
496 1390 752 1437 magnitudinem
767 1418 776 1433 ,
790 1401 844 1424 aut
862 1400 1018 1424 texturam
1039 1399 1153 1424 mutat.

136 1438 213 1486 Jam
225 1437 364 1484 reliquas
376 1436 597 1485 impreffiones
608 1440 716 1485 igneas
728 1439 984 1487 perstringamus,
1007 1438 1120 1472 'Primo
1136 1439 1275 1473 occurrit
1291 1438 1373 1485 ignis
1385 1434 1494 1470 fatuus

109 1489 164 1533 qui
175 1485 254 1521 nihil
268 1487 315 1521 est
332 1498 440 1534 praeter
453 1486 589 1521 halitum
600 1488 753 1535 pinguem
766 1517 774 1530 ,
797 1492 831 1523 δε
851 1498 1002 1522 tenacem
1017 1514 1026 1528 ‚
1038 1484 1128 1520 nullo
1142 1488 1217 1533 igne
1226 1485 1427 1533 flagrantem,
1438 1483 1492 1517 sed

112 1535 203 1570 instar
216 1534 430 1582 lampvridum
444 1564 453 1578 ‚
472 1547 528 1570 aut
540 1535 616 1583 ligni
678 1537 750 1570 tridi
764 1536 934 1570 lucentem-
955 1533 1115 1583 Ejusmodi
1131 1536 1220 1582 ignes
1239 1536 1320 1567 circa
1335 1542 1493 1566 coemete-

111 1585 157 1618 tia
168 1589 221 1627 ,&
232 1577 362 1632 paludes
379 1584 576 1631 frequentius
591 1548 781 1621 diffirruntz
799 1584 888 1631 quod
910 1595 948 1617 ex
986 1584 1074 1630 ingui
1085 1610 1094 1624 ‚
1108 1588 1142 1618 &
1155 1581 1276 1616 viscoso
1298 1579 1399 1615 halitu
1419 1591 1492 1628 pro-

112 1632 215 1666 deant.
237 1634 391 1667 Autumni
405 1644 552 1680 tempore
566 1661 574 1675 ,
588 1634 654 1666 imo
664 1638 696 1669 &
713 1635 745 1667 iu
758 1631 942 1681 regionibus
954 1595 1088 1666 szrvidis
1098 1629 1171 1666 sunt
1182 1630 1359 1665 crebriores
1373 1641 1380 1664 :
1402 1627 1492 1676 quod

112 1683 238 1729 pinguis
260 1681 376 1716 humor
387 1694 507 1730 magno
518 1680 589 1715 solis
601 1682 716 1716 ardore
729 1682 853 1725 elici‚&
862 1682 966 1729 digeri
976 1679 1088 1715 soleat.

150 1728 255 1764 Stellae
270 1729 478 1765 discurrentes
493 1742 597 1778 prope
612 1741 729 1765 terram
741 1731 961 1766 incenduntur.
980 1731 1042 1764 Hae
1055 1728 1207 1762 videntur
1221 1726 1497 1773 discurrere,quod

115 1790 168 1812 aer
183 1778 231 1813 his
241 1777 497 1814 exhalationibus
508 1778 542 1813 sit
554 1778 689 1814 refertus
703 1808 713 1824 ,
733 1785 766 1816 &
777 1777 920 1814 accensus
933 1777 1046 1813 halitus
1063 1775 1175 1826 pabuli
1188 1775 1231 1810 sui
1250 1787 1367 1810 venam
1385 1773 1496 1822 sequa·

116 1839 177 1862 tut.
198 1829 331 1862 Interim
346 1828 437 1863 velut
453 1830 528 1875 igne
541 1830 694 1863 continuo
708 1840 813 1863 totum
825 1829 886 1863 iter
897 1825 1039 1876 signant:
1057 1827 1133 1873 quia
1153 1824 1236 1859 visus
1250 1837 1317 1860 non
1331 1822 1495 1871 subsequi-

117 1886 168 1910 tur
181 1878 512 1912 momentacurrentis
523 1905 532 1920 ‚
547 1876 602 1911 sed
618 1875 813 1912 videtfimul
824 1877 909 1912 unde
921 1877 1035 1913 exierit
1048 1904 1059 1918 ,
1077 1879 1111 1912 δε
1121 1874 1399 1923 quo-pervenerit,
1411 1883 1448 1907 ut
1461 1874 1495 1908 in

116 1925 236 1959 titione
255 1927 469 1968 circumafito,
481 1927 537 1972 qui
555 1924 693 1973 speciem
708 1926 816 1961 circuli
830 1928 919 1973 ignei
930 1923 1058 1973 praebet.

154 1972 357 2008 Conamunis
366 1974 482 2008 *horum
494 1976 637 2009 omnium
651 1978 784 2010 materia
796 1973 1103 2022 halitus-estping-uis
1116 2001 1126 2015 ‚
1141 1977 1176 2009 ὃ(
1186 1969 1319 2007 viscosus
1331 1998 1341 2013 ,
1359 1972 1412 2018 qui
1425 1969 1498 2018 ple-

119 2022 470 2067 rumqueaccenditur:
488 2021 550 2056 sive
560 2034 633 2056 cum
643 2022 764 2070 spiritus
774 2026 808 2059 in
826 2022 912 2058 nube
927 2021 1092 2057 conclusus
1103 2021 1265 2056 volutatur
1276 2049 1285 2064 ‚
1299 2022 1379 2054 utin
1393 2019 1498 2063 fulgu-

121 2082 155 2105 re
171 2088 180 2114 3
199 2069 262 2105 five
272 2083 342 2105 oum
352 2072 458 2104 tenuis
473 2071 519 2104 est
536 2083 636 2118 vapor
650 2077 687 2107 δε
706 2071 832 2120 copiosa
851 2071 1014 2106 exhalatio
1037 2069 1201 2118 sulphurea
1215 2098 1224 2112 ,
1240 2081 1278 2103 ac
1292 2068 1379 2103 nulla
1397 2057 1498 2102 nubes

121 2121 280 2154 cernitur:
296 2130 365 2153 tum
378 2121 464 2153 enim
477 2130 540 2166 prae
552 2130 667 2167 magna
678 2122 854 2168 agitatione
866 2119 1045 2167 sulphureus
1058 2119 1172 2154 halitus
1186 2117 1217 2151 se
1228 2116 1258 2151 se
1267 2117 1401 2163 expedit
1414 2116 1435 2149 a
1445 2127 1501 2149 va-

122 2179 201 2215 pore
213 2197 221 2211 ‚
242 2173 275 2204 δέ
289 2166 353 2202 sme
369 2170 497 2216 crepitu
520 2169 553 2202 in
570 2167 665 2202 stellae
679 2197 688 2211 ‚
702 2181 754 2203 aut
766 2168 898 2218 *globuli
918 2169 1006 2216 ignei
1029 2168 1164 2203 modum
1179 2167 1199 2202 ὲ
1217 2164 1344 2201 sublimi
1370 2175 1445 2198 aere
1467 2164 1500 2196 in

123 2227 241 2251 terram
257 2228 334 2252 ruit.

159 2266 245 2301 Cum
257 2265 418 2302 exhalatio
431 2264 559 2300 accensa
572 2266 605 2299 in
614 2276 800 2299 mucronem
816 2267 936 2300 acuitur
946 2295 956 2309 ,
972 2263 1148 2313 pyramidis
1162 2278 1171 2303 ·,
1184 2261 1204 2294 si
1216 2273 1299 2295 teres
1317 2259 1354 2293 sit
1365 2287 1374 2300 ,
1390 2263 1424 2294 ἔ(
1445 2267 1502 2303 εἵς

125 2313 269 2359 lindrica,
287 2315 461 2359 columnae3
488 2313 629 2348 sialtiore
643 2312 772 2354 fastigio
782 2313 934 2348 >scintillet
947 2344 955 2356 ,
973 2314 1051 2348 facis
1064 2341 1073 2355 ,
1085 2309 1104 2344 fi
1124 2310 1257 2343 rotunda
1275 2308 1310 2343 sit
1325 2337 1335 2351 ,
1348 2313 1380 2343 &
1396 2306 1502 2354 plana,

123 2362 227 2412 clypei
239 2363 281 2408 ,si
297 2363 439 2413 oblonga
455 2393 465 2408 ,
474 2368 507 2401 ὃ(
517 2361 689 2402 transversa
701 2352 861 2407 ‚t‘ra'bisysi
872 2364 984 2398 mediae
1001 2371 1106 2409 partes
1119 2357 1346 2441 immgistgm?
1355 2356 1504 2390 draconis

1321 2418 1354 2452 11]
