1878 2724
379 154 434 193 576
670 141 928 181 PHYSICAE
963 139 1110 178 PARS
1147 139 1454 179 SECUNDA.

382 194 510 233 Vere&
521 204 677 230 autumno
691 192 777 226 calor
792 190 837 225 est
850 191 1035 226 moderatus
1048 218 1058 234 ,
1071 202 1188 239 magna
1201 202 1332 239 quoque
1345 191 1446 227 diurni
1461 189 1547 226 aestus
1563 219 1574 236 ‚
1587 195 1622 228 ὅ(
1639 192 1773 228 ῃοᾶυι-

379 248 413 282 ni
428 244 556 294 frigoris
574 241 795 288 i'naequalitas:
821 239 898 275 hinc
910 239 1028 288 pluviae
1043 238 1235 276 uberiores„

415 297 496 331 Non
514 302 628 327 omnes
650 288 857 325 concrescunt
872 292 907 324 in
931 288 1079 337 pluviam
1095 287 1220 333 nubes,
1243 289 1296 325 vel
1313 290 1402 338 quod
1427 302 1584 339 vaporum
1604 290 1779 338 particule?
1826 318 1827 321 η
1868 315 1869 320 =

382 345 518 380 nimium
532 342 617 374 inter
627 337 810 382 se'distent,
822 350 882 373 nec
895 338 925 373 se
939 349 1053 373 mutuo
1069 340 1261 386 contingant
1277 339 1437 387 3⁴velquia
1455 353 1521 375 non
1535 338 1605 373 satis
1621 341 1662 374 est
1673 339 1774 389 frigo·
1826 358 1829 369 i
1868 358 1870 362 .

380 395 420 427 ris
436 389 516 426 nubi
528 388 795 437 constringendae.
814 387 994 423 Densantur
1005 385 1200 422 verc'mubes
1212 399 1281 424 tum
1295 401 1455 437 vaporum
1467 387 1704 424 ascendentium
1716 401 1775 425 co-.
1826 379 1828 385 ,

379 443 452 490 pia,
469 450 539 473 tum
549 448 650 473 vento
666 436 791 471 australi
809 442 841 473 &
857 437 996 471 occiduo
1010 465 1021 479 ,
1040 435 1216 484 ptaesertim
1229 436 1253 478 fi
1272 437 1293 474 ὲ
1306 440 1387 473 mari
1412 436 1509 485 spiret
1520 465 1531 482 ,
1558 438 1646 484 quod
1668 442 1775 486 majo-.-

379 502 448 525 rem
467 498 626 536 vaporum
638 488 765 534 copiam
787 484 979 534 suppeditat.
999 487 1165 521 Interdum
1183 488 1283 522 etiam
1307 485 1348 520 ab
1372 485 1523 535 oppositis
1543 487 1653 522 vetitis
1673 499 1776 536 vapos

381 538 628 585 constringitur:
641 537 754 571 imo&
768 534 902 584 guttulae
917 532 1111 571 insensibiles
1128 546 1230 571 vento
1241 535 1342 571 flante
1354 535 1426 570 aliae
1441 539 1473 570 in
1489 534 1566 569 alias
1584 535 1776 584 plexumque

382 590 568 636 impingunt
577 613 587 629 ,
604 587 683 621 &in
697 584 883 633 majusculas
897 583 1024 619 abeunt
1033 596 1138 632 guttas
1150 596 1222 631 quae
1241 586 1374 633 proprio
1385 585 1532 632 pondere
1545 585 1699 620 recidunt.
1733 585 1777 620 il-

381 636 435 672 lud
454 647 584 683 quoque
597 632 665 669 fieri
675 633 782 681 potest
792 634 879 680 quod
896 631 1080 668 doctissimo
1096 636 1178 668 Viro
1189 632 1289 669 visum
1300 633 1366 677 est,
1381 633 1425 668 ab
1438 645 1509 668 aere
1525 632 1624 681 paulo
1642 633 1779 669 calidio-

383 698 419 720 te
436 685 454 720 ὲ
466 696 549 720 terta
560 681 685 718 sublato
695 681 797 717 nubes
809 688 871 718 'am
881 677 969 731 pege
986 685 1021 717 in
1038 681 1168 717 subtiles
1180 685 1264 718 nivis
1275 681 1629 731 Romulos-congelatas
1639 682 1730 727 solvi,
1742 688 1776 720 ὄσ

382 736 543 782 inaquam
552 731 747 780 resolviprae
761 697 920 767 inflerioris
937 733 1019 766 aeris
1030 742 1153 778 tepore.
1176 730 1304 767 Etsane
1318 730 1594 767 aiiiffimae.nubes
1616 734 1650 767 in
1662 734 1776 768 nivem

383 786 491 832 potius
503 781 604 829 quam
615 783 646 816 in
659 781 803 830 pluviam
815 780 1024 816 concrescunt
1037 797 1047 824 ·,
1067 792 1207 827 cumque
1229 783 1261 816 in
1279 778 1428 829 subJ'effis
1442 778 1580 817 vallibus
1593 779 1678 828 pluit
1688 807 1698 825 ,
1715 777 1780 817 eo}

384 833 461 868 dem
475 843 623 879 tempore
637 832 671 866 in
680 828 835 878 praeceifis
857 831 1019 865 montium
1035 831 1117 878 jugis
1127 831 1231 877 ningit
1242 858 1252 873 ,
1265 841 1300 864 ut
1310 841 1426 878 praeter
1438 840 1575 865 caeteros
1586 831 1613 863 is
1625 830 1782 874 test-'atur-⁹

384 884 600 930 quimontem
611 879 703 914 illum
714 880 889 927 Hungariae
904 877 1060 914 excelsum
1072 878 1223 914 ascendit.
1246 879 1310 913 Sed
1324 878 1365 913 de
1379 880 1456 914 nive
1468 878 1587 928 postea.
1615 879 1704 914 Cum
1720 891 1783 914 am
1815 910 1817 912 .
1846 903 1847 906 η
1868 901 1875 907 -

386 942 454 966 tem
468 927 591 965 densior
610 928 657 962 est
683 927 805 972 nubes,
826 939 881 963 aut
894 929 974 962 aeris
994 927 1081 961 calor
1093 926 1190 963 altius
1210 926 1349 962 sublatus
1362 955 1372 971 ,
1402 939 1470 962 tum
1487 938 1586 976 guttae
1608 939 1648 963 ex
1663 939 1779 963 mutuo

387 978 516 1015 occursu
526 977 606 1013 fiunt
618 981 765 1026 majore&
775 979 866 1014 Nam
886 975 908 1011 si
916 989 987 1025 pars
998 987 1123 1015 tantum
1137 975 1233 1012 nubis
1247 976 1382 1012 inferior
1397 976 1505 1011 calore
1517 975 1658 1011 solvatur
1667 1005 1677 1020 ,
1704 987 1781 1012 tum>

387 1030 578 1064 minutiores
593 1034 683 1075 aquae
697 1026 827 1075 guttulae
840 1025 952 1061 futurae
963 1025 1052 1060 sunt:
1073 1024 1231 1059 stillicidia
1243 1026 1451 1073 enim,inquit
1465 1027 1585 1060 Seneca
1596 1053 1606 1068 ‚
1653 1028 1779 1061 uamvis

386 1084 455 1128 jam
464 1075 621 1113 inclinent
631 1075 662 1111 se
674 1104 684 1119 ,
703 1075 894 1113 &labantur
904 1103 914 1119 ,
930 1074 1078 1110 nondum
1092 1085 1203 1110 tamen
1216 1072 1362 1110 efficiunt
1372 1073 1492 1123 lapsum
1501 1087 1517 1110 -:
1541 1038 1779 1123 sedulivipluta

389 1131 521 1169 co'i'ere,
535 1130 567 1163 &
583 1123 679 1161 turba
686 1126 772 1163 vires
784 1124 894 1168 dedit,
912 1134 982 1158 tum
1003 1122 1115 1172 pluere
1131 1123 1286 1159 dicuntur.
1781 1143 1785 1153 .

423 1174 534 1211 Multa
549 1173 630 1209 sunt·
641 1173 760 1223 pluviae
777 1173 986 1209 adventantis
1005 1173 1121 1208 indicia
1135 1184 1204 1207 rut·
1217 1171 1262 1208 sol
1281 1174 1312 1207 in
1326 1183 1401 1209 ortu·
1412 1171 1497 1208 clare
1515 1172 1680 1221 ¹affulgens
1693 1201 1704 1217 ,
1726 1184 1785 1209 aue

389 1224 526 1260 caeruleo
537 1223 649 1258 colore
661 1224 780 1258 tinctus
795 1251 805 1266 ,
826 1233 886 1257 aut
896 1234 1058 1257 concavus
1072 1236 1092 1258 zv
1104 1220 1223 1270 siguum
1242 1224 1330 1258 enim
1355 1223 1443 1260 estin
1459 1234 1535 1256 aere
1552 1235 1704 1271 magnam
1718 1221 1785 1258 effe

389 1286 546 1321 vaporum
561 1274 709 1319 copiam:
726 1272 840 1306 eadem
850 1270 896 1306 est
911 1273 993 1306 ratio
1005 1270 1087 1306 lunae
1097 1270 1235 1319 pallidae.
1252 1273 1304 1306 Sic
1313 1284 1384 1306 cum
1399 1270 1496 1306 stellae
1510 1271 1579 1320 plus
1594 1284 1688 1319 aequo
1699 1271 1785 1308 scin.

390 1322 519 1365 tiliam„
532 1326 566 1358 δε
585 1320 770 1364 lasciviunt,
794 1319 938 1369 pluviam
949 1320 1146 1369 portendunt
1159 1336 1169 1364 ·,
1183 1318 1276 1354 flavae
1293 1321 1407 1355 itidem
1423 1319 1524 1355 nubes
1543 1322 1624 1354 circa
1643 1319 1716 1355 solis
1733 1332 1786 1356 or.

391 1383 460 1407 tum
470 1370 613 1419 pluviam
623 1371 843 1417 praenuntiant
855 1383 862 1405 :
874 1367 1066 1417 vespertinae
1072 1369 1241 1404 crastinam
1254 1367 1460 1404 serenitatem
1473 1371 1679 1417 promittunt.
1691 1372 1787 1406 Nam·

390 1431 527 1468 vapores
543 1418 607 1453 sole
619 1421 760 1454 Oriente
773 1417 888 1453 sursum
898 1418 1071 1462 tolluntur,
1085 1420 1163 1454 &in
1173 1417 1317 1465 pluviam
1331 1417 1528 1453 resolvuntur
1551 1432 1559 1454 z
1583 1431 1662 1453 cum
1681 1420 1787 1454 iidem:

390 1481 455 1519 prae
466 1469 570 1507 noCtis
587 1467 707 1516 frigore
718 1468 968 1515 decidant.Jam
979 1479 1018 1502 ex
1029 1465 1248 1502 animantibus
1265 1495 1275 1511 ,
1294 1472 1328 1504 δε
1344 1467 1414 1502 aliis
1433 1479 1474 1502 ex
1485 1466 1581 1502 rebus
1601 1464 1717 1515 pluvi'ae
1729 1470 1788 1503 im·

391 1519 474 1553 dicia
485 1517 679 1566 colliguntur-
701 1517 817 1564 :unod
832 1515 955 1553 subtilis
975 1522 1007 1553 &
1020 1517 1142 1550 roridus
1152 1528 1253 1565 vapor
1270 1528 1327 1564 per
1344 1528 1453 1551 aerem
1466 1515 1591 1551 diffiisus
1609 1528 1788 1564 corporums

391 1579 515 1603 meatus
526 1566 648 1602 subeat.
666 1567 754 1601 Hinc
767 1566 903 1602 strident
916 1565 1020 1609 fores,
1039 1565 1126 1614 ligna
1136 1567 1168 1600 in
1180 1567 1289 1613 ignem
1305 1567 1452 1614 conjecta
1462 1568 1631 1613 crepitant.
1651 1567 1703 1600 Sic
1720 1564 1789 1600 δον,

390 1628 448 1653 ves
467 1627 602 1651 extento
614 1614 700 1650 collo
718 1614 834 1650 coelum
846 1613 1029 1664 suspiciunt,
1046 1613 1164 1649 muscae-
1175 1612 1278 1649 acrius
1293 1617 1552 1663 pungunt,porci
1562 1614 1710 1650 stramina
1721 1613 1784 1650 dis..

390 1677 545 1713 cerpunt3
565 1663 711 1699 lumbrici
722 1676 892 1712 emergunt
909 1664 1021 1700 eterra
1039 1681 1048 1707 3
1063 1663 1207 1698 formica:
1226 1662 1257 1698 se
1273 1665 1304 1697 in
1316 1661 1368 1704 sua
1385 1662 1521 1699 latibula
1531 1665 1689 1711 recipiunt
1702 1692 1712 1707 ,
1732 1663 1786 1698 bi.

391 1715 543 1749 tundines
555 1717 643 1761 juxta
659 1712 859 1760 superficiem
872 1725 962 1760 aquae
971 1712 1112 1748 volitant
1129 1726 1137 1748 ε
1152 1713 1238 1760 quod
1253 1711 1341 1747 forte
1358 1711 1477 1747 muscas
1492 1741 1502 1756 ,
1512 1711 1631 1749 &alia
1647 1711 1781 1749 animal-

393 1763 463 1800 cula
472 1761 693 1810 vquaehalitus,
714 1774 767 1797 aut
788 1763 968 1797 ventus-int
981 1773 1098 1796 tetram
1118 1761 1293 1808 deprimit,
1319 1760 1422 1796 velut·
1435 1762 1573 1809 praedam
1590 1759 1681 1796 suam
1699 1759 1792 1796 inse*

392 1824 542 1860 quantur.
553 1814 654 1846 Ranae
668 1809 870 1858 frequentius
887 1822 1042 1853 coutant,
1057 1810 1145 1856 quod
1158 1810 1291 1844 humido
1305 1821 1380 1844 aere
1389 1810 1558 1858 gaudeant.
1573 1810 1638 1844 Sed
1656 1809 1781 1846 nullum

391 1863 509 1896 certius
523 1859 635 1895 futurae
645 1859 756 1908 pluviae
770 1857 888 1907 signum
908 1859 1009 1905 quam
1024 1870 1063 1893 ex
1082 1860 1272 1896 Barometro
1291 1857 1452 1906 colligitur
1467 1873 1476 1894 z
1490 1871 1557 1904 quo
1574 1860 1663 1892 enim
1678 1861 1787 1906 magis

392 1907 575 1951 descendit,
594 1914 692 1945 &aer
705 1908 751 1941 est
770 1907 892 1950 levior,
915 1905 978 1942 hoc
998 1907 1162 1941 humidior
1175 1906 1238 1950 est,
1254 1918 1290 1942 ut
1304 1905 1358 1942 suo
1379 1906 1451 1941 loco
1466 1907 1614 1943 diximus.
1633 1907 1734 1954 quue
1748 1909 1783 1944 in

394 1959 582 1993 Barometro
599 1956 641 1991 ab
659 1958 779 1991 exii-nio
790 1958 944 2005 Hiigenio
961 1957 1098 1992 invento
1112 1954 1209 2003 longe
1221 1955 1349 2000 clarius,
1367 1956 1468 2003 quam
1489 1957 1530 1991 in<
1541 1955 1609 1990 aliis
1623 1954 1783 2005 conspici.

397 2017 455 2042 tur.
470 2007 532 2041 Sed
545 2006 585 2040 de
599 2006 647 2040 his
660 2003 763 2041 alibi..
1263 2029 1266 2032 >
1790 2035 1793 2039 .

437 2059 491 2092 De
501 2054 619 2103 pluviis
629 2053 814 2102 prodigiosis
832 2052 912 2088 nihil
929 2052 1085 2088 hocloco
1093 2053 1205 2088 dicere
1227 2054 1360 2090 attiners
1377 2052 1496 2088 Refert
1517 2053 1667 2103 Agricola
1694 2066 1793 2090 anna

396 2117 469 2152 1534
499 2106 532 2139 in
554 2104 672 2138 Suevia
701 2100 812 2150 pluiffe
836 2101 1030 2149 sanguinem.
1049 2105 1236 2145 Utautem‚
1264 2104 1369 2149 inquit
1394 2131 1404 2146 ‚
1428 2107 1582 2151 majorem
1597 2102 1696 2138 fidem
1727 2103 1783 2139 ha»

397 2154 533 2188 beamus
545 2150 710 2188 annalium
721 2153 940 2186 monumentis
952 2179 962 2193 ,
980 2151 1059 2186 facit
1075 2164 1123 2186 res
1141 2151 1197 2186 illa
1210 2152 1379 2186 decantata
1391 2179 1401 2194 ,
1424 2165 1493 2199 quae
1511 2164 1637 2199 patrum
1655 2165 1790 2188 memo·
1812 2179 1816 2181 μ

397 2205 444 2237 ria
454 2201 569 2236 accidit
587 2216 594 2237 :
615 2212 668 2234 aer
682 2203 769 2235 enim
786 2199 842 2234 ille
865 2200 997 2235 stillavit
1018 2212 1142 2248 guttas,
1165 2213 1235 2247 quae
1254 2199 1351 2235 lineas
1369 2201 1472 2235 vestes
1491 2200 1639 2235 crucibus
1655 2200 1757 2236 rubris
1769 2228 1793 2245 ,,

398 2249 485 2299 quasi
495 2250 650 2299 sanguinis
667 2248 868 2285 imbuebant.
899 2250 947 2284 An
962 2249 1047 2283 forte
1062 2248 1191 2283 effluvia
1209 2262 1278 2296 quae
1302 2251 1318 2284 ὲ
1340 2261 1421 2284 terra
1440 2248 1533 2284 rubra
1547 2250 1695 2297 prodiere
1708 2277 1717 2292 ‚
1743 2260 1795 2285 ut,

398 2312 545 2335 naturam
556 2299 659 2341 suam,
677 2300 723 2333 ita
741 2305 774 2336 ὅς
787 2297 929 2332 colorem
944 2297 1176 2344 tueripoll'iint‚
1201 2310 1237 2332 ut
1258 2297 1364 2332 multis
1387 2300 1581 2346 argumentis
1601 2297 1719 2346 probat
1737 2301 1796 2336 Dj,

399 2349 504 2396 Boyle.
524 2348 626 2385 Unde
642 2349 675 2382 iii
693 2360 793 2395 regno
805 2346 1029 2395 Neapolitano
1051 2348 1119 2395 post
1143 2346 1270 2394 Vesuvij
1292 2348 1439 2381 incendia
1466 2347 1615 2395 ejusmodi
1634 2348 1790 2396 prodigia-

399 2397 580 2433 identidem
597 2396 761 2446 contigisse
771 2398 870 2434 aiunt·
882 2398 933 2433 Sic
945 2396 1062 2433 eodem
1079 2395 1164 2444 libro
1184 2397 1336 2434 nimirum
1353 2395 1569 2442 duodecimo,
1590 2407 1780 2441 eorumquae

1667 2445 1685 2482 ὲ
1697 2455 1788 2481 terra.
