1878 2724
11 0 25 69 l

12 92 16 111 l

10 124 15 182 ἶ

533 121 696 159 PARS*
722 118 1007 158 SECUNDA.
1411 135 1457 158 ιι

112 176 199 213 Gurn
214 173 325 220 itaque
337 170 435 209 nobis
450 169 650 207 solent'illud
661 171 818 207 dilemma
831 181 1017 219 opponere:
1036 166 1089 203 vel
1103 166 1241 204 univerfi
1262 170 1383 204 creatio
1411 136 1458 204 esst

71 238 151 275 opus
172 225 238 259 Dei
248 221 411 271 majestate
422 221 567 270 dignum,
584 232 716 268 tumque
727 221 757 254 id
769 231 925 254 aeternurn
940 217 1001 253 esse
1024 215 1156 253 debuit:
1172 230 1244 253 cum
1265 221 1352 254 Deus
1373 216 1457 254 sem-

71 286 129 324 per
146 271 264 308 efficiat
285 270 372 317 quod
388 270 433 304 est
460 272 641 318 optimum,
658 281 768 317 neque
785 281 927 315 unquam
954 266 996 301 ab
1019 268 1057 300 iis
1073 278 1151 314 quas
1162 266 1318 315 sapientia
1344 268 1458 304 divina

68 315 244 370 praescribit
254 348 264 363 ‚
279 318 396 368 regulis
408 347 418 363 ‚
431 318 582 361 discedat3
593 318 646 353 vel
655 317 836 353 universum
847 328 1007 364 quantum
1020 327 1178 363 quantum
1194 317 1237 351 est
1250 345 1259 360 ‚
1274 318 1339 352 Dei
1354 321 1456 364 maje-

69 370 151 406 state
168 371 305 405 omnino
315 368 484 416 indignum
503 367 592 402 reeta
607 369 689 402 ratio
698 367 818 414 judicat
829 379 837 402 :
850 365 939 412 quod
956 363 977 400 fi
998 363 1176 399 concessum
1199 364 1309 409 fuerit,
1325 365 1415 400 simul
1424 366 1457 400 id

69 431 203 468 quoque
231 417 400 453 fatendum
419 419 499 455 erit,
528 428 697 463 nunquam
717 416 750 450 id
772 427 811 450 ex
826 413 931 449 ¹nihilo
947 414 1098 449 eductum
1120 413 1294 462 oportuisse
1318 431 1327 457 ;
1347 426 1456 462 neque

70 469 154 504 adeo
174 470 206 502 in
223 478 373 515 tempore
387 477 531 501 creatum
547 463 648 500 fuisse.

120 515 297 565 Respondeo
314 527 387 550 cum
398 516 467 550 viro
481 510 606 549 doc‘tiffi
627 512 783 548 mundum
796 511 841 548 ita
857 510 917 547 effe
926 512 1108 560 perfectum
1121 522 1176 555 ,ut
1190 524 1264 546 eum
1278 513 1309 547 in
1324 522 1456 560 tempo.

68 566 220 601 recreati
237 565 400 611 optimum
426 563 524 609 fuerit
542 576 563 598 ς·
575 559 627 596 scd
643 573 752 597 tamen
776 562 803 597 e.
821 561 1121 610 majestaterdivina
1143 573 1208 596 non
1223 560 1302 604 fuit,
1317 562 1390 596 utis
1412 559 1459 595 ab·v

69 613 363 655 aetetnoexisteret,
375 624 412 645 ac
428 609 524 645 rebus
545 609 695 646 omnibus
705 611 766 644 rite
779 608 921 658 expensis
939 609 1036 658 longe
1054 608 1168 644 melius
1185 609 1272 645 foret
1289 622 1363 644 eum
1375 622 1455 645 nun·

68 659 265 710 quamesse,
285 672 384 707 quam
405 671 561 694 aeternum
579 660 711 694 existere
721 671 818 694 :cum
830 657 910 693 illud
929 659 970 693 ad
986 660 1132 693 divinam
1149 657 1342 707 sapientiam
1356 660 1457 708 perti-

68 722 166 753 neat,
181 721 216 745 ut
229 711 262 745 in
279 710 428 744 creaturis
441 707 604 756 impressus
622 719 751 744 maneat
760 707 986 756 dependentia:
997 706 1172 743 character.

116 763 260 802 Verum,
278 759 423 805 inquies,
440 756 461 791 si
475 760 565 794 Deus
579 756 766 793 necessitate
783 756 924 804 quadam
942 758 974 792 id
987 756 1076 805 quod
1094 757 1137 791 est
1147 759 1310 804 optimum
1326 754 1456 800 efficiat,

69 818 170 856 atque
186 808 218 842 id
228 805 544 856 praestabiliusfueriti
550 806 712 843 mundum
724 807 823 841 condi
836 808 870 841 in
885 817 1033 855 tempore
1043 834 1054 850 ,
1075 805 1227 854 profecto
1241 807 1456 843 mundicrea-

69 859 118 892 tio
142 857 281 893 omnino
293 855 362 891 fuit
371 853 567 891 necessaria.-
1456 878 1457 882 ,

106 906 148 941 R.
179 908 286 941 Deum
304 905 436 952 quidem
446 908 538 952 juxta
550 904 668 939 di'vinae
686 901 847 952 sapientiae
872 900 1088 952 praescriptum
1104 902 1229 953 semper
1244 907 1389 954 operari:
1404 904 1457 940 sed

67 966 135 991 non
149 951 366 990 neceffa'rio-id
379 954 468 1002 'quod
476 953 693 1002 estoptimum
704 951 833 988 efficere
847 965 939 989 :cum
952 954 1039 987 enim
1049 951 1086 987 sit
1096 951 1277 989 liberrimus
1287 984 1296 998 ,
1308 960 1341 993 δι
1353 956 1456 990 actio-

67 1014 149 1038 num
176 1001 300 1039 suarum
312 1003 468 1038 dominus
481 1031 491 1046 ,
505 1002 609 1051 potest
627 1000 708 1037 nihil
722 1013 811 1037 extra
820 1000 851 1036 se
861 999 990 1036 efficere
1000 1030 1009 1044 ,
1026 1001 1104 1037 nihil
1122 1003 1229 1038 moliti
1239 1032 1249 1047 ,
1263 1003 1362 1053 seipso
1377 1003 1457 1039 bea-

68 1061 118 1086 tus
130 1051 219 1089 est&
236 1051 421 1097 perfectus,
438 1052 684 1099 necquicquam
700 1049 916 1099 praetersuam
932 1049 1096 1086 effentiarn
1111 1064 1222 1087 amore
1245 1059 1280 1091 δε
1300 1052 1456 1090 effentiali

71 1103 109 1137 δί
131 1099 308 1135 necessario
318 1099 531 1148 prosequitur.
544 1129 550 1133 .

113 1148 286 1198 Qidquid
301 1159 389 1183 extra
405 1146 618 1196 seprocreat„
631 1157 750 1184 aeterna
763 1147 898 1196 quidem
919 1149 1048 1185 afflone
1068 1150 1314 1187 &immutabili
1335 1149 1456 1194 efficit5

68 1208 180 1232 verum
201 1209 240 1232 ea
251 1196 415 1233 neceffi'tas
434 1209 472 1232 ex
484 1197 605 1233 divinis
615 1196 754 1232 decretis
767 1209 839 1244 quae
856 1198 927 1233 sunt
942 1197 1106 1233 liberrima
1116 1227 1128 1242 ,
1156 1199 1372 1247 proficiscitur.
1392 1201 1457 1235 Sed

69 1257 186 1280 vereor
200 1257 242 1280 ne
260 1245 319 1280 ista
330 1246 371 1280 ad
386 1245 605 1294 Theologiam
615 1247 723 1293 potius
736 1257 835 1291 quam
856 1247 897 1280 ad
912 1244 1153 1294 Philosophiam
1166 1246 1308 1295 (perlate
1320 1249 1456 1283 videan-

71 1303 143 1330 tur:
161 1294 193 1329 id
217 1305 325 1330 tamen
348 1307 416 1330 non
432 1296 569 1331 omnino
588 1293 609 1329 ὲ
630 1292 795 1342 propofito
812 1307 911 1343 opere
928 1294 1069 1330 alienum
1086 1293 1186 1331 visum
1197 1296 1262 1341 est,
1278 1295 1299 1332 fi
1315 1297 1456 1333 demun.

69 1343 114 1377 do
128 1348 162 1379 &
184 1345 347 1392 praecipuis
364 1343 447 1379 illius
466 1342 609 1392 partibus
627 1343 745 1378 dicturi
757 1371 768 1386 ‚
781 1344 822 1378 de
839 1343 924 1379 illius
948 1356 1083 1392 quoque
1103 1346 1231 1394 origine
1248 1346 1346 1394 paulo
1362 1358 1456 1381 accu-

70 1392 346 1477 ratiussafferemus
359 1421 368 1437 ‚
386 1405 453 1429 non
471 1390 589 1431 omiffis
600 1402 673 1440 quae
682 1402 795 1428 contra
812 1391 890 1429 fidei
906 1393 1023 1429 nostrae
1037 1393 1168 1430 decreta
1177 1393 1200 1431 ὲ
1213 1394 1375 1433 nonnullis
1391 1407 1454 1444 ορ,

69 1451 149 1489 pont
180 1453 201 1476 o
215 1450 301 1479 ent„

571 1544 605 1579 C
625 1543 704 1580 A-1>
728 1544 767 1582 U.
789 1543 833 1580 T'.
878 1544 951 1580 IL'-

390 1635 464 1682 Q'uae
475 1639 543 1686 sint
561 1641 717 1690 praecipuae
740 1635 834 1686 hujus
848 1640 990 1688 universi
1001 1650 1120 1691 partes,

69 1735 288 1821 Corpora
309 1750 377 1786 quae
386 1736 455 1773 sunt
472 1739 586 1773 omnia
601 1737 656 1773 vel
671 1736 778 1773 lueida
789 1737 860 1774 sunt
871 1766 880 1782 ‚
905 1737 958 1774 vel
975 1737 1154 1786 diaphana‚
1170 1736 1225 1774 vel
1257 1749 1357 1787 opaca
1369 1754 1378 1781 3
1392 1737 1455 1772 hoc

157 1786 200 1820 est
213 1815 222 1829 ‚
235 1798 270 1821 ut
284 1787 462 1822 identidem
478 1787 635 1830 diximus,
653 1785 707 1822 vel
720 1784 826 1823 lucem
838 1785 918 1821 exse
936 1789 1108 1830 emittunt,
1127 1787 1180 1822 vel
1198 1788 1230 1822 in
1241 1786 1271 1822 se
1291 1785 1454 1822 transmit·

71 1834 212 1876 tunt=,vel
226 1847 315 1871 extra
327 1835 356 1871 se
367 1837 554 1871 remittunt.
569 1837 684 1882 Itaque
697 1833 742 1870 sol
759 1841 793 1873 &
809 1835 902 1871 stellae
913 1835 1022 1871 lucent
1037 1853 1046 1879 3
1061 1847 1145 1870 terra
1161 1841 1196 1873 &
1238 1836 1352 1871 lanetae
1368 1835 1456 1870 relu-

72 1893 165 1917 cent:
190 1884 362 1931 expansum
383 1896 461 1920 vero
474 1883 555 1918 illud
573 1885 605 1918 in
617 1896 685 1931 quo
700 1883 798 1920 fidera
814 1883 904 1919 velut
930 1883 1178 1932 suspenduntur,
1217 1897 1268 1919 ive
1296 1897 1370 1928 aer,
1391 1883 1455 1919 five

75 1929 173 1964 aerher
187 1959 196 1973 ‚
214 1944 268 1966 aut
283 1945 475 1980 quocunque
488 1931 553 1966 alio
568 1930 705 1980 signetur
719 1934 864 1977 nomine,
878 1931 1032 1970 tralucet:
1042 1937 1109 1983 jam
1121 1945 1157 1970 ut
1170 1933 1324 1970 consueto
1340 1934 1456 1970 ordine

73 1979 330 2027 progrediamur,
343 1982 364 2018 ὲ
385 1980 483 2017 stellis
501 1980 653 2016 ducamus
666 1982 833 2018 exordium
844 1988 866 2030 ,ᾖ
875 1981 976 2030 fitque

616 2081 731 2114 Prima
755 2080 927 2127 Conclusio.
936 2110 940 2113 ,

107 2170 213 2206 Stellae
231 2170 300 2207 fixae
313 2175 447 2223 proprio
465 2174 591 2223 fulgent
611 2175 731 2212 lumine
743 2206 753 2221 ,
768 2191 835 2215 non
852 2182 931 2215 item
952 2180 1101 2229 planetae.
1220 2223 1224 2224 ⁷

121 2220 235 2256 Stellas
252 2221 329 2257 fixas
343 2224 479 2258 dicimus
496 2236 567 2271 quae
579 2227 717 2259 eei-,dem
731 2225 855 2275 semper
869 2231 952 2264 inter
965 2229 996 2265 se
1019 2231 1166 2265 ordinem
1180 2227 1330 2270 servant,
1352 2238 1389 2261 ac
1403 2227 1457 2262 di:

78 2268 227 2318 stantiam
249 2286 257 2307 ε
273 2283 306 2306 ut
325 2272 461 2319 planetae
489 2275 713 2317 nomirawtur,
736 2277 790 2321 qui
806 2277 877 2311 loca
895 2276 947 2312 sua
974 2280 1179 2313 continenter
1200 2286 1336 2312 mutant.
1354 2276 1456 2312 Unde

76 2316 215 2364 planetae
235 2319 321 2369 quasi
337 2333 481 2358 errantes
501 2325 682 2360 vocitantur
694 2351 703 2367 ‚
718 2326 807 2372 quod
826 2326 889 2362 huc
908 2325 984 2362 illuc
998 2327 1106 2375 vagqri
1123 2325 1314 2362 videantur:
1332 2323 1454 2361 tametfi

1195 2373 1232 2418 n
1266 2374 1307 2420 1²1r
