1878 2724
404 124 477 162 603
960 108 1248 153 PHYsicAE

402 179 1798 260 mmmmffimswmrwmmm

404 266 528 304 eacan
537 264 657 302 aaa>
665 261 785 299 *em
793 259 914 298 ‘eam
926 259 1045 298 *aaa
1054 257 1321 297 osta->zamae
1337 252 1794 295 ειεῇαυεῇααεωῇα

663 390 1112 437 TRACTATUS
1173 387 1554 433 SECUNDUS·

628 509 681 543 De
706 500 841 541 vitalis
858 497 1050 556 fhcultatis
1063 496 1317 559 femc'lionibus
1341 495 1384 544 ἅ·
1408 498 1576 554 organis-s

512 607 598 645 UM
613 608 678 643 duae
690 603 748 643 sint
760 608 875 641 animae
890 603 1056 640 sentientis
1076 606 1235 654 praecipuae
1254 606 1360 648 vires,
1375 603 1521 640 animalis
1541 607 1575 640 ὃ(
1596 603 1701 639 vitalis
1724 619 1734 647 ς
1759 603 1803 638 il-

515 659 544 694 la
559 661 595 693 in
614 656 751 692 cerebro
768 654 963 704 potislimum
981 658 1093 703 vigeat
1108 683 1118 698 ,
1136 654 1204 690 haec
1222 656 1255 688 in
1273 655 1371 688 corde
1391 659 1425 690 &
1447 656 1478 688 in
1498 652 1728 700 pulmonibus3
1744 652 1800 687 illa

521 710 609 743 tenui
627 706 718 741 succo
735 718 800 752 quo
813 705 906 739 nervi
919 704 1095 751 implentur
1115 708 1150 740 &
1169 702 1330 752 spiritibus
1350 702 1451 747 ’,ἠως
1477 701 1622 751 sanguini
1640 701 1772 737 insideat
1790 718 1803 745 ς

406 756 579 805 postquam
593 757 634 790 de
654 766 745 803 parte
755 752 886 789 animali
899 756 933 789 ὃ(
946 753 1028 787 illius
1043 751 1277 796 functionibus,
1294 751 1382 786 sensu
1393 753 1547 787 nimirum
1563 756 1596 789 &
1613 763 1706 786 motu
1716 751 1801 785 dixi-

409 817 478 840 mus
492 821 500 849 3
511 804 652 852 sequitur
664 815 700 838 ut
713 815 782 851 quae
794 802 834 836 ad
849 800 954 837 vitalis
965 801 1135 837 facultatis·
1144 814 1262 850 organa
1277 806 1310 838 δε
1326 801 1512 837 functiones
1521 803 1807 850 pertinent,quam

408 853 592 889 brevissime
603 854 779 901 poterimus
791 879 800 893 ,
823 851 1030 898 explicemus,

458 905 536 938 Vita
547 915 640 937 motu
650 900 807 948 sanguinis
824 904 858 935 δε
873 897 1081 945 respiratione
1101 900 1249 935 constat:
1265 911 1339 934 cum
1352 910 1464 933 autem
1485 898 1532 932 hae
1549 897 1733 934 functiones
1750 900 1800 933 ins

412 951 515 999 telligi
529 964 593 986 non
608 948 743 999 poffinr,
753 945 816 983 nisi
833 959 941 981 earum
957 959 1077 996 organa
1090 947 1181 982 velut
1194 947 1296 982 oculis
1308 947 1522 996 subjiciantur,
1533 948 1672 993 primum
1690 948 1730 981 de
1738 947 1801 981 res-

411 1002 582 1047 pirationis
607 999 736 1046 organis
753 1008 882 1044 agemus
897 1025 907 1038 ‚
931 1007 1000 1030 tum
1015 997 1056 1030 de
1078 996 1285 1044 respiratione
1305 996 1368 1043 ipsa
1388 1001 1422 1032 ὃ(
1439 995 1523 1029 illius
1541 994 1618 1038 usu3
1639 998 1735 1029 tertio
1758 996 1800 1030 de

411 1049 565 1083 struffiira
579 1048 680 1082 cordis
693 1051 727 1082 &
740 1044 824 1079 illius
839 1055 930 1078 motu
941 1061 950 1088 ;
961 1045 1123 1092 postremo
1141 1045 1182 1078 de
1198 1042 1355 1091 sanguinis
1369 1045 1512 1079 circuitu.
1539 1044 1624 1089 Qae
1639 1047 1747 1079 omnia
1760 1044 1799 1079 fic

412 1097 572 1144 explicare
587 1093 779 1131 conabimur
791 1121 802 1138 ,
820 1104 857 1128 ut
879 1104 1035 1141 perpauca
1053 1095 1145 1128 exiis
1170 1104 1249 1141 quaer
1260 1093 1331 1129 sunt
1348 1092 1426 1128 scitu
1440 1094 1587 1142 digniora
1598 1121 1608 1137 ‚
1623 1104 1679 1128 aut
1690 1105 1807 1130 recens⁴

413 1147 548 1183 inventa
566 1147 770 1183 omittamus.

742 1240 891 1277 DISS
917 1238 1218 1276 ERTATIO
1275 1238 1498 1276 PRIMA.

843 1340 898 1373 De
921 1338 1137 1387 respirationis
1151 1341 1278 1389 organis
1294 1337 1332 1373 ὠ
1350 1339 1417 1384 ufit.

483 1439 637 1488 Raecipua
648 1439 863 1488 respirationis
874 1436 1085 1472 instrumenta
1098 1435 1168 1471 sunt
1183 1437 1327 1481 trachaea‚
1338 1436 1388 1471 seu
1400 1436 1509 1484 aspera
1520 1436 1635 1471 arteria
1647 1463 1656 1478 ,
1671 1433 1808 1484 pulmo*

418 1444 539 1527 Pnes
554 1489 694 1524 cumsuis
707 1486 804 1531 vasis,
819 1494 852 1524 δε
864 1485 1072 1534 diaphragma
1090 1513 1099 1528 ,
1115 1486 1201 1532 quod
1216 1497 1324 1533 partes
1340 1486 1494 1520 vitalibus
1511 1485 1729 1520 functionibus
1744 1485 1802 1518 de-

414 1537 541 1572 stinatas
557 1537 598 1572 ab
610 1540 648 1572 iis
660 1551 730 1586 quae
738 1537 906 1573 nutritioni
925 1540 959 1574 ὃς
977 1533 1258 1571 naturalibussunt
1275 1535 1425 1581 addietae,
1437 1534 1645 1571 discriminat.
1677 1536 1730 1570 De
1738 1531 1805 1569 sm·

415 1586 496 1634 gulis
511 1599 548 1623 ex
563 1588 676 1623 ordine
690 1587 865 1636 agendum.

813 1683 1037 1723 CAPUT
1095 1683 1393 1722 PRIMUM.

583 1785 642 1817 De
654 1784 763 1831 asperae
779 1786 900 1819 arteria
907 1782 1036 1833 fabrica
1052 1781 1090 1818 (7⁴
1107 1784 1160 1830 ufic
1172 1811 1183 1826 ,
1199 1795 1254 1818 nec
1263 1795 1324 1818 non
1341 1781 1379 1816 de
1397 1782 1483 1817 vocis
1501 1778 1641 1830 organisss

519 1940 578 1965 tur.
594 1932 667 1966 Pars
679 1929 760 1964 illius
774 1927 918 1974 suprema
935 1929 1049 1963 dicitur
1065 1927 1177 1973 larynx
1190 1953 1201 1968 ‚
1215 1938 1317 1974 eaque
1330 1926 1499 1974 multiplici
1512 1926 1635 1960 constat
1642 1925 1804 1975 cartilagi-

464 2006 471 2014 .
525 1989 570 2011 use
591 1981 682 2014 exiis
700 1979 803 2024 prima
818 1976 879 2020 est,
895 1982 929 2014 δε
947 1979 1139 2025 praecipuum
1167 1978 1257 2010 vocis
1280 1987 1458 2022 organum,
1477 1986 1514 2007 ac
1531 1975 1621 2010 velut
1643 1973 1802 2023 plebitum

420 2027 605 2073 quoddam,
620 2027 792 2075 Epiglottis
812 2028 984 2062 vocitatur.
1002 2025 1105 2074 Qod
1118 2022 1278 2071 reliquum
1294 2025 1336 2059 est
1354 2025 1444 2074 hujus
1461 2022 1577 2069 asperae
1598 2024 1721 2058 arteriae
1733 2052 1743 2067 ,
1760 2036 1808 2059 ex.

421 2075 526 2110 multis
545 2074 785 2124 cartilaginibus
803 2077 1034 2123 compingitur«,
1048 2086 1120 2122 quae
1137 2071 1206 2108 suos
1218 2073 1349 2108 circulos
1363 2087 1430 2110 non
1442 2071 1622 2109 absolvunt.
1640 2074 1729 2109 Nam
1738 2084 1804 2119 qua

419 2136 511 2170 parte
525 2123 732 2172 oesophagum
744 2125 847 2171 tangit
857 2125 989 2159 trachaea
999 2154 1008 2167 ,
1019 2136 1060 2158 ne
1073 2122 1325 2170 deglutitionem
1335 2123 1481 2158 ciborum
1491 2122 1693 2169 impediat,in
1703 2133 1802 2157 mem·

422 2172 556 2208 branam
572 2185 721 2208 carneam
735 2171 803 2206 abit
814 2185 903 2219 ,quae
917 2184 1006 2219 parte
1021 2173 1063 2207 sui
1077 2174 1190 2206 intima
1203 2171 1356 2208 unetuoso
1368 2172 1500 2207 humore
1517 2171 1640 2213 madet,
1653 2182 1694 2205 ne
1711 2170 1802 2205 illam

422 2233 476 2256 aut
493 2224 630 2256 acriores
648 2221 778 2264 halitus,
793 2232 846 2255 aut
862 2234 915 2255 aer
932 2220 1070 2268 asperior
1086 2220 1243 2257 offendat.
1262 2223 1337 2256 Pars
1350 2219 1485 2255 secunda
1499 2231 1535 2253 ac
1556 2219 1646 2253 velut
1675 2230 1801 2253 truncus

423 2270 538 2317 asperae
551 2273 673 2306 arteriae
684 2283 722 2306 ex
735 2269 846 2305 multis
856 2270 944 2305 velut
958 2270 1081 2305 annulis
1094 2269 1251 2306 conflatur
1263 2299 1272 2313 ,
1282 2282 1362 2316 quos
1372 2267 1566 2304 membrana:
1579 2268 1701 2315 aliquot
1712 2265 1802 2302 simul

424 2319 623 2357 devinciunt.
643 2321 751 2367 Atque
766 2319 821 2354 has
834 2318 1038 2355 membranas
1055 2321 1160 2355 omnis
1175 2321 1299 2367 generis
1321 2318 1392 2353 vasa
1403 2347 1412 2361 ‚
1428 2329 1519 2353 venae
1530 2346 1540 2360 ,
1554 2319 1694 2359 arteriae,
1713 2314 1802 2363 lym-

424 2366 496 2413 phae
511 2368 622 2405 ductus
631 2398 642 2416 ,
660 2371 727 2405 imo
738 2373 772 2407 ὅ(
789 2371 881 2406 nervi
896 2370 1044 2419 irrigant.
1059 2370 1147 2406 Hinc
1157 2366 1260 2406 sensus
1281 2367 1365 2405 illius
1382 2368 1466 2404 adeo
1476 2367 1520 2405 est
1537 2363 1718 2414 exquisitus,
1734 2366 1810 2404 imo:

420 1880 616 1965 ASpera
631 1884 746 1916 arteria
763 1891 819 1927 per
830 1890 928 1925 quam
943 1893 1051 1916 aerem
1066 1879 1207 1912 ducimus
1223 1883 1256 1915 &
1271 1879 1431 1913 reddimus
1443 1879 1477 1911 in
1487 1887 1548 1911 tres
1562 1887 1668 1923 partes
1683 1876 1803 1912 dividi-

420 1990 461 2013 ne
