1878 2724
549 110 607 146 ΡΑ
622 110 655 145 R
667 110 690 145 S
727 111 756 145 T
771 109 796 146 Ε
810 109 843 145 R
853 109 885 145 T
899 109 915 143 1
929 106 969 144 Α.
1433 114 1435 117 ’
1453 128 1468 148 z

91 159 170 198 *fitie
185 160 278 197 unius
289 157 395 197 fibrae:
409 169 485 194 cum
495 159 580 194 intra
595 157 687 207 ipfius
701 157 792 194 fibtae
811 156 982 193 crassitiem
999 158 1234 193 contineantur.
1261 156 1363 192 Fibra:
1375 123 1487 196 autgnsr

94 225 148 258 50,
157 211 248 246 unius
260 209 353 257 digiti
367 207 572 244 latitudinem
590 210 642 243 vix
652 218 784 255 aequant.
800 205 939 242 Musculi
955 205 1038 240 adeo
1051 216 1175 241 textura
1188 216 1256 241 non
1265 205 1420 242 diffimilis
1438 209 1486 244 est

90 257 253 301 fasciculo
268 257 428 292 retitulari
451 259 509 304 qui
524 269 568 292 ex
589 258 763 292 innumeris
781 258 901 291 catenis
921 253 980 290 fibi
994 257 1166 303 contiguis·
1179 257 1369 290 contexitur.
1397 256 1484 294 Cum

101 305 218 343 cessant
227 305 317 342 fibrae
326 318 469 349 carneae,
489 317 559 341 tum
568 305 682 340 molles
692 304 782 349 sunt,
798 303 874 339 laxae
889 333 900 348 ‚
919 308 952 341 &
971 302 1149 351 longiores,
1175 315 1213 338 ac
1231 303 1331 338 facies
1349 306 1484 341 interna:

101 366 267 391 meatuum
279 384 288 398 ,
299 366 355 389 aut
365 367 516 403 potorum
528 353 593 389 sese
605 365 718 390 mutuo
728 365 876 402 tangunt.
896 352 984 388 Cum
992 362 1100 388 autem
1110 362 1209 402 agunt
1221 380 1230 395 ,
1244 364 1318 387 tum
1333 353 1485 389 induran-

100 402 436 447 tur‚&intumescunt
453 416 462 440 τ
480 416 556 440 nam
570 404 741 444 imminuta
753 415 863 439 earum
875 400 1047 438 altitudine
1059 400 1207 437 diametri
1232 400 1415 438 transversae
1431 414 1484 438 au-

102 464 228 501 gentur.

103 541 105 544 ,
141 503 251 549 Atque
262 502 338 537 hinc
349 501 496 551 explicari
511 501 615 549 potest
637 502 724 538 affio
737 498 876 536 musculi.
902 499 1047 535 Primum
1060 500 1146 535 enim
1157 496 1247 534 fibra:
1264 510 1385 534 carneae
1402 512 1482 536 con-

101 551 287 594 trahuntur,
297 564 366 586 non
383 551 530 586 tendines
542 579 552 593 ‚
567 561 604 585 ut
620 562 658 585 ex
671 561 822 585 anatome
833 552 982 584 vivorum
1001 547 1188 584 animalium
1207 547 1321 595 liquet.
1349 550 1406 583 Vis
1420 550 1483 583 ita-

100 611 165 646 que
176 611 297 634 carneae
308 598 394 634 fibrae
407 612 480 634 cum
493 598 655 647 suspendit
668 599 795 648 pondus
808 626 818 641 ,
830 601 864 634 in
873 593 1023 639 illa-consi
1030 598 1082 639 stit
1090 598 1232 645 energia,
1242 608 1305 643 qua
1320 597 1484 632 contrahi-

100 657 161 681 tur.
179 648 344 685 Tendines
358 648 492 696 quidem
502 650 572 685 vim
584 647 724 696 aliquam
735 649 914 697 patiuntur,
930 658 1087 694 quatenus
1101 657 1159 694 per
1172 656 1302 680 motum
1315 644 1452 681 localem
1465 645 1486 681 a

100 694 162 732 filis
173 699 294 733 carneis
313 697 481 733 trahuntur
493 725 504 740 ,
517 695 652 744 suntque
666 697 734 732 fere
744 708 777 732 ut
791 694 957 732 manubria
971 694 1059 730 fibris
1076 696 1199 732 carneis
1213 693 1347 743 illigata.

129 747 174 780 Ex
186 745 305 792 quibus
315 746 347 780 id
361 746 465 793 liquet
475 753 503 779 ι0
517 744 640 782 Clariff.
660 747 812 781 Stenonis
825 743 1030 794 hypothesim
1049 745 1154 779 minus
1171 741 1232 778 effe
1231 742 1458 824 ffprobabilem
1472 754 1486 787 ,'

99 790 257 830 musculos
266 793 456 843 solalfigurae
466 796 646 830 mutatione
660 794 807 830 contrahi
818 795 897 828 citra
914 805 1005 828 novae
1015 791 1193 828 substantia:
1209 804 1225 826 a
1269 804 1367 827 uxum
1384 809 1394 837 3
1423 805 1484 828 nec

98 840 195 878 fibras
206 842 276 879 fieri
285 843 446 880 craffiores
456 871 466 887 ,
482 855 557 878 cum
569 855 611 880 ex
624 842 846 890 quadrangulo
854 840 1001 889 oblongo
1010 869 1021 883 ,
1042 852 1079 875 ut
1103 852 1144 875 ex
1155 839 1297 876 rhombo
1315 840 1352 876 fit
1364 843 1491 876 rectan-

97 890 221 940 gulum.
231 892 369 927 Certum
380 892 423 927 est
431 893 519 928 enim
534 891 629 928 fibras
642 889 879 928 fiericraffiotes
890 918 901 934 ‚
919 889 1042 937 alioqui
1051 900 1157 930 totum
1166 887 1301 937 spatium
1313 894 1380 939 jam
1390 889 1486 926 latius

98 940 224 982 fastum
233 953 300 977 non
311 939 469 990 impleren
474 951 496 983 r.

137 989 269 1025 Deinde
285 989 364 1025 illud
380 1002 449 1025 non
458 988 643 1024 conceditur
654 1017 664 1032 ,
679 987 835 1037 [implices
846 987 1001 1023 musculos
1014 986 1159 1023 rhombis
1180 988 1319 1023 omnino
1329 986 1389 1022 effe
1401 987 1485 1023 fimi-

99 1035 147 1073 les
158 1067 168 1081 ,
178 1049 214 1073 ut
224 1040 257 1073 in
270 1037 370 1087 figura
385 1038 550 1086 superioris
564 1036 682 1072 tabulae
692 1036 915 1086 expreffimus:
936 1037 1020 1071 adeo
1033 1047 1068 1071 ut
1090 1038 1122 1070 in
1138 1036 1360 1072 contractione
1377 1037 1484 1085 anguli

99 1088 204 1125 minus
217 1085 343 1134 obliqui
353 1085 479 1129 fiant,&
488 1098 526 1122 ex
536 1085 638 1134 figura
647 1085 799 1134 obliquos
811 1085 944 1133 angulos
957 1084 1101 1120 habente
1113 1082 1170 1118 fiat
1180 1085 1425 1131 quodammodo
1434 1097 1486 1119 re-

100 1134 296 1183 clangulum.
306 1137 394 1172 Nam
404 1134 425 1169 fi
435 1146 591 1182 ponamus
601 1137 675 1170 duas
685 1134 807 1184 tegulas
820 1146 875 1182 per
887 1133 940 1169 fila
952 1132 1177 1180 aeqnaliainter
1193 1132 1225 1167 se
1234 1144 1397 1171 connexas
1407 1161 1416 1177 ‚
1425 1146 1486 1182 pa-

98 1182 166 1218 lam
176 1184 219 1218 est
235 1195 288 1218 eas
305 1184 398 1219 clavo
412 1180 523 1218 affixas
541 1182 682 1232 appenso
695 1183 837 1231 pondere
846 1182 928 1218 adeo
944 1195 1010 1217 non
1027 1181 1134 1222 diduci
1149 1209 1160 1224 ,
1175 1192 1229 1216 aut
1245 1182 1425 1231 reQanguli
1447 1182 1486 1219 fi·

98 1244 211 1281 guram
222 1231 375 1269 affectare
385 1261 395 1276 ,
409 1244 445 1267 ut
459 1230 568 1279 potius
577 1234 609 1267 in
622 1233 743 1267 rectam
752 1243 837 1280 pene
851 1230 969 1265 lineam
984 1232 1073 1264 co'ire
1094 1230 1272 1267 videantur.

136 1282 300 1328 roirca
313 1280 443 1316 musculi
452 1280 606 1329 [implices
618 1280 671 1326 yel
682 1292 754 1315 eam
767 1278 901 1328 figuram
914 1277 1111 1316 habetenon
1124 1275 1263 1326 possunt,
1275 1279 1390 1315 velilla
1398 1281 1484 1317 aeci·

100 1342 166 1365 non
177 1331 279 1378 potest
289 1331 327 1364 iis
341 1332 534 1366 convenire:
556 1330 597 1364 de
616 1328 798 1378 compositis
809 1327 957 1364 musculis
970 1327 1031 1367 alia
1049 1328 1092 1362 est
1104 1329 1196 1362 ratio.
1230 1328 1368 1364 Musculi
1383 1331 1486 1365 inter-

93 1378 235 1422 *costales
248 1390 318 1414 eam
331 1391 413 1428 pene
425 1377 562 1427 figuram
574 1378 674 1414 oblon
700 1391 752 1413 am
767 1384 800 1416 ἃς
811 1375 971 1412 Rhombo
985 1389 1054 1411 non
1068 1374 1249 1411 dissimilem
1264 1378 1348 1412 nacti
1370 1379 1485 1414 viden-

102 1437 159 1462 tur.
183 1428 248 1463 Sed
272 1427 349 1462 dum
374 1426 462 1462 fibrae
480 1426 653 1475 obliquaeo
680 1439 833 1463 iannexae
848 1425 932 1460 aliud
950 1437 986 1459 os
996 1424 1048 1459 vel
1059 1424 1224 1459 tendinem
1243 1426 1284 1459 ad
1305 1424 1336 1460 se
1355 1427 1485 1462 trahunt

90 1487 192 1520 ‘motu
205 1476 380 1513 transverso
390 1482 423 1513 &
437 1475 493 1510 fibi
507 1476 680 1524 parallelo,
691 1487 759 1510 tum
772 1472 1049 1517 obtusa-fibrarum
1059 1472 1228 1508 inclinatio
1241 1487 1307 1510 non
1320 1478 1486 1519 minuitur,

100 1522 155 1559 sed
167 1536 298 1574 augetur
308 1527 408 1573 magis
424 1539 432 1560 ε
457 1523 572 1559 verum
589 1525 628 1558 de
649 1525 695 1559 his
708 1525 830 1572 postea.

141 1588 168 1610 2.
178 1576 266 1609 Hinc
275 1573 432 1621 colligitur
442 1572 569 1608 musculi
581 1575 745 1608 actionem
757 1571 816 1607 effe
834 1571 997 1620 duplicem
1010 1584 1018 1606 z
1031 1581 1092 1605 una
1112 1570 1155 1605 est
1169 1570 1319 1606 fibrarum
1335 1573 1463 1619 propria
1473 1599 1484 1614 ,

90 1635 175 1670 ‚quae
184 1621 225 1657 ab
239 1634 348 1656 earum
359 1621 493 1656 naturali
503 1621 652 1656 structura
664 1622 794 1669 pendet.
818 1622 907 1657 Nam
927 1620 1044 1654 intueti
1059 1618 1135 1653 licet
1150 1629 1313 1654 truncatos
1338 1619 1484 1654 animalis

101 1683 210 1706 recens
220 1672 337 1705 mortui
350 1669 506 1705 musculos
521 1669 635 1717 seipsos
651 1669 851 1712 contrahere,
866 1680 901 1703 ut
912 1670 943 1702 in
953 1666 1150 1703 viventibus.
1177 1667 1234 1702 Illa
1253 1679 1348 1715 porro
1361 1680 1485 1704 contra-

88 1720 170 1765 4ιῖὶίο
185 1732 250 1754 non
261 1720 303 1754 est
318 1718 474 1753 laboriosa
485 1747 493 1762 ,
506 1731 603 1766 atque
619 1732 658 1753 eo
672 1717 740 1753 fere
755 1719 853 1752 modo
866 1715 1027 1765 perficitur
1039 1743 1050 1759 ,
1065 1729 1132 1764 quo
1150 1715 1228 1752 fides
1250 1716 1381 1750 citharx
1392 1746 1402 1760 ,
1416 1730 1486 1764 quae

101 1768 168 1803 leni
186 1767 272 1816 pulsu
287 1768 496 1804 adducuntur.
512 1770 564 1802 Sic
577 1767 664 1802 flexo
681 1765 816 1801 articulo
836 1777 891 1800 aut
911 1767 1006 1800 cruris
1026 1793 1036 1807 ,
1054 1776 1109 1800 aut
1127 1776 1261 1808 manu5‚
1276 1766 1332 1811 qui
1347 1767 1379 1800 in
1395 1777 1487 1814 parte

101 1829 181 1852 cava
195 1817 272 1851 inest
283 1815 436 1852 musculus
447 1845 456 1860 ‚
479 1819 504 1851 is
520 1816 624 1851 laxior
633 1815 698 1858 est,
719 1826 786 1850 tum
799 1814 879 1849 illius
889 1814 1083 1862 antagonista
1097 1813 1150 1848 seu
1163 1810 1312 1848 extensor
1322 1815 1389 1848 vim
1400 1814 1485 1850 suam

86 1865 277 1910 *naturalem
301 1877 449 1900 exercere
463 1866 613 1913 possen&
625 1876 733 1900 tamen
750 1865 798 1899 vis
811 1863 893 1899 illius
908 1862 1059 1905 naturalis
1072 1874 1141 1898 tam
1153 1860 1272 1898 debilis
1282 1862 1326 1897 est
1342 1874 1378 1898 ut
1392 1862 1486 1913 ipfius

99 1913 226 1949 articuli
244 1913 373 1948 obicem
391 1916 525 1949 vincere
545 1925 695 1962 nequeat.

137 1961 248 1999 Altera
265 1963 307 1998 ‚vi
329 1974 407 2008 opus
431 1962 474 1996 est
491 1989 500 2004 ,
522 1967 554 1998 &
577 1960 819 2008 quodammodo
839 1959 1021 2000 voluntaria
1039 1971 1173 2008 quaeque
1195 1961 1339 2007 ingentia
1365 1959 1487 1995 attollit

91 2009 257 2060 pondera.
274 2011 356 2056 Q¹ae
370 2020 476 2044 autem
487 2009 531 2047 ,fit
546 2010 635 2047 causa
642 2010 732 2058 hujus
742 2022 808 2044 tarn
822 2009 934 2045 valida:
944 2010 1173 2046 commestionis
1184 2037 1196 2052 ,
1205 2011 1264 2045 vix
1273 2007 1424 2057 intelligi,
1433 2021 1487 2045 ne·

102 2061 180 2094 dnm
190 2058 340 2106 explicati
358 2058 472 2105 potest.

133 2110 180 2143 Ac
198 2105 340 2154 primum
354 2106 484 2153 quidem
499 2119 565 2142 non
577 2107 771 2142 contrahitur
782 2104 938 2141 musculus
952 2108 982 2142 vi
993 2106 1156 2141 facultatis
1167 2109 1375 2152 incorporeae,
1386 2115 1423 2139 ut
1434 2105 1485 2138 vi-

102 2154 170 2193 sum
185 2155 231 2190 est
250 2155 378 2191 Galeno
390 2184 400 2198 ,
414 2157 521 2191 cumis
531 2156 640 2189 durior
657 2154 713 2191 fiat
723 2161 755 2191 δε
768 2154 890 2190 tenfior.
919 2168 952 2191 2.
965 2158 1076 2203 Negat
1089 2154 1229 2190 Borellus
1252 2154 1373 2202 spiritus
1394 2152 1486 2187 instar

101 2217 186 2248 aurae
196 2206 371 2247 tenuis‚aut
385 2205 465 2238 aeris
476 2203 561 2238 hunc
573 2215 698 2239 morum
717 2203 852 2239 efficere.
873 2205 960 2239 Nam
971 2204 990 2240 fi
1004 2203 1126 2252 spiritus
1138 2205 1224 2237 aerei
1243 2200 1396 2236 musculos
1409 2213 1487 2234 con-

103 2253 266 2292 traherent
277 2282 287 2295 ,
303 2252 355 2288 vel
374 2253 472 2287 instar
482 2253 574 2286 venti
586 2253 781 2288 excurrendo
794 2254 875 2286 intra
888 2265 1000 2287 corum
1026 2257 1181 2286 cavitates
1196 2279 1206 2293 ‚
1224 2249 1276 2285 vel
1288 2249 1487 2297 plenitudine

103 2302 157 2336 sua
172 2329 180 2343 ,
192 2301 246 2336 vel
254 2300 458 2336 ebullitionf.
470 2304 554 2350 Qae
572 2303 683 2335 omnia
695 2313 808 2348 graves
819 2304 982 2348 patiuntur
995 2299 1216 2335 difficultates:
1229 2310 1302 2332 cum
1312 2300 1398 2334 aetio
1408 2296 1490 2332 mus.

101 2348 248 2398 culi,quae
256 2349 301 2386 est
317 2349 525 2400 longitudinis
536 2351 729 2393 contractio,
740 2351 791 2385 vix
804 2352 927 2397 concipi
940 2360 1037 2398 queat
1049 2354 1128 2383 citra
1142 2349 1235 2381 cunei
1246 2349 1489 2396 operationem,

1143 2398 1175 2431 V
1190 2407 1236 2431 uu
1260 2397 1293 2441 iij
