1878 2724
371 149 434 186 364
635 138 951 177 PHYSICAE
991 140 1144 177 PARS
1180 140 1494 178 SECUNDA.

373 203 443 226 rem
456 189 525 226 finis
545 190 692 239 explicat.
720 191 809 225 Nam
825 187 849 223 fi>
862 187 1031 228 consimilis
1045 188 1122 225 esset
1132 191 1223 227 venti
1243 193 1354 240 origo,
1375 192 1408 227 in
1425 201 1538 226 omnes
1552 199 1660 239 partes
1676 189 1765 227 smmi

376 239 470 278 flaret
494 238 580 279 nube
612 241 757 274 immota-

409 292 563 334 301taque
580 287 637 322 has
649 286 710 322 ell‘e
725 289 897 336 praecipuas
915 298 1090 323 ventorum
1107 286 1210 323 causas
1224 288 1426 325 crediderim.
1447 290 1553 324 Prima
1571 292 1605 325 &
1623 289 1764 325 maxime

370 336 526 384 generalis
538 336 581 371 est
596 335 642 370 sol
651 336 716 385 ipse
730 365 741 380 ,
755 341 813 383 qui
832 335 938 371 calore
954 336 1008 372 suo
1025 336 1142 373 multos
1155 349 1192 371 ex
1203 349 1288 384 aqua
1304 342 1338 374 &
1353 349 1437 373 tetta
1454 350 1590 386 vapores
1605 337 1763 375 &halitus

369 385 476 420 educit
486 414 495 428 ‚
505 387 561 433 qui
574 387 717 421 vicinum
729 397 837 420 aerem
847 388 1052 434 protrudunt.
1066 388 1118 421 Sic
1132 387 1164 423 in
1176 388 1272 422 Zona
1283 387 1404 421 torrida
1417 390 1589 422 continuus
1605 400 1641 422 ut
1654 389 1763 422 Ocea..

366 436 398 469 ni
413 463 422 477 ‚
436 433 474 469 fic
486 437 566 469 aeris
581 447 688 470 motus
699 434 740 469 ab
756 437 897 472 Oriente
913 437 944 470 in
959 436 1179 471 Occidentem
1196 435 1473 483 deprehendit1113
1499 435 1562 470 five
1587 437 1761 472 rarefactus

364 495 419 517 aer
431 487 589 530 majorem
599 484 706 519 locum
719 483 874 527 affedlaen
889 483 952 520 five
969 487 1076 532 potius
1089 487 1123 520 in
1141 496 1215 518 eum
1233 485 1403 519 cedentem
1421 514 1431 528 ‚
1455 484 1658 522 &leviorem
1675 487 1762 521 vici-

364 544 420 566 nus
432 535 561 581 gravior
573 563 583 577 ,
603 539 635 570 &
648 532 778 581 presfior
795 535 903 568 irruat.
919 536 983 570 Aet
995 534 1128 581 quidem
1143 533 1293 568 dilatatus
1305 535 1339 568 in
1354 547 1487 569 omnem
1499 545 1622 582 partem
1636 546 1762 583 protru-

365 581 397 615 di
411 582 539 630 potest:
552 582 603 617 sed
616 596 683 618 non
693 581 815 629 ubique
826 582 1018 619 admittitur.
1030 583 1118 617 Cum
1138 581 1243 617 versus
1257 584 1521 631 Septentrionem
1536 595 1588 617 aer
1601 584 1761 631 protrudi-
1800 587 1818 631 f
1841 623 1842 626 Ἴ
1866 593 1867 597 ’

366 642 433 674 tur,
458 643 526 666 tum
540 643 656 667 ventus
674 631 715 666 ab
727 631 839 667 Austro
849 629 955 680 spirat.
974 635 1011 671 Et
1028 631 1101 669 sane
1121 631 1141 666 fi
1158 633 1228 678 quis
1247 643 1372 667 attente
1399 631 1578 671 confideret
1601 643 1759 679 quantum

362 691 416 714 aer
427 679 551 715 dilatari
562 678 661 729 poffit
673 695 681 717 :
694 683 738 716 ita
747 692 783 715 ut
797 681 1041 716 demonstrante
1052 680 1159 715 clariis
1175 680 1292 729 Boylio
1303 682 1335 716 in
1345 681 1567 730 millecuplum
1581 686 1613 717 δ(
1625 681 1759 730 amplius

361 728 501 776 spatium
518 732 597 764 citra
615 729 756 764 calorem
775 731 809 764 in
819 730 966 765 maehina
987 732 1188 778 pneumatica
1200 730 1351 765 dilatetur.
1371 744 1380 765 ε
1397 732 1421 764 is
1438 732 1547 765 mirati
1568 729 1689 764 desinet
1707 757 1718 772 ‚
1737 729 1760 765 fi

360 789 414 811 aer
426 777 497 813 solis
512 778 641 814 fervore
656 779 739 814 adeo
751 779 900 814 dilatatus
919 790 1044 814 tantam
1056 778 1268 827 atmosphaerae
1286 783 1504 815 mutationem
1527 779 1693 815 interdum
1707 779 1760 814 af..

360 826 445 862 ferar
458 857 468 870 ‚
481 839 517 862 ac
528 839 633 863 tantus
646 827 702 863 fiat
715 830 851 876 impetus
869 830 1018 864 irruentis
1037 831 1069 863 in
1085 828 1191 862 locum
1208 840 1293 876 pene
1307 841 1442 864 vacuum
1451 831 1542 864 aeris.
1557 827 1757 866 Verulamius

360 876 515 925 exemplo
530 880 630 912 utitur
648 877 804 913 turriculae
818 878 960 925 undique
976 876 1104 920 clausae,
1123 879 1157 912 in
1177 881 1265 924 cujus
1281 878 1392 912 medio
1415 890 1529 927 prunas
1552 879 1668 926 ignitas
1689 877 1759 912 col·

359 924 500 962 locavit:
513 938 644 961 crucem
660 926 825 975 plumeam
844 926 932 961 calor
945 928 1053 962 anetus
1070 928 1159 961 varie
1169 925 1314 974 agitabat
1332 943 1341 969 ;
1361 927 1458 974 idque
1473 929 1615 962 maxime
1628 938 1703 962 cum
1716 939 1756 964 ex
1791 943 1794 946 >

356 986 442 1021 aqua
455 987 591 1023 vapores
605 977 637 1010 vi
650 977 733 1025 ignis
748 974 864 1010 sublati
877 976 1014 1011 eandem
1031 987 1158 1010 crucem
1167 975 1264 1009 instar
1276 974 1411 1011 turbinis
1423 974 1633 1023 torquebant.
1650 975 1758 1022 Qod

357 1025 453 1072 igitur
467 1036 523 1059 aut
541 1024 764 1060 vehementius
776 1024 891 1060 dilatat
907 1036 1015 1060 aerem
1030 1053 1040 1068 ,
1062 1036 1118 1060 aut
1137 1022 1352 1072 aequilibrium
1377 1024 1592 1074 atmosphaerae
1606 1024 1758 1070 destruit,

359 1072 394 1106 id
412 1085 548 1108 ventum
565 1085 733 1121 procreare
762 1073 880 1121 potest.
1771 1074 1774 1075 ⁷

409 1128 444 1156 2⁰
469 1122 660 1157 Vehemens
682 1123 765 1157 aeris
790 1133 899 1157 motus
928 1133 1061 1158 ventum
1087 1121 1224 1170 perfiepe
1247 1120 1356 1158 efficit.
1399 1124 1489 1170 saepe
1514 1133 1629 1158 ventus
1660 1122 1755 1160 instat

359 1168 498 1205 turbinis
520 1170 664 1219 pluviam
686 1169 828 1219 impellit
847 1184 855 1206 :
883 1177 918 1209 δε
939 1171 1137 1219 quandoque
1161 1173 1272 1207 evenit
1294 1183 1334 1208 ut,
1356 1184 1426 1207 eam
1439 1184 1506 1206 non
1532 1171 1669 1208 multum
1694 1183 1754 1207 an-

358 1219 504 1263 recedat,
519 1219 570 1255 sed
585 1223 768 1259 comitetur,
785 1220 963 1256 &celsam-te
981 1220 1090 1265 pluvia
1102 1248 1112 1262 ‚
1139 1232 1252 1257 ventus,
1269 1233 1406 1268 quoqne
1421 1219 1573 1257 subfidat.·
1587 1221 1754 1257 Interdum

355 1269 467 1303 evenit
479 1280 514 1303 ut
530 1279 646 1304 ventus
658 1268 799 1305 imbrem
810 1271 916 1316 potius
934 1267 1056 1303 efficiat
1072 1267 1171 1315 quam
1180 1268 1339 1305 viciffirn:
1356 1282 1427 1304 cum
1439 1268 1558 1304 scilicet
1567 1281 1673 1305 aerem
1684 1281 1752 1304 tet.

354 1328 397 1351 1·ae
407 1319 593 1364 proximum
614 1316 790 1366 propellit,
807 1316 898 1353 fimul
913 1323 946 1354 δι
962 1328 1097 1365 vapores
1108 1320 1206 1364 cogit.
1226 1321 1254 1356 is
1269 1317 1348 1353 vero
1362 1317 1508 1352 celeriori
1521 1329 1613 1355 motu
1622 1317 1756 1363 fertur,

355 1365 454 1413 quam
465 1378 601 1414 vapores
612 1365 665 1415 ipsi
683 1378 735 1401 aut
746 1366 849 1402 nubes
858 1370 925 1414 jam
937 1367 1085 1401 densata:
1109 1367 1193 1400 unde
1212 1372 1244 1403 ὅ(
1261 1367 1432 1416 largiorem
1448 1365 1588 1403 imbrem
1605 1379 1644 1401 ex
1659 1366 1753 1403 nube

352 1416 466 1453 coacita
488 1415 663 1453 &densata-
678 1429 756 1452 mox
769 1415 912 1451 casurum
930 1415 1114 1452 antecedit:
1128 1416 1217 1462 quod
1235 1415 1338 1451 nubes
1355 1415 1427 1451 huic
1443 1419 1547 1451 motui
1565 1414 1679 1451 refistat
1691 1421 1747 1460 ‚&

352 1466 484 1511 gravior
502 1465 627 1501 existat.
651 1467 738 1500 Hinc
749 1464 939 1513 plerumque
948 1465 1084 1499 cadente
1099 1463 1207 1512 pluvia
1222 1464 1316 1503 cessat
1328 1476 1452 1500 ventuS.

388 1513 533 1550 Multum
543 1526 680 1562 quoque
697 1515 736 1548 ad
752 1525 929 1551 ventorum
941 1516 1188 1563 generationem
1202 1514 1333 1550 confert
1350 1516 1396 1548 vvis
1415 1514 1496 1549 aeris
1513 1512 1638 1549 elastica
1651 1543 1660 1558 ,
1682 1526 1746 1562 qua

352 1561 470 1609 preffus
481 1561 543 1598 sese
560 1564 717 1599 restituit:
731 1575 791 1598 nec
801 1562 918 1598 dubito
932 1565 1012 1610 quin
1024 1562 1170 1598 aethereae
1183 1560 1358 1598 substantiae
1370 1592 1379 1606 ,
1401 1573 1454 1596 aut
1473 1560 1645 1598 subtilioris
1662 1564 1744 1598 aeris

351 1623 460 1647 motus
478 1624 634 1660 magnam
643 1613 686 1647 ad
699 1624 871 1648 ventorum
893 1613 1154 1660 procreationem
1177 1624 1382 1648 momentum
1402 1609 1539 1648 afferat:
1566 1611 1643 1647 licet
1660 1612 1745 1649 illius

353 1661 476 1707 pondus
487 1690 497 1704 ‚
508 1666 542 1698 &
554 1664 602 1697 vis
614 1661 700 1697 sensu
717 1664 838 1710 percipi
850 1674 917 1696 non
928 1659 1034 1709 poffit.
1052 1661 1115 1695 Sed
1130 1663 1289 1709 praecipua
1299 1673 1472 1697 ventorum
1490 1659 1604 1703 causti,
1623 1660 1643 1695 si
1661 1662 1745 1696 Car-

352 1708 429 1744 telio
440 1710 598 1744 credimus
608 1740 620 1753 ,
633 1711 680 1746 est
690 1723 848 1759 vaporum
858 1710 1006 1745 dilatatio
1020 1724 1028 1746 :
1044 1710 1118 1745 hinc
1132 1710 1282 1758 procellae-
1294 1712 1326 1745 in
1338 1712 1466 1752 marg&
1480 1708 1659 1746 crebriores
1671 1709 1742 1745 sunt

351 1762 386 1793 δέ
401 1760 502 1807 magis
516 1762 717 1807 pertinaces:
737 1772 812 1794 nam
822 1761 962 1794 maxima
975 1771 1134 1806 vaporum
1153 1761 1244 1806 copia
1267 1759 1284 1795 ὲ
1304 1761 1383 1795 mari
1401 1760 1542 1807 erumpit
1554 1787 1563 1801 ‚
1581 1761 1637 1805 qui
1653 1758 1742 1793 calo-

350 1818 384 1839 re
398 1818 451 1841 aut
462 1807 534 1841 solis
545 1836 554 1850 ,
571 1820 624 1842 aut
634 1806 938 1855 subterraneopene
951 1819 985 1842 ut
1000 1809 1030 1842 in
1041 1806 1186 1854 aeolipilis
1195 1819 1266 1841 cum
1280 1809 1404 1854 impetu
1417 1805 1646 1843 diffimduntur.
1667 1809 1741 1843 Nec

351 1866 460 1890 tamen
474 1869 611 1903 vapores
622 1857 747 1891 dilatati
762 1856 832 1904 plus
843 1856 905 1890 loci
915 1867 1076 1904 occupant
1087 1884 1098 1898 ‚
1112 1857 1157 1889 uti
1173 1867 1232 1889 nec
1244 1857 1355 1890 cineris
1373 1866 1479 1903 partes
1498 1856 1638 1891 dis'eetae
1658 1869 1665 1890 :
1685 1856 1739 1891 led

350 1915 485 1950 vapores
498 1904 552 1951 ipsi
571 1917 608 1939 ex
621 1907 790 1953 angustiori
805 1904 973 1939 forteloco
984 1933 993 1946 ‚
1015 1916 1050 1938 ut
1066 1907 1098 1938 in
1113 1902 1261 1950 aeolipilis
1277 1905 1440 1941 turmatim
1457 1916 1522 1939 non
1539 1869 1603 1939 line
1621 1916 1738 1952 magna

351 1954 387 1991 vir
396 1964 579 2000 erumpunt.
599 1955 661 1992 Aut
676 1953 761 1988 forte
772 1965 865 1988 aerea
875 1952 1020 2000 quaedam
1032 1954 1166 1987 materia
1175 1954 1244 1986 imo
1255 1957 1288 1990 ὃς
1302 1953 1477 1989 fulminans
1490 1957 1574 2001 cujus
1584 1954 1618 1989 in
1631 1955 1736 2002 prima

347 2012 438 2049 parte,
452 2004 659 2037 meminimus
675 2030 685 2044 ,
704 2002 788 2036 hunc
809 2004 969 2049 impeturn
992 2014 1058 2037 non
1082 2002 1287 2037 mediocriter
1310 2002 1450 2051 adjuvat.

380 2047 437 2084 lua
451 2061 557 2085 autem
573 2052 705 2098 vaporis
725 2053 914 2085 extenuatio
930 2050 976 2084 est
991 2051 1125 2097 quidem
1147 2052 1178 2084 in
1195 2062 1302 2097 parte,
1322 2050 1373 2086 sed
1395 2064 1461 2086 non
1478 2050 1543 2086 sola
1561 2062 1735 2087 ventorum

347 2097 445 2138 causa.
467 2101 555 2134 Nam
574 2098 595 2133 si
609 2098 784 2141 solaeffet,
808 2100 910 2134 aestate
923 2099 1190 2136 vehementiores
1204 2099 1319 2136 flarent
1341 2102 1431 2135 venti
1446 2129 1455 2143 ,
1476 2100 1576 2147 quam
1601 2112 1676 2135 vere
1701 2107 1735 2137 δε

345 2159 532 2185 autumno:
545 2150 611 2183 imo
629 2150 662 2185 in
677 2160 790 2182 omnes
808 2159 913 2195 partes
928 2177 937 2190 ,
955 2153 988 2184 &
1002 2161 1068 2183 non
1082 2152 1252 2185 incertam
1267 2149 1396 2198 plagam
1414 2147 1577 2196 spirarent.
1603 2149 1665 2183 Sed
1692 2150 1733 2184 de

343 2208 437 2231 motu
446 2199 541 2234 venti
551 2198 666 2245 postea.
680 2200 793 2244 Itaque
809 2197 855 2235 his
865 2209 942 2243 quas
953 2197 1118 2233 attulimus
1136 2209 1174 2234 ea
1191 2209 1328 2244 quoque
1338 2198 1477 2246 vulgaris
1489 2197 1614 2231 accedit
1627 2198 1731 2241 causa,

344 2248 564 2294 cujusSeneca
577 2248 723 2285 meminit
741 2274 753 2289 ,
777 2258 853 2280 cum
863 2246 977 2289 docet,
1002 2246 1052 2280 edi
1071 2245 1190 2293 &specu
1213 2257 1323 2280 uentos
1342 2273 1350 2285 ,
1386 2247 1558 2292 receffuque
1583 2249 1733 2280 interiore

342 2304 514 2329 terrarum.
537 2297 625 2333 Hinc
645 2298 737 2332 enim,
752 2294 907 2344 pleraque
922 2306 1071 2331 meteora
1084 2324 1094 2336 ,
1108 2294 1249 2329 seuaeris
1266 2292 1483 2343 impteffiones
1505 2293 1589 2328 suam
1611 2295 1731 2330 ducunt

343 2344 524 2390 originem:
540 2345 626 2383 unde
644 2348 705 2392 qui
719 2346 753 2379 in
766 2343 1027 2392 profundioribus
1047 2343 1195 2379 laborant
1206 2343 1324 2380 fodinis
1340 2371 1351 2388 ,
1378 2356 1416 2380 ex
1435 2342 1568 2378 caeruleo
1590 2343 1729 2379 candelae

338 2391 478 2428 accensae
502 2393 635 2438 colore,
659 2393 834 2442 vaporibus
852 2420 862 2437 ,
884 2398 917 2432 ὃ(
938 2393 1007 2432 aliis
1026 2393 1117 2442 fignis
1138 2391 1259 2430 futuras
1289 2392 1491 2442 tempestates
1526 2392 1728 2442 praesagiunt,
