1878 2724
562 107 630 144 DE
672 106 698 143 P
717 105 745 142 L
762 105 792 144 A
810 106 848 144 N
860 107 893 145 T
908 107 923 142 I
940 107 975 145 S.

28 168 30 173 ’
67 151 133 193 affe
148 152 282 192 affinem
293 152 504 203 hineliquete
516 156 621 205 potest
633 183 644 200 ,
657 156 748 204 quod
758 168 833 192 curn
848 155 948 191 carbo
961 166 1036 191 cum
1055 151 1139 190 sodae
1155 156 1254 204 nigrae
1269 122 1453 206 quadi-uffo}

25 219 29 251 ξ
69 204 213 253 pondere
221 231 234 246 ,
246 202 410 239 crucibulo
421 216 538 253 operto
550 204 682 240 alternis
691 204 859 241 ordinibus
868 234 879 249 ‚
894 205 984 254 quod
998 215 1116 239 vocant
1127 204 1257 240 stratum
1268 204 1358 252 super
1372 207 1454 241 stra-

70 264 153 298 tum,
164 250 328 301 impolitus
350 252 456 288 fuiss'et
471 282 482 298 ,
497 255 572 302 igne
589 252 719 289 fufionis
740 252 889 289 adhibito
901 283 911 297 ,
934 251 1103 288 crucibulo
1121 253 1310 288 idemtidem
1328 254 1450 291 recluso

66 300 133 338 haec
147 303 282 337 materia
298 300 464 338 flammam
482 303 611 338 dederit
625 302 732 337 odoris
747 306 783 339 δε
803 302 919 338 coloris
935 300 1071 337 sulfurei.
1103 302 1184 336 Haec
1199 302 1329 337 mistura
1345 304 1363 339 ὲ
1378 316 1449 338 cru-

19 352 21 354 ’
67 349 175 385 cibulo
200 349 326 385 sublata
339 378 351 394 ,
375 362 450 385 curn
479 349 666 386 induruilset
685 378 696 395 ,
725 350 855 386 contusa
884 351 949 386 fuit
960 377 972 393 ,
1001 354 1037 387 δε
1053 347 1210 386 affufione
1232 362 1322 398 aquae
1336 351 1448 388 calidae

66 397 216 434 lixivium
228 398 352 435 factum
360 428 371 443 ,
383 399 480 434 instar
489 399 614 436 sulfuris
631 410 803 447 argentum
814 410 886 434 atro
899 398 1010 434 colore
1027 397 1141 434 infecit
1152 411 1246 442 3cum
1255 410 1349 434 acero
1359 403 1447 436 mix-

66 457 133 482 tum
146 446 269 483 sulfuris
290 448 417 484 fumum
434 447 736 496 exhalavit3pulvis
753 459 853 494 quem
863 459 992 483 acetum
1009 448 1241 496 praecipitavit,
1265 446 1353 483 filtro
1371 461 1447 497 per.

62 494 187 531 colatus
201 524 212 538 ‚
225 501 259 534 &
275 495 417 532 &salibus
433 508 491 545 per
511 496 716 533 ablutionem
732 495 867 540 solutus,
886 496 1006 531 deinde
1022 494 1193 532 exsiccatus
1205 524 1215 539 ,
1246 500 1280 533 &
1295 498 1363 545 igni
1386 498 1444 531 ad-

62 555 169 580 motus
182 543 348 581 flammam
361 547 524 594 concepit,
536 557 575 582 ac
590 545 676 582 forte
695 543 793 581 sulfur
804 544 883 584 illud
899 547 933 581 in
942 543 1058 581 salibus
1067 571 1080 588 ,
1098 543 1149 580 seu
1159 546 1265 594 potius
1281 546 1314 581 in
1326 544 1444 581 carbo-

57 590 157 629 -nibus
173 594 308 629 delituit.

95 643 219 691 Magna
230 654 364 690 quoque
383 642 431 677 est
445 643 529 678 inter
546 643 730 692 plantarum
744 643 821 679 sales
833 645 980 679 varietas:
991 639 1172 685 Lixiviales‚
1187 652 1224 676 ut
1236 640 1391 686 diximus,
1408 644 1444 679 in

59 701 134 725 aere
146 690 280 726 humido
293 690 493 738 liquescunt,
503 705 571 727 non
588 695 666 728 item
677 693 784 729 salini:
801 692 916 729 lixivia
929 704 972 727 ex
985 690 1103 738 quibus
1120 689 1211 725 salini
1223 689 1440 734 concrescunt,

59 740 144 774 inter
173 739 391 776 exhalandum
417 740 625 789 mucilagines
652 742 842 790 relinquunt
852 769 862 785 ‚
887 754 955 777 non
977 742 1055 775 item
1073 738 1151 773 sales
1179 738 1338 774 lixiviales
1350 768 1360 782 ,
1380 742 1440 788 qui

58 790 157 824 etiam
170 817 181 832 ,
194 800 231 824 ut
249 789 386 824 diximus
397 816 407 832 ,
425 787 633 826 sublimatum
658 792 860 840 praecipitant
874 818 885 833 ,
913 794 948 826 &
963 787 1074 823 colore
1093 786 1172 822 rnali
1191 789 1281 822 aurei
1298 789 1439 837 tingunt,

57 848 126 872 non
147 839 226 872 item
245 836 352 880 salini,
365 839 424 885 qui
441 837 703 886 perspicuitatem
717 838 882 874 sublimati
899 837 1050 872 solutioni
1070 848 1137 872 non
1153 835 1348 872 detrahunt:
1364 836 1439 885 ple-

50 887 149 932 rique
169 885 258 921 salini
281 888 316 921 vi
333 888 416 935 ignis
443 885 604 923 lixiviales
620 886 726 932 fiunt,
740 887 795 922 alii
819 899 888 922 non
908 889 1000 922 item.
1027 886 1108 919 Sunt
1128 885 1185 931 qui
1208 883 1299 919 nullo
1324 884 1437 934 ffipore

54 932 192 969 lixiviali
209 935 331 983 praediti
348 934 553 970 sublimatum
571 939 773 985 praecipitent
788 941 822 972 &
839 933 927 970 flavo
941 934 1051 969 colore
1072 935 1218 981 tingant,
1231 944 1266 968 ut
1279 931 1322 968 sal
1339 933 1436 969 belli.

47 981 101 1016 -dis
113 1010 125 1026 ,
151 983 251 1033 vulgo
266 985 470 1033 marguerite.
495 986 577 1019 Sunt
594 988 652 1033 qui
667 984 765 1021 salem
781 986 938 1019 marinum
955 982 1066 1032 sapore
1087 981 1142 1016 suo
1158 980 1254 1029 plane
1277 981 1433 1026 referunt,

54 1030 110 1065 alii
131 1044 298 1080 perparum
317 1032 461 1081 sapiunt,
481 1044 516 1066 ut
530 1031 573 1068 sal
585 1046 702 1077 erucae,
721 1033 820 1082 vulgo
838 1034 872 1066 la
888 1043 1053 1079 roquette5
1075 1029 1129 1064 alii
1142 1030 1225 1064 acidi
1236 1028 1306 1066 sunt
1319 1043 1376 1074 ‚ut
1389 1030 1435 1068 sai

49 1079 174 1129 planrae
190 1093 262 1127 quae
277 1080 437 1129 Asclepias
454 1081 581 1118 dicitur.

89 1129 167 1176 Jam
185 1128 262 1164 alibi
280 1141 412 1177 quoque
437 1130 597 1165 innuimus
613 1132 646 1165 in
663 1129 724 1165 sale
741 1132 885 1172 marino,
910 1133 998 1178 cujus
1019 1129 1264 1177 comparatione
1285 1126 1340 1162 alii
1353 1127 1431 1163 sales

53 1176 199 1212 dicuntur
209 1177 316 1222 salini,
332 1180 433 1212 varias
446 1177 557 1214 salium
573 1177 634 1214 effe
645 1177 850 1215 differentias-
878 1180 966 1215 Nam
979 1190 1046 1224 quae
1057 1180 1197 1225 primum
1217 1188 1337 1210 coeunt
1357 1189 1431 1225 cry-

53 1224 158 1269 stalli,
186 1226 258 1262 sunt
268 1228 366 1276 magis
382 1226 550 1271 sulfureae3
571 1239 642 1275 quae
660 1226 778 1263 ultimo
795 1225 1019 1268 concrescunt,
1037 1225 1118 1261 nihil
1147 1224 1270 1260 habent
1284 1223 1430 1268 sulfurei,

46 1278 89 1310 1&
101 1286 173 1309 curn
189 1275 313 1321 liquore
337 1278 445 1310 tartari
466 1275 564 1310 facile
579 1288 638 1310 coa
662 1275 801 1312 ulantut.
827 1276 954 1311 Contra
972 1274 1177 1310 observatum
1195 1272 1255 1308 fuit
1269 1275 1302 1307 in
1319 1272 1430 1308 multis

0 1346 4 1360 ι
43 1320 166 1359 salibus
177 1323 392 1367 lixivialibu55
412 1326 517 1359 minus
536 1327 622 1359 enim
647 1325 787 1360 ulfureus
802 1325 862 1368 est,
889 1326 946 1372 qui
959 1325 1097 1372 primum
1114 1335 1204 1370 aqua:
1222 1324 1430 1369 evaporatio-

0 1365 4 1426 ξ
50 1383 92 1406 ne
109 1371 282 1407 concrescit
298 1375 331 1408 in
342 1372 525 1420 crystallos:
541 1374 651 1421 itaque
660 1373 727 1408 salis
738 1372 888 1408 absinthii
898 1375 1007 1422 primae
1022 1378 1055 1409 δε
1070 1371 1213 1406 secundae
1224 1369 1364 1418 crystalli
1376 1373 1428 1406 ni-

0 1431 1 1462 ]
45 1419 97 1454 -hil
127 1420 296 1457 turbarunt
315 1421 521 1458 sublimatum
536 1450 547 1465 ,
568 1420 622 1457 sed
635 1422 751 1458 ultimo
765 1423 914 1458 extractae
928 1422 1037 1457 colore
1053 1420 1140 1458 flavo
1158 1418 1353 1455 solutionem
1365 1421 1427 1455 im.

48 1467 199 1505 buerunt.

91 1519 135 1552 Ex
147 1518 261 1565 quibus
278 1519 312 1553 id
327 1518 464 1555 efficitur
482 1518 594 1554 salines
607 1518 683 1554 sales
705 1532 771 1554 non
789 1521 892 1554 omnis
910 1516 1037 1552 sulfurei
1062 1516 1123 1551 effe
1137 1528 1175 1551 ex
1201 1526 1282 1550 erres
1295 1543 1304 1558 ,
1323 1518 1370 1550 uti
1390 1522 1424 1553 ὃς

43 1565 201 1601 ’ῙὶχὶνίειΙεε
215 1568 498 1615 acerrimis-liquid
519 1567 608 1602 salini
628 1568 925 1603 recondunuadeo
945 1577 981 1600 ut
1001 1566 1066 1600 haec
1094 1565 1157 1599 duo
1181 1575 1228 1598 int
1244 1563 1361 1598 summa
1382 1563 1424 1599 sa-

44 1614 128 1650 lium
144 1627 261 1663 genera
286 1615 325 1650 (ic
344 1619 427 1650 inter
449 1616 478 1650 se
494 1614 635 1664 opposita
647 1628 701 1660 ,ut
712 1628 811 1651 unum
826 1629 894 1650 non
906 1613 941 1650 fit
963 1617 1085 1662 penitus
1097 1624 1208 1659 expers
1227 1612 1369 1648 alterius.

83 1665 134 1697 Sic
145 1677 210 1698 non
224 1664 407 1700 abhorret&
422 1664 582 1700 verisimili
597 1663 779 1712 spirituosos
792 1664 931 1711 liquores
952 1675 990 1697 ex
1011 1664 1099 1708 aquis
1113 1659 1250 1708 insipidis
1267 1665 1301 1698 &
1317 1661 1426 1708 aliqua

47 1711 118 1746 salis
139 1715 289 1760 portione
302 1714 453 1749 constare.
473 1716 561 1750 Nam
577 1714 665 1748 idem
679 1713 795 1761 plnntae
817 1713 941 1760 pondus
961 1713 993 1745 in
1016 1722 1130 1757 aperto
1155 1708 1228 1743 loco
1249 1708 1422 1746 combustae

48 1759 171 1808 semper
185 1761 255 1809 plus
272 1761 339 1796 salis
350 1761 502 1810 praebuir,
515 1774 613 1809 quam
625 1763 722 1797 carbo
733 1759 867 1810 ejusdem
878 1760 990 1808 plantae
999 1759 1070 1807 post
1084 1757 1322 1800 distillationes,
1332 1759 1422 1805 quod

47 1809 196 1844 nonnihil
212 1809 280 1845 salis
292 1812 326 1847 in
339 1811 478 1858 liquores
492 1810 670 1859 spirituosos
683 1809 812 1845 abierit.
837 1811 930 1856 Q'm
943 1811 1042 1843 etiarn
1054 1810 1087 1842 in
1100 1805 1277 1854 liquoribus
1291 1806 1421 1843 urinofis

46 1856 89 1894 sal
105 1858 245 1893 volatilis
256 1859 336 1894 inest
349 1888 358 1903 ,
373 1865 405 1896 &
424 1860 582 1895 interdum
596 1861 628 1895 in
644 1858 810 1908 crystallos
821 1857 1003 1893 concrescit.

75 1908 178 1941 Mitto
191 1907 267 1942 alias
279 1907 522 1944 observationes
536 1921 607 1956 quae
620 1910 704 1943 circa
720 1906 872 1955 analyfim
888 1906 1068 1955 plantarum
1086 1904 1182 1941 Ἐλᾶκ
1198 1905 1266 1941 sunt
1276 1933 1283 1944 ‚
1303 1903 1365 1940 five
1386 1915 1420 1940 ut

43 1954 217 1989 substantia
226 1955 394 2003 peculiaris
411 1957 705 2000 extraheretur-,sive
716 1967 753 1991 ut
766 1955 875 2003 planta.
887 1957 991 1991 omnis
1003 1957 1037 1989 in
1050 1953 1113 1988 suas
1122 1966 1228 2003 partes
1244 1953 1420 1988 resolvere-

46 2013 104 2037 tur.
140 2004 194 2038 Sic
213 2002 379 2051 gelsimino
404 2004 518 2045 Ibero,
533 2004 633 2052 vulgo
655 2006 776 2049 jasmm
801 2004 982 2052 d'Espagm
1002 2031 1012 2047 ,
1033 2001 1196 2038 alembico
1217 2005 1324 2037 vitreo
1339 2004 1420 2037 citra

44 2053 157 2099 ignem
170 2079 180 2094 ‚
199 2056 286 2100 cujus
297 2053 484 2100 capitellum
497 2053 598 2101 glacie
613 2052 715 2088 fradra
723 2051 901 2088 obductum
913 2057 997 2095 erat,
1011 2050 1177 2099 impolito,
1199 2063 1236 2086 ex
1261 2064 1299 2097 ¹4
1318 2052 1418 2085 unciis

46 2101 114 2134 duae
131 2100 290 2134 drachmae
299 2102 399 2147 aqum
411 2102 551 2149 limpidae
563 2106 595 2141 ὃς
606 2099 778 2136 suaviffime
787 2100 905 2136 olentis
914 2102 1109 2149 prodierunt·
1129 2101 1272 2147 Eamque
1286 2097 1347 2133 effe
1357 2098 1418 2134 sul-

45 2147 171 2183 fuream
182 2149 256 2183 hinc
269 2151 374 2197 patuit
387 2179 395 2191 ‚
411 2150 502 2197 quod
516 2149 717 2185 sublimatum
731 2149 840 2185 husten
853 2149 963 2185 colore
979 2147 1145 2185 imbuerit.

77 2199 204 2232 Omnes
219 2210 352 2245 quoque
368 2198 508 2246 liquores
519 2197 610 2233 simul
622 2201 640 2234 ὲ
651 2198 758 2247 planta
774 2198 880 2233 eduen
889 2200 958 2234 sunt
969 2227 977 2241 ‚
993 2209 1058 2232 tum
1070 2209 1127 2243 per
1142 2199 1270 2230 iteratas
1287 2193 1416 2228 distilla-

47 2246 158 2280 tiones?
165 2245 308 2294 separati.
317 2250 439 2282 Verum
453 2249 485 2283 hi
497 2259 610 2281 omnes
623 2249 706 2295 ignis
716 2246 884 2294 vestigium
899 2246 1080 2296 impressum
1092 2243 1273 2280 retinebant
1287 2254 1416 2288 3parum

46 2294 130 2327 acidi
146 2306 184 2328 ea
200 2297 321 2330 ratione
333 2295 473 2340 elicitur,
489 2296 575 2343 quod
588 2295 607 2330 ἔ).
627 2295 769 2331 ἑῖιΙῈιιεείς
787 2296 998 2345 opprimatur.
1022 2296 1133 2344 Qare
1145 2294 1179 2327 in
1196 2292 1305 2339 prime.
1317 2288 1416 2324 tesol-

46 2343 146 2378 vendi
159 2345 284 2383 ratione
295 2344 561 2392 acquiescendum
573 2344 709 2381 videtur.

1098 2392 1195 2427 Ooo
1218 2390 1253 2438 iij
