1878 2724
429 173 500 213 DE
536 176 704 213 MOTU
742 171 1008 212 SIDERUM.
1092 180 1095 181 ’
1386 186 1429 219 3¹3

58 226 146 276 hujus
160 233 263 262 motus
273 224 381 260 orbita
393 253 403 269 ‚
419 224 473 261 vel
482 225 614 260 circulus
624 224 666 260 ab
682 223 828 272 ecliptica
848 222 990 257 declinat
1003 234 1015 266 3
1027 221 1116 270 grad.
1133 232 1205 254 cum
1220 218 1339 257 semiffe
1357 234 1364 257 ε
1384 220 1432 256 se-

9 281 10 294 ³
58 277 173 312 &ionis
190 275 274 309 linea
290 273 365 310 hinc
381 276 414 309 in
436 288 471 320 14
495 276 709 310 Geminorum
726 301 735 316 ,
752 273 827 308 inde
852 273 933 318 in14
943 271 1109 319 Sagittarii
1136 270 1301 316 dirigitur,
1329 282 1431 317 eaque

8 344 9 360 l
57 322 161 360 versus
175 324 336 357 orient(m
353 321 392 357 fic
409 323 531 357 incedit
541 333 575 356 ut
591 328 635 365 76
655 324 745 356 annis
755 333 853 355 unum
870 320 1004 368 gradum
1024 318 1181 353 decurrat.

8 399 9 402 η
97 380 149 418 4⁰.
158 372 244 407 Cum
253 373 365 406 Venus
377 370 506 418 vespere
522 371 642 406 eradiis
657 369 811 404 solaribus
827 370 964 416 emergit
976 395 985 410 ‚
1001 372 1033 405 &
1048 366 1151 402 versus
1161 369 1322 402 orientem
1333 366 1433 402 defle-

7 433 10 456 τ
56 421 114 456 &it
129 447 138 462 ‚
164 431 232 455 turn
245 418 418 468 telescopio
430 420 567 454 rotunda
579 418 648 453 fere
661 417 852 465 conspicitur
863 445 872 459 ‚
897 421 930 453 &
940 415 1033 451 exilis
1046 416 1225 451 admodum
1240 431 1248 452 z
1265 428 1333 451 tum
1344 419 1432 452 enim

35 503 38 505 Α
55 468 310 517 hemisphaerium
321 467 414 502 xasole
426 467 638 502 collustratum
651 469 828 507 intuemur,
852 465 1025 512 utquando
1040 464 1085 498 est
1095 477 1196 512 prope
1213 467 1243 498 G
1256 492 1266 506 ,
1287 464 1384 500 nobis
1399 467 1431 501 in

0 545 1 550 ,
54 519 82 554 L
95 519 284 552 constitutis.
296 519 383 551 Tum
399 515 550 551 senfimin
562 518 724 550 orientem
733 514 936 562 progreditur
953 541 962 555 ,
989 518 1022 550 δε
1042 512 1092 551 lux
1112 518 1178 561 ejus
1195 513 1353 561 paulatim
1371 515 1434 548 im..

0 579 8 606 ,ζ
54 568 209 602 minuitur
222 593 231 609 ,
247 566 351 601 donec
370 565 409 599 ad
424 567 597 599 maximam
612 563 631 599 Ξι
643 562 708 598 sole
727 561 953 609 digressionem
965 562 1132 609 perveniat
1157 564 1189 596 in
1211 565 1249 597 M
1261 590 1270 604 ,
1294 572 1430 608 tumque

5 612 7 645 ἐ
53 626 90 649 ut
106 613 178 649 luna
195 616 225 649 in
235 614 432 661 quadraturis
444 612 563 647 bisecta
575 623 707 660 apparet
720 629 728 655 3
740 602 778 645 ad
792 610 890 645 solem
901 610 1017 644 deinde
1027 611 1151 645 accedit
1173 616 1206 647 &
1221 609 1352 645 subinde
1365 623 1432 644 ma..

53 665 101 711 gis
113 662 417 705 linuatussdonecvad
435 663 587 709 punctum
603 663 623 695 S
638 663 891 709 perveniat,tum
904 659 998 692 radiis
1018 658 1171 694 solaribus
1187 658 1273 704 quafi
1289 657 1433 693 immersa

54 710 110 746 sub
123 710 272 746 obtutum
292 723 358 746 non
379 712 470 744 venit
490 715 522 746 &
540 721 602 757 que
619 707 875 756 hemisphaerium
886 705 1162 743 obscurum-nobis
1176 707 1338 743 obvertit:
1359 720 1432 742 cum

54 772 92 795 ex
107 760 201 793 radiis
215 757 365 793 solaribus
385 760 543 806 emergit,
563 770 631 793 tum
643 770 754 792 aurora
772 756 972 791 illucescente
988 755 1031 789 sui
1049 757 1175 802 copiam
1197 756 1295 798 facit,
1318 755 1370 790 sed
1389 758 1435 791 in-

55 809 116 843 star
128 807 241 843 silentis
253 807 333 842 lunae
351 806 468 841 falcata
480 836 491 850 ,
513 808 588 842 dum
598 805 750 854 paulatim
761 806 831 841 luce
841 804 974 852 impleta
987 807 1019 839 in
1028 806 1165 839 maxima
1183 803 1277 840 a-sole
1287 805 1434 841 distantia

53 858 200 905 prope-H
211 855 363 892 bifariam
375 854 506 900 secatur,
515 867 551 890 ut
567 856 642 890 luna
656 867 757 904 prope
771 855 990 902 quadraturas.
1004 879 1008 882 -

88 913 132 952 5⁰·
143 907 230 953 Saepe
243 908 353 940 Venus
370 905 410 939 de
424 905 477 938 die
489 906 645 947 cernitur,
673 909 705 940 δι
721 916 780 953 per
789 902 1001 951 -relescopium
1030 904 1127 937 etiam
1154 905 1188 938 in
1208 915 1344 951 utraque
1359 914 1432 937 cum

52 953 118 989 sole
133 955 364 1002 conjunctione
383 953 584 1001 conspicitur.
598 952 706 988 Semel
717 952 759 986 ab
773 953 923 986 Horoxio
941 954 972 985 in
988 951 1106 999 Anglia
1125 963 1211 986 anno
1232 955 1298 998 1639
1315 953 1367 986 die
1386 964 1431 997 24

52 1001 247 1039 Decembris
273 1002 336 1038 visa
350 1002 396 1036 est
411 1000 518 1051 figurae
537 1002 680 1037 rotundae
697 1007 729 1038 ὃ(
744 998 882 1035 obscurae
895 1017 905 1044 ·‚
918 1000 1011 1036 -illius
1029 1001 1189 1035 diameter
1202 1013 1272 1036 erat
1286 999 1434 1048 vigesima

53 1051 139 1086 sexta
150 1063 220 1099 pars
231 1050 499 1086 diametrisolaris
514 1064 523 1086 :
543 1062 612 1086 tum
629 1049 709 1085 vero
725 1053 834 1086 Venus
848 1060 917 1083 etat
934 1046 1025 1083 terrae
1043 1052 1207 1097 proxima,
1228 1062 1264 1084 ac
1285 1050 1435 1084 distantia

54 1099 138 1135 illius
151 1102 170 1135 ὲι
183 1111 266 1134 terra
278 1100 319 1134 ad
332 1100 512 1134 distantiam
529 1098 549 1134 ἐι
568 1098 631 1133 sole
644 1109 831 1146 comparata
848 1110 919 1131 earn
934 1096 1078 1132 habebat
1098 1100 1258 1132 rationem
1271 1126 1281 1141 ‚
1303 1111 1374 1145 quae
1390 1096 1434 1131 est

54 1150 214 1192 inter-263
238 1153 272 1184 &
295 1161 363 1184 100.
392 1149 481 1183 Hinc
496 1147 677 1195 colligimus
697 1148 888 1181 diametrum
902 1147 1036 1180 Veneris
1054 1157 1089 1179 ur
1108 1145 1313 1181 centefimam
1327 1146 1433 1181 solaris

54 1197 204 1232 diametri
217 1197 316 1233 visum
327 1199 366 1232 iri
380 1224 390 1239 ,
412 1194 551 1230 srVenus
563 1197 595 1230 in
605 1195 719 1242 aequali
731 1207 802 1229 cum
815 1192 879 1228 sole
895 1193 914 1230 a
927 1192 1022 1229 nobis
1042 1194 1191 1229 distantia
1210 1194 1315 1229 fuiffet
1330 1195 1435 1230 :adeo

55 1257 92 1280 ut
108 1244 143 1280 fit
154 1245 231 1280 >fere
248 1245 377 1294 aequalis
392 1243 514 1279 telluris
526 1243 637 1292 globo.
657 1245 753 1279 Anno
769 1245 832 1279 1681
853 1243 908 1277 Sol
927 1247 960 1278 δι
972 1246 1081 1277 Venus
1107 1244 1139 1276 in
1152 1243 1269 1277 eodem
1280 1242 1433 1291 parallelo
1453 1260 1456 1263 ·

54 1293 109 1328 vifi
119 1293 188 1330 fimt
201 1323 211 1338 ‚
235 1294 322 1340 quod
342 1305 470 1341 perraro
483 1293 620 1336 accidit3
638 1303 771 1339 tumque
783 1295 824 1327 D.
838 1290 958 1326 Caffini
980 1295 1013 1327 ὃ(
1030 1292 1073 1326 D.
1084 1292 1193 1325 Picard
1204 1294 1367 1326 Venerem
1379 1303 1434 1325 ac-

0 1339 1 1375 }
53 1355 162 1378 curate
175 1355 231 1391 per
243 1339 483 1378 hebdomadam
503 1343 667 1389 integram
677 1339 887 1375 observarunt
902 1369 911 1383 ,
931 1344 964 1375 δε
984 1338 1168 1387 separatim,
1189 1351 1224 1374 ut
1246 1339 1435 1387 parallaxim

54 1393 190 1426 Veneris
200 1397 231 1428 δι
242 1391 324 1426 illius
333 1390 354 1426 ‘a
367 1401 447 1424 terra
459 1390 637 1426 distantiam
647 1388 806 1424 haberent
816 1388 1014 1436 exploratam
1027 1404 1036 1431 3
1049 1399 1120 1423 cum
1133 1392 1245 1424 Venus
1263 1390 1295 1424 in
1307 1401 1344 1423 ea
1358 1387 1435 1423 effet

54 1438 98 1474 sui
108 1439 197 1475 orbis
206 1451 316 1488 parte,
329 1451 399 1486 quae
414 1438 509 1474 nobis
527 1439 571 1472 est
588 1440 719 1486 propior
743 1436 864 1472 duabus
881 1438 981 1472 tertiis
1011 1435 1153 1484 partibus
1175 1437 1326 1472 distantiae
1342 1436 1434 1479 solis,

55 1487 128 1523 satis
148 1500 296 1523 accurate
313 1487 373 1522 hac
387 1485 642 1522 ratione-haberi
664 1487 771 1535 potuit
787 1484 859 1520 solis
875 1486 894 1521 ὲ
919 1496 1002 1520 terra
1027 1485 1175 1520 distantia
1189 1498 1248 1521 220
1256 1497 1303 1522 oo
1325 1485 1433 1521 semid.

55 1547 144 1572 terrae
161 1566 170 1580 ,
188 1537 252 1572 hoc
260 1537 303 1572 est
314 1537 482 1583 36000000
492 1534 664 1578 leucarum,
677 1547 712 1570 ut
722 1539 788 1582 jam
800 1535 874 1570 ante
884 1534 905 1570 ἐι
918 1537 966 1569 D·
984 1532 1115 1570 Caffino
1127 1532 1260 1569 definita
1279 1534 1395 1572 fuerat.

92 1588 137 1618 60.
151 1589 262 1621 Venus
280 1585 387 1621 multis
403 1584 532 1620 maculis
543 1583 595 1617 sed
605 1584 687 1618 adeo
697 1581 835 1617 obscuris
852 1587 886 1619 &
901 1581 1037 1618 confufis
1055 1581 1228 1630 aspergitur
1239 1611 1248 1626 ,
1271 1594 1306 1617 ut
1325 1596 1434 1619 earum

55 1634 176 1670 limites
191 1636 246 1669 vix
258 1634 407 1681 distingui
422 1643 551 1679 queant.
569 1633 664 1666 Anno
679 1634 754 1671 1667
773 1629 828 1665 sub
848 1633 969 1666 exitum
985 1629 1097 1665 mensis
1113 1630 1232 1678 Aprilis
1258 1643 1328 1677 pars
1346 1644 1434 1678 quaeu

55 1683 130 1716 dam
140 1684 173 1717 in
184 1686 312 1717 Venere
326 1681 433 1716 multo
446 1680 579 1715 lucidior
595 1679 718 1727 reliqua
730 1678 894 1727 superficie
915 1679 936 1714 ὲ
953 1681 998 1715 D.
1012 1677 1144 1715 Caffino
1157 1677 1222 1713 visa
1233 1680 1277 1714 est
1301 1695 1310 1721 ς
1329 1685 1434 1728 eaque

56 1730 77 1766 ὲ
87 1743 185 1766 cornu
202 1731 337 1766 Australi
347 1731 483 1766 Veneris
495 1741 585 1764 motu
601 1726 670 1763 satis
688 1728 857 1763 manifesto
868 1728 1018 1763 recedere
1030 1726 1218 1770 videbatur·‚
1231 1727 1368 1762 crastino
1381 1730 1435 1763 die

56 1779 172 1813 eadem
194 1779 273 1814 hora
289 1791 372 1827 pene
394 1780 426 1813 in
438 1778 565 1812 ‘eodem
585 1777 657 1812 loco
671 1775 840 1824 conspecta
857 1777 939 1815 fuit,
957 1781 990 1812 &
1008 1777 1124 1811 eodem
1136 1788 1227 1811 motu
1250 1776 1412 1812 ferebatur
1427 1793 1435 1814 :

56 1837 164 1862 utrum
183 1839 218 1861 ea
231 1827 329 1862 fuerit
342 1829 465 1875 integra
480 1825 613 1874 planetae
630 1825 814 1868 circulatio,
830 1837 883 1860 aut
901 1825 1031 1860 libratio
1048 1836 1173 1860 tantum
1184 1854 1194 1869 ‚
1214 1824 1347 1860 definire
1366 1839 1436 1862 non

57 1875 161 1912 audet.
175 1878 294 1923 Neque
311 1889 352 1911 ex
367 1888 406 1911 eo
421 1887 569 1922 tempore
581 1887 617 1909 ea
632 1874 757 1909 macula
769 1902 778 1916 ‚
795 1885 848 1908 aut
862 1887 931 1923 pars
954 1873 1086 1909 lucidior
1101 1872 1142 1908 ab
1155 1885 1195 1908 eo
1223 1873 1360 1922 conspici
1374 1887 1434 1920 po.

59 1924 184 1960 tuit.1d
200 1935 310 1960 tamen
320 1937 398 1959 vero
417 1926 596 1972 proximum
609 1923 799 1957 crediderim
811 1926 976 1958 Venerem
992 1933 1027 1958 ut
1038 1921 1176 1970 reliquos
1188 1921 1332 1971 planetas
1352 1925 1435 1958 circa
1453 1942 1458 1951 ι

58 1969 149 2006 suum·
160 1982 305 2008 centrum
317 1976 461 2018 moveri,
481 1977 515 2009 &
526 1971 731 2020 forte-spatio
749 1986 798 2017 24
816 1971 976 2010 horarum.

536 2068 745 2106 CAPUT
795 2070 899 2108 VII,

646 2166 859 2205 DeMarte‚.

56 2262 117 2349 II
133 2264 454 2314 planetae‘superiores
466 2266 612 2301 dicuntur
623 2293 633 2309 ‚
650 2264 848 2314 quilongius
861 2264 881 2301 ὲ
897 2265 961 2301 sole
972 2265 1072 2313 quam
1087 2274 1168 2300 terra
1178 2261 1242 2311 ipsa
1262 2272 1436 2298 removeri·
1465 2280 1468 2283 v

104 2325 156 2349 tut.
171 2318 223 2351 De
235 2313 359 2362 singulis
374 2328 412 2350 ex
424 2315 530 2351 illustri
543 2313 672 2350 Caffino
682 2342 692 2357 ,
710 2316 810 2362 magis
823 2326 933 2349 tamen
953 2325 988 2348 ut
997 2312 1119 2362 Phyfici
1129 2339 1139 2354 ‚
1156 2311 1257 2358 quam
1272 2322 1307 2345 ut
1323 2312 1435 2346 Astro-

63 2366 153 2399 nomi
171 2363 351 2399 disseremus
363 2392 373 2407 ‚
387 2376 423 2399 ut
436 2364 619 2412 quaesnostra
631 2363 689 2397 hac
698 2373 791 2397 aetate
814 2362 978 2410 telescopii
992 2374 1056 2409 ope
1070 2366 1103 2397 δε
1119 2362 1213 2394 variis
1234 2358 1435 2397 observatio-

64 2409 158 2447 nibus
166 2411 236 2448 sunt
249 2412 443 2459 deprehensa
457 2442 470 2460 ,
483 2425 597 2462 magna
606 2411 718 2449 saltem
726 2423 762 2448 ex
773 2422 864 2459 parte
877 2410 1027 2458 omnihus
1041 2409 1174 2447 eruditis
1186 2419 1405 2494 {ponanturf-

226 2462 315 2497 Tom.
325 2464 346 2496 Ι
355 2463 382 2498 I.
1238 2469 1253 2492 r
