1878 2724
75 202 127 242 vis
145 203 210 255 ipsa
221 202 370 241 autnisus
391 202 510 240 fortior
520 200 706 239 intentiores
715 214 816 239 tonos
833 213 991 253 procreat.
1011 203 1050 239 In
1066 202 1105 237 iis
1118 214 1187 239 non
1208 204 1377 253 particulae
1399 165 1484 242 mxc?-¹

77 255 143 298 do,
154 266 190 290 ut
206 256 240 290 in
256 254 347 290 tibiis
362 283 372 298 ,
394 254 446 290 sed
461 263 568 304 partes
586 254 686 288 etiam
701 254 736 289 vi
754 251 881 302 spiritus
894 265 969 289 cum
978 254 1104 302 impetu
1114 252 1258 301 impulssae
1267 258 1472 302 quatiuntur5

77 314 186 353 partes
201 302 400 353 potissimum
409 302 495 339 tubae
508 304 680 343 interiores
688 327 697 340 ,
711 313 791 350 quas
808 301 933 352 spiritus
943 301 1021 338 ferit
1035 303 1110 351 ,sagi
1116 313 1224 337 tantur
1234 317 1242 338 :
1252 313 1326 339 curn
1335 306 1369 340 in
1378 316 1470 340 cam.

78 365 161 402 pana
170 365 277 402 partes
292 365 406 389 omnes
418 364 570 389 tremant.
582 354 670 389 Hinc
683 352 771 387 idem
788 353 834 388 est
850 351 936 388 tubae
956 350 1090 400 clangor
1104 353 1205 387 etiam
1223 350 1243 386 fi
1255 361 1311 388 aut
1324 352 1473 389 funiculo

76 402 277 447 involvatur,
290 414 344 438 aut
358 415 455 438 manu
466 403 705 445 contre&etur;
719 399 804 438 secus
822 403 857 439 in
876 411 1032 450 campana
1046 428 1057 444 ,
1075 411 1132 436 aut
1156 402 1191 437 in
1215 401 1343 437 citharae
1364 414 1471 439 nervo

74 454 268 501 experimur.

122 504 237 549 Itaque
251 513 413 551 campanae
421 511 476 537 aut
487 500 651 537 testudinis
662 498 740 536 fides
752 510 821 536 turn
829 499 999 544 resonant,
1016 511 1088 535 cum
1099 509 1204 548 partes
1217 510 1330 537 omnes
1343 502 1469 551 agitan-

76 560 129 585 tur
141 577 151 593 ‚
164 553 242 587 &in
254 552 293 586 iis
310 553 397 587 idem
409 562 503 586 tonus
516 549 700 598 perseverat
710 578 720 594 ,
744 547 866 585 etiamsi
879 548 1050 597 inaequalis
1062 547 1099 583 fit
1115 549 1272 597 percussio
1286 564 1294 586 τ
1315 563 1390 586 nam
1412 563 1469 586 εει.

73 599 153 634 dem
169 599 214 634 est
227 599 331 636 moles
342 601 484 648 corporis
496 628 505 644 ,
521 603 555 639 δε
574 599 700 634 eaedem
711 609 847 634 manent
859 597 1088 633 undulationes
1108 624 1118 641 ,
1134 609 1169 632 ut
1187 600 1220 634 in
1235 600 1384 647 pendulis
1404 608 1468 635 eaea

75 648 152 683 dem
168 647 239 683 sunt
249 648 449 684 vibrationes
462 649 657 697 longitudini
669 648 923 683 accommodatae
934 673 945 690 ,
954 649 1163 695 quantumvis
1174 659 1338 683 mutentur
1346 661 1467 697 appen.

73 696 106 731 sa
115 697 269 746 pondera.
293 699 355 733 Sed
373 701 407 734 in
422 697 500 733 tuba
518 709 623 746 partes
635 695 811 746 superficiei
823 698 987 745 proximas
1006 697 1059 730 a'c'r
1070 695 1241 733 verberat:
1257 697 1343 734 unde
1367 710 1467 746 penes

76 748 201 781 vatiam
229 746 353 795 spiritus
377 745 478 784 emim
510 745 750 796 impressionem
772 748 868 782 variae
897 744 973 781 sunt-
989 756 1122 793 quoque
1160 748 1300 794 partium
1329 747 1392 782 und
1399 746 1467 782 ula-

75 805 196 832 tiones.

112 845 188 879 Hoc
204 844 336 892 quidem
349 843 472 881 habent
490 844 576 881 tibiae
597 856 669 880 cum
683 847 791 880 nervis
805 843 898 880 tenfis
922 855 1117 887 commune,
1137 844 1228 891 quod
1247 844 1408 893 longiores
1432 851 1466 883 &

73 891 204 928 latiores
217 892 397 941 pleniorem
416 905 526 929 tonum
538 900 572 932 &
581 892 790 929 remissiorem
804 891 967 928 efficimt:
983 894 1101 940 apertis
1113 891 1326 928 foraminibus
1338 896 1370 929 in
1382 893 1472 929 tibiis

73 939 169 976 sonus
183 941 228 975 est
243 942 416 977 intentior:
434 941 474 977 fic
491 945 580 978 enim
596 941 683 977 tibiae
693 939 780 989 quasi
795 941 1090 985 contrahuntur3'‘ut
1098 939 1228 976 occlufis
1238 942 1464 991 producuntur.

73 992 165 1027 Nam
173 1001 208 1026 ut
217 990 299 1039 saepe
317 992 439 1027 dictum
462 992 674 1036 espintenuor
693 997 727 1028 &
743 994 867 1026 acutior
888 990 932 1025 est
947 988 1138 1033 sonus‚cum
1157 992 1191 1026 in
1208 991 1342 1040 angusto
1366 990 1470 1040 spatio

75 1038 180 1088 plures
194 1040 360 1088 particulae
374 1043 405 1075 vi
415 1040 620 1089 percussionis
637 1042 801 1088 agitantur
815 1050 976 1086 mumque
995 1038 1119 1087 longius
1134 1038 1271 1087 spatium
1287 1052 1341 1074 aer
1352 1040 1467 1075 decur-

73 1090 135 1133 rit,
154 1099 223 1124 tum
241 1089 377 1124 multum
389 1089 430 1123 de
446 1089 665 1137 illiusimpetu
676 1089 889 1124 decedit.Sed
910 1091 943 1123 in
955 1086 1034 1122 tibia
1043 1090 1207 1123 contra&
1220 1100 1276 1123 aut
1292 1087 1467 1124 foramini-

75 1135 134 1172 bus
145 1137 268 1185 pertusa
279 1137 410 1173 liberius
420 1149 473 1172 aer
483 1150 570 1174 meat
586 1166 595 1181 ‚
613 1142 646 1175 δε
659 1140 726 1173 vim
736 1137 824 1173 suam
833 1140 888 1173 vix
901 1138 1108 1172 imminutam
1119 1147 1237 1181 tuetur3
1249 1138 1348 1185 idque
1361 1141 1466 1174 maxi-

73 1188 175 1222 mein
192 1186 315 1222 summa
330 1198 421 1235 parte
438 1185 663 1223 fistulae.Unde
677 1186 958 1236 tubipneumatici
973 1188 1084 1235 organi
1098 1187 1131 1219 in
1145 1197 1292 1220 extrema
1311 1185 1355 1221 sui
1376 1199 1467 1235 parte

73 1233 190 1270 occlusi
203 1234 317 1271 sonum
326 1235 427 1285 duplo
441 1234 651 1272 remiffiorem
663 1236 765 1271 edunt
773 1265 782 1279 ,
793 1248 890 1283 quarn
904 1233 1022 1269 reclusi.
1045 1234 1137 1269 Idem
1149 1235 1245 1283 plane
1255 1235 1295 1269 de
1310 1234 1397 1270 tibiis
1409 1247 1466 1271 oc-

73 1283 162 1319 clufis
176 1284 359 1330 dicendum,
368 1297 437 1332 qua:
447 1285 588 1320 eundem
598 1283 710 1320 sonum
720 1286 821 1320 edunt
832 1314 842 1329 ‚
858 1296 896 1319 ac
912 1282 934 1319 si
956 1282 1054 1318 essent
1064 1282 1169 1318 altero
1184 1296 1278 1319 tanto
1301 1284 1466 1334 longiores

73 1332 253 1369 &oeclusae-
271 1334 442 1383 Qidquid
459 1336 545 1369 enim
562 1336 684 1369 exitum
694 1336 775 1368 aeris
785 1334 934 1383 impedit,
949 1334 1017 1367 vim
1032 1331 1117 1367 illius
1131 1361 1141 1375 ,
1154 1344 1208 1369 aut
1224 1344 1331 1369 motus
1350 1334 1465 1369 celeri-

74 1391 178 1418 tatem
188 1382 305 1418 eadem
316 1385 528 1432 proportione
538 1383 704 1432 infringit:
717 1396 792 1420 nam
802 1395 859 1433 per
872 1383 999 1431 longius
1010 1380 1144 1431 spatium
1155 1395 1209 1418 aet·
1222 1382 1382 1419 volutatus
1392 1395 1468 1433 para

75 1431 188 1466 ticulas
204 1435 345 1482 corporis
362 1432 542 1481 languidius
558 1433 641 1467 ferit.

113 1482 153 1516 In
168 1480 257 1516 tibiis
271 1484 317 1516 ita
341 1481 413 1517 sunt
435 1480 582 1530 disposita
597 1481 758 1517 foramina
771 1493 808 1516 ut
821 1483 906 1516 inter
934 1481 1094 1531 superiora
1112 1485 1147 1518 δε
1171 1480 1298 1516 orificio
1316 1484 1464 1530 proxima

72 1541 175 1565 unum
187 1531 341 1578 quodque
350 1530 554 1567 intervallum
563 1533 654 1566 unius
666 1533 736 1566 toni
747 1533 938 1566 varietatem
949 1532 1090 1567 inducat:
1101 1543 1174 1565 cum
1186 1533 1293 1565 minor
1303 1530 1339 1566 sit
1352 1533 1384 1567 in
1394 1531 1466 1566 ah'is

75 1578 290 1614 foraminibus
301 1578 463 1616 diversitas
475 1591 590 1627 :atque
601 1591 636 1614 ut
650 1580 760 1629 digitis
782 1592 880 1615 unum
894 1592 949 1615 aut
961 1580 1051 1629 plura
1069 1579 1278 1614 occluduntur
1289 1580 1464 1623 foramina,

71 1625 239 1674 superiore
253 1641 366 1677 aperto
387 1629 496 1665 multis
507 1630 609 1665 modis
619 1631 689 1664 toni
707 1632 886 1665 variantur:
904 1628 993 1664 tibiae
1012 1641 1093 1663 vero
1103 1640 1219 1663 cavum
1235 1628 1343 1664 sensim
1356 1631 1467 1664 immi..

76 1678 182 1711 nuitur
193 1688 245 1721 ‚ut
262 1679 371 1725 aliqua
383 1681 514 1713 exeunti
529 1681 594 1713 aeri
606 1691 698 1714 mora
715 1691 753 1712 ea
764 1680 889 1713 ratione
906 1678 1088 1726 objiciatur.
1107 1678 1195 1714 Cum
1214 1677 1307 1713 sonus
1330 1679 1375 1712 est
1393 1691 1464 1712 me..

75 1724 195 1759 diocris
205 1754 215 1769 ,
228 1738 334 1773 partes
345 1726 431 1761 tibiae
445 1741 512 1763 non
523 1729 681 1775 agitantur
695 1726 763 1763 :sed
776 1726 831 1761 ubi
842 1740 962 1775 magno
974 1726 1040 1762 nisu
1051 1726 1286 1775 impletur‚tum
1300 1729 1395 1762 aucta
1405 1726 1465 1775 spi-

75 1774 154 1807 ritus
169 1774 371 1822 impreffione
386 1787 491 1822 partes
511 1777 679 1810 interiores
692 1787 865 1810 commotae
879 1778 1030 1811 oaav‘am
1044 1805 1053 1819 ‚
1067 1774 1119 1810 seu
1138 1775 1239 1823 duplo
1259 1774 1464 1810 intensiorem

75 1831 185 1857 tonuit
206 1823 304 1858 edunt
315 1854 324 1866 ‚
344 1827 379 1858 In
400 1823 486 1858 tibiis
500 1829 533 1861 &
549 1824 618 1858 aliis
637 1826 776 1872 organis,
792 1837 863 1871 quae
876 1827 962 1860 tenui
975 1824 1094 1873 lingula
1110 1824 1315 1867 instruuntur,
1330 1823 1397 1859 tubi
1410 1837 1463 1858 ca-

75 1872 156 1904 vitas
173 1871 394 1918 esi-,angustion
418 1872 489 1909 Ubi
500 1873 668 1908 mutandus
688 1873 734 1907 est
746 1885 839 1908 tonus
850 1902 859 1916 ,
870 1873 966 1922 longe
982 1873 1072 1922 plura
1089 1873 1250 1908 foramina
1261 1873 1390 1908 occludi
1409 1884 1464 1907 ne-

72 1918 154 1954 cesse
166 1921 213 1955 est
227 1915 387 1970 superiore
398 1934 515 1970 aperto¹
524 1937 532 1958 :
541 1935 616 1958 nam
634 1922 724 1957 sonus
734 1921 934 1971 percuffione
945 1924 1082 1958 duorum
1091 1934 1265 1970 corporum
1278 1920 1465 1966 solidorum,

74 1978 114 2002 ex
132 1968 252 2015 quibus
269 1970 389 2018 lingula
407 1970 557 2006 coalescit
573 1999 583 2013 ,
600 1971 699 2019 longe
723 1972 952 2007 vehementior
973 1972 1015 2006 est
1037 1984 1078 2006 eo
1093 1973 1151 2018 qui
1167 1973 1200 2006 in
1218 1971 1289 2006 aliis
1308 1969 1395 2006 tibiis
1423 1983 1464 2006 ex

75 2027 148 2051 aere
159 2029 216 2065 per
228 2021 410 2053 tenuiorem
421 2018 550 2054 laminae
565 2031 691 2066 partem
704 2032 894 2068 erumpente
906 2019 1126 2068 proficiscitur.
1140 2021 1254 2067 Qare
1269 2024 1392 2066 majore
1408 2032 1465 2054 cu-

75 2077 108 2100 ra
121 2078 200 2112 opus
222 2067 268 2101 est
280 2096 289 2110 ‚
307 2078 343 2102 ut
360 2066 453 2102 sonus
465 2069 519 2114 qui
533 2079 570 2101 ex
581 2066 612 2102 se
621 2068 664 2102 est
677 2068 839 2105 intensior,
853 2068 1018 2118 frangatur
1034 2097 1043 2111 ,
1059 2073 1094 2104 &
1109 2081 1147 2103 cx
1160 2071 1306 2104 acutiore
1324 2067 1379 2104 fiat
1394 2067 1464 2103 lan-

75 2115 215 2199 guidior.
233 2117 278 2151 Ac
290 2116 330 2150 de
341 2113 419 2150 sono
432 2116 565 2162 quidem
579 2128 618 2150 ex
636 2118 694 2150 viri
712 2116 821 2153 clariis.
836 2117 979 2165 eleganti
1003 2119 1142 2154 transsatu
1156 2116 1223 2152 haec
1238 2116 1383 2153 delibare
1403 2130 1463 2152 vo-

89 2166 193 2200 nimus
207 2194 217 2208 ,
242 2165 282 2199 de
298 2177 379 2200 voce
392 2164 578 2200 animalium
594 2164 662 2200 suus
679 2168 741 2199 erit
756 2166 885 2201 dicendi
900 2166 1000 2201 locus.

111 2215 223 2250 Unum
244 2225 353 2250 tamen
376 2226 460 2262 pene
481 2212 642 2249 omisimus
660 2225 694 2249 ut
711 2215 751 2249 de
764 2214 841 2251 sono
855 2215 979 2251 reflexo
992 2228 1090 2263 quem
1103 2215 1220 2251 echum
1230 2217 1395 2259 vocitant,
1412 2215 1463 2249 di-

75 2275 219 2298 ceremus
238 2277 246 2299 z
262 2276 337 2298 cum
353 2263 473 2298 scilicet
496 2275 565 2310 pars
586 2263 653 2298 soni
679 2263 790 2299 reflexi
809 2277 901 2299 autes
919 2263 1090 2313 separatim
1103 2265 1188 2299 ferit.
1216 2267 1304 2301 Nam
1320 2263 1376 2299 ubi
1400 2266 1463 2298 cir..

75 2314 236 2359 cumjefflt
258 2325 394 2361 corpora
414 2323 521 2360 partes
538 2311 660 2347 habent
675 2313 757 2359 pene
774 2313 995 2363 homogeneas
1009 2341 1019 2356 ‚
1036 2325 1092 2347 aut
1108 2312 1276 2361 particulas
1298 2312 1464 2360 aequaliter

76 2360 214 2396 mobiles
235 2391 246 2406 ,
267 2373 333 2397 tum
345 2360 381 2397 fit
393 2360 484 2396 sonus
497 2361 647 2397 intensior
658 2367 691 2399 «Sc
701 2360 862 2406 resonam,
876 2362 1046 2409 praesertim
1063 2360 1083 2396 fi
1096 2362 1210 2396 eadem
1234 2374 1368 2411 corpora
1392 2374 1464 2409 quae

74 2407 186 2446 sonum
194 2423 357 2461 regerunt,
371 2409 601 2461 sintproxima.
617 2413 660 2449 At
669 2409 689 2447 si
701 2410 824 2462 longius
836 2413 949 2449 distent
972 2424 1010 2447 ea
1027 2423 1181 2461 corpora,
1193 2423 1252 2448 nec
1261 2413 1342 2447 inter
1356 2410 1464 2446 locum
