1878 2724
399 154 460 201 550·
923 146 948 181 1’
968 145 1003 179 H
1026 147 1057 182 Y
1079 147 1101 181 S
1117 146 1133 181 1
1147 146 1180 183 C
1197 146 1238 182 ὦ

397 202 450 237 vel
462 203 497 235 in
513 198 607 233 certis
617 193 807 243 corporibus
822 203 930 228 cutem
938 196 1022 229 inter
1035 199 1070 232 δε
1083 195 1255 230 cuticulam
1264 193 1463 243 interjeffls',
1475 206 1554 243 quas
1563 195 1695 245 papillas
1704 203 1786 233 nera.

395 249 485 287 vosas
503 244 702 293 Malpighius
715 242 1069 292 appellat,potissimum
1080 243 1393 280 collocarunverum
1402 256 1437 279 ut
1450 256 1500 280 res
1511 244 1619 293 ipsafir
1628 247 1787 294 apertior,

447 310 490 332 ιο.
511 294 593 329 Illud
609 294 652 328 est
665 291 902 328 observandum
912 320 922 335 ,
940 304 1100 328 cutem‘ex
1111 305 1298 337 nervorum,
1312 295 1501 328 arteriarum
1512 300 1545 331 δε
1559 306 1715 329 venarum
1726 305 1779 329 ta-

398 344 493 383 mulis
503 354 620 391 magna
636 353 675 376 ex
691 353 783 390 parte
794 340 855 376 esse
871 353 1078 386 contextam3
1093 343 1128 376 in
1145 354 1218 377 eam
1232 341 1306 378 vasa
1324 345 1500 378 excretoria
1510 371 1521 386 ,
1533 341 1588 378 seu
1603 342 1778 392 lymphati.

397 407 435 430 ca
449 404 487 428 ex
499 390 630 426 infinitis
641 402 724 438 pene
737 389 895 439 glandulis
909 390 1043 425 oriunda
1061 389 1220 434 definere,
1233 402 1290 440 per
1298 402 1372 438 quae
1390 389 1483 426 sudor
1500 397 1533 429 &
1542 390 1662 427 -halitus
1675 403 1781 427 erum.

398 453 505 492 punt,-
516 439 698 477 Nam-illud
719 452 797 474 vero
810 440 991 487 proximum
1011 440 1158 483 videtur,
1173 438 1321 475 sudorem
1338 445 1371 477 &
1388 438 1553 475 craffiotes
1570 439 1687 475 halitus
1698 468 1709 484 ,
1725 441 1781 488 qui

397 492 605 526 continenter
618 490 635 525 ὲ
647 500 718 522 cute
727 488 884 523 exhalant
896 516 905 531 ‚
921 501 977 536 per
993 490 1123 523 arterias
1142 491 1244 523 ineas
1269 492 1354 524 cutis
1369 489 1535 538 glandulas
1555 488 1673 524 deferri
1688 503 1697 526 τ
1714 501 1782 538 quae

399 553 473 575 cum
483 538 541 574 sint
556 539 663 586 granis
678 537 759 571 milii
769 536 884 572 similes
896 565 906 580 ‚
928 536 950 572 ἐι
963 539 1107 572 Stenone
1121 537 1261 572 miliares
1273 538 1419 574 dicuntur
1434 566 1441 575 ,
1459 550 1559 587 atque
1574 538 1648 574 inde
1657 550 1712 586 per
1726 549 1782 572 va.

400 587 432 624 sa
449 587 594 635 quaedam
607 587 655 622 his
671 585 828 635 glandulis
847 589 976 634 propria
986 586 1201 634 expelluntur.
1222 589 1276 621 Sic
1287 588 1320 622 in
1337 585 1473 634 piscibus
1487 615 1498 631 ,
1517 598 1555 622 ut
1572 589 1605 622 in
1622 585 1783 635 Anguilla,

400 640 523 672 cavitas
540 636 683 683 quaedam
701 637 932 682 incuteprope
952 637 1082 670 initium
1096 634 1222 684 spinalis
1240 636 1399 671 medullae·
1407 638 1563 679 cernitur,
1580 648 1652 683 qua:
1674 637 1786 670 utrim-

398 687 509 734 quein
526 696 650 720 meatus
661 683 760 731 usque
775 685 819 718 ad·
839 684 976 718 caudam
989 685 1156 732 porrectos
1168 687 1264 720 variis
1286 684 1407 721 tubulis
1421 690 1455 722 ὃ(
1476 685 1602 735 papillis
1624 684 1784 720 distinctos

402 733 526 771 definit.
542 735 616 770 Nec
630 732 767 768 dubium
777 733 824 767 est
842 733 1011 767 humorem
1023 744 1080 781 per
1089 745 1144 769 eos
1156 733 1287 769 tubulos
1304 735 1443 782 exprimi
1461 763 1472 778 ‚
1490 737 1545 782 qui
1562 733 1786 782 piscium‘mo-

403 796 472 819 tum
483 782 664 820 faciliorem
681 780 799 818 efficit:
813 793 848 816 ut
859 780 1072 817 solentnaves
1082 785 1221 831 axungia
1239 794 1305 818 aut*
1331 785 1379 817 ice
1391 781 1531 826 obduci,
1549 794 1584 818 ut
1600 782 1786 818 reluctantis

404 844 496 880 aquae
513 833 580 867 vim
600 830 725 866 facilius
743 830 904 878 frangant.
923 832 974 865 Sic
993 833 1024 865 in
1039 831 1121 866 Raia
1142 796 1392 867 innumerabiles
1410 832 1541 867 maculae
1557 830 1709 879 subnigrae
1731 842 1788 878 ap-

405 892 540 930 parent,
557 892 626 927 quae
642 879 790 914 vasorum
806 891 845 913 ex
856 877 972 926 quibus
989 879 1105 914 humor
1118 879 1265 927 limpidus
1284 886 1318 919 &
1329 880 1498 916 undluosus
1509 882 1707 928 exprimitur,
1721 879 1789 914 sunt

407 928 536 965 ostiola.
556 930 638 964 Haec
649 926 720 962 vasa
731 940 802 974 quae
816 926 960 962 oleosum
974 927 1144 963 humorem
1159 927 1316 973 fundunt,
1331 931 1364 964 in
1379 928 1535 977 plerisque
1549 927 1685 977 piscibus
1701 928 1722 965 ὲ
1735 928 1790 963 du-

407 978 485 1027 plici
504 976 655 1025 glandula
668 979 700 1011 in
714 975 834 1011 summa
848 975 995 1024 cujusque
1006 975 1122 1010 orbitae
1136 988 1226 1025 parte
1238 977 1397 1012 collocata
1411 979 1570 1026 originem
1584 977 1704 1012 ducunt
1715 1005 1725 1021 ‚
1739 987 1792 1010 ea-

407 1038 473 1074 que
489 1028 525 1061 in
537 1027 649 1060 -varios
666 1023 788 1060 abeunt
801 1025 958 1068 ramulos,
975 1026 1031 1071 qui
1047 1023 1110 1060 sese
1122 1028 1156 1061 in
1172 1037 1278 1074 partes
1297 1026 1434 1061 'extimas
1456 1036 1644 1062 exonerant.
1665 1026 1791 1073 Acapi-

409 1087 442 1110 te
454 1073 550 1122 usque
560 1074 601 1109 ad
619 1073 753 1108 caudam
771 1084 826 1107 vas
839 1075 1029 1121 porrigitur,
1039 1074 1128 1121 quod
1143 1075 1308 1122 utrimque
1324 1073 1462 1110 ramulos
1483 1073 1618 1124 spargit,
1633 1085 1732 1122 atque
1751 1072 1792 1109 il-

407 1124 467 1159 lius
480 1123 647 1171 vestigium
665 1121 854 1170 plerumque
869 1121 937 1170 ipsis
956 1121 1057 1159 oculis
1070 1121 1242 1167 subjicitur.

449 1180 498 1208 20.
521 1172 615 1207 Cutis
624 1170 811 1206 animalium
825 1183 868 1207 ex
879 1170 998 1206 multis·
1008 1170 1368 1219 quoquernusculorurn
1380 1176 1414 1209 &
1430 1172 1598 1208 tendinum
1610 1170 1698 1208 fibris
1716 1183 1795 1207 con-

376 1264 379 1267 >
411 1223 532 1256 texitur
544 1248 555 1264 ,
564 1232 635 1267 quae
651 1221 685 1254 in
695 1220 786 1254 Raiae
801 1231 872 1254 cute
883 1217 1031 1254 craffiore
1042 1232 1219 1256 cernuntur.
1239 1222 1293 1256 Sic
1306 1223 1338 1255 in
1355 1221 1507 1269 Hystrice
1517 1220 1615 1269 vulgo
1627 1223 1705 1255 Parc
1713 1220 1797 1268 ipiq

410 1281 564 1304 cutaneus
582 1266 741 1303 musculus
750 1270 814 1302 cuti
831 1270 997 1303 continuus
1017 1268 1064 1302 est
1078 1297 1087 1311 ,
1109 1273 1143 1305 &
1161 1280 1357 1317 unaquaeque
1371 1267 1529 1318 spinarum
1546 1269 1638 1305 theca
1653 1268 1718 1304 suas
1740 1269 1795 1304 ha-

412 1317 471 1353 bet
491 1317 586 1362 fibras
605 1318 769 1352 motrices.
793 1318 862 1352 Has
873 1320 986 1364 utique
1003 1318 1048 1352 D.
1059 1316 1245 1364 duverney
1259 1330 1360 1365 nuper
1372 1320 1405 1354 in
1417 1319 1591 1355 Academia
1615 1316 1794 1354 exhibebat

412 1370 459 1402 ita
468 1361 620 1415 cujusque
631 1365 734 1414 spinae,
743 1366 800 1402 vel
809 1366 911 1400 aculei
925 1365 1024 1400 radici
1037 1364 1199 1410 infixas,ut
1208 1365 1324 1401 sursum
1335 1369 1528 1412 niterentur,>
1540 1379 1578 1401 ac
1591 1366 1693 1415 plures
1705 1365 1794 1402 fibxae

411 1420 573 1465 jacentem
595 1414 744 1450 aculeum
758 1417 929 1463 erigerent.
951 1416 1043 1461 Qin
1060 1419 1095 1452 &
1114 1416 1146 1449 in
1165 1414 1298 1450 homine
1309 1414 1375 1464 ipso
1385 1415 1597 1452 musculorum
1610 1414 1794 1451 abdominis

414 1464 561 1500 tendines
582 1466 615 1499 in
625 1465 725 1499 cutim
740 1464 909 1498 manifeste
924 1462 1086 1506 desmunt,
1100 1465 1140 1510 ιἱππ
1153 1474 1192 1497 ea
1204 1462 1324 1499 scilicet
1334 1476 1432 1513 ‘parte
1450 1464 1544 1500 lineae
1567 1463 1652 1499 albae
1663 1476 1735 1512 quae
1749 1464 1796 1498 est

413 1513 512 1561 supen
522 1511 725 1548 umbilicum.
738 1513 831 1549 Hinc
843 1515 925 1548 cutis
938 1541 949 1559 ‚
959 1523 996 1548 ut
1005 1513 1155 1549 tendines
1168 1513 1201 1549 in
1214 1510 1418 1549 substantiam
1428 1512 1630 1563 ‚glutinosam
1646 1514 1796 1550 cofflone

417 1561 484 1610 ipsa
496 1559 634 1598 faceffit.

456 1618 499 1655 3⁰.
521 1614 566 1647 Ex
582 1612 663 1645 cutis
685 1609 854 1645 involucro
871 1610 963 1646 instar
977 1612 1050 1646 retis
1069 1610 1212 1647 formato
1223 1640 1233 1655 ,
1256 1611 1413 1660 quodque
1431 1610 1560 1649 mucoso
1576 1611 1710 1647 humore
1726 1621 1798 1658 pet-

418 1659 714 1704 funditur,nerveas
729 1658 904 1694 fibrillasin
914 1659 1081 1695 fasciculos
1098 1659 1248 1696 collectas
1266 1662 1394 1709 prodire
1415 1661 1575 1697 existimat
1588 1659 1799 1709 Malpighius.

418 1709 472 1743 Sic
493 1710 528 1744 in
543 1708 618 1743 vola
629 1720 741 1744 manus
752 1719 805 1743 aut
819 1709 992 1757 digitorum
1004 1722 1019 1743 a
1046 1708 1144 1744 icibus
1155 1721 1240 1758 rugae
1255 1721 1365 1746 extant
1374 1712 1408 1746 in
1417 1721 1541 1746 certum
1550 1708 1700 1744 ordinem
1708 1708 1806 1757 dige-⁴

418 1757 489 1802 stae‚
499 1769 568 1804 quae
584 1757 727 1793 detracta
743 1757 881 1793 cuticula
893 1757 1002 1793 nihile
1028 1771 1046 1793 e
1068 1758 1348 1806 deprehenduntur
1360 1770 1475 1808 praeter
1492 1769 1600 1793 earum
1610 1756 1798 1806 papillarum

419 1808 545 1853 capita,
556 1818 626 1854 quae
644 1808 679 1843 in
699 1817 772 1840 cute
787 1805 853 1854 ipsa
863 1806 942 1841 altas
956 1805 1079 1843 habent
1096 1806 1218 1841 radices
1232 1811 1265 1844 δε
1279 1806 1368 1856 supra
1383 1818 1497 1856 corpus
1509 1806 1674 1854 quoddam
1686 1807 1802 1841 reticu-

420 1854 487 1889 lare
496 1852 575 1890 assur
599 1865 669 1890 unt.
682 1855 792 1901 Atque
803 1865 838 1889 ut
851 1853 905 1902 ipsi
916 1855 1050 1902 quidem
1061 1855 1189 1890 videtur
1205 1883 1215 1898 ,
1235 1855 1297 1890 hoc
1311 1856 1355 1890 est
1370 1858 1562 1904 praecipuum
1584 1855 1685 1890 taetus
1705 1865 1801 1902 orga-

421 1912 499 1936 num
510 1931 520 1946 ,
534 1914 571 1936 ut
595 1905 701 1950 inguae
718 1902 843 1949 papillae
853 1930 863 1944 ,
888 1903 928 1936 de
944 1901 1060 1949 quibus
1073 1902 1203 1950 postea,
1215 1902 1285 1938 sunt
1294 1906 1450 1952 praecipua
1463 1903 1572 1953 gustus
1587 1903 1802 1939 instrumenta.

420 1951 470 1985 Ac
482 1949 588 1986 nescio
607 1962 647 1985 an
663 1961 770 1985 tenues
780 1949 983 1986 illae-<fibnuae
992 1950 1163 1986 cuticulam
1175 1949 1272 1999 ipsam
1286 1964 1403 2001 magna
1414 1963 1452 1988 ex
1462 1962 1553 2001 parte
1567 1964 1632 1986 non
1647 1948 1802 1989 efficiant.

419 2000 465 2035 Ea
479 2000 602 2047 quippe
615 1998 661 2033 cst
671 1997 881 2045 crassior,quo
894 1998 1021 2047 papillae
1031 1998 1099 2034 sunt
1109 2003 1247 2047 majores
1258 2005 1291 2037 ὅ(
1300 2001 1478 2037 crebriores
1490 2015 1499 2037 :
1509 2001 1585 2035 utin
1596 1999 1669 2035 vola
1677 2012 1802 2044 manu5‚

422 2051 458 2083 &
475 2050 508 2082 in
517 2045 650 2095 pedibus
661 2049 770 2082 avium
781 2059 912 2083 cernere
923 2047 978 2083 est.
997 2050 1078 2095 Qo
1089 2050 1190 2083 etiam
1203 2048 1370 2084 reticulate
1378 2061 1511 2097 corpus,
1522 2048 1607 2083 unde
1615 2048 1803 2097 papillarum

424 2095 599 2143 pedunculi
612 2094 769 2144 affurgunt
781 2124 790 2139 ‚
805 2096 934 2131 crassius
945 2097 992 2131 est
1003 2126 1013 2140 ,
1031 2096 1095 2132 hoc
1113 2097 1239 2146 papillae
1262 2096 1392 2146 longius
1409 2097 1615 2147 proferuntur
1626 2108 1688 2141 ;-ut
1700 2100 1733 2132 in
1748 2110 1802 2133 ro-

427 2144 494 2179 stris
503 2149 538 2182 δε
550 2143 831 2193 unguibusavium
842 2158 850 2179 :
861 2144 919 2179 ubi
929 2145 999 2181 sunt
1011 2147 1172 2180 tenuiores
1184 2174 1194 2189 ,
1206 2148 1240 2182 in
1254 2147 1425 2182 cuticulam
1442 2145 1564 2182 abeunt
1576 2173 1586 2188 ,
1600 2157 1665 2192 qua
1681 2144 1802 2182 sublata

425 2195 508 2228 cutis
527 2191 667 2242 subjecta
686 2192 897 2240 exquisitioris
910 2194 957 2227 est
978 2192 1089 2231 sensus.
1117 2196 1207 2231 Hinc
1225 2194 1353 2231 crassior
1366 2198 1399 2232 in
1411 2193 1546 2244 pedibus
1561 2194 1746 2231 animalium
1760 2195 1802 2231 est

424 2241 560 2277 cuticula
575 2270 588 2284 ,
598 2254 639 2277 ne
649 2254 821 2290 corporum
830 2240 998 2289 asperitate
1009 2242 1172 2280 laedantur.

467 2293 542 2328 Nec
554 2289 690 2326 dubium
701 2291 744 2325 est
757 2293 838 2338 quin
848 2303 895 2325 eae
906 2291 1031 2339 papillae
1041 2291 1101 2327 sint
1115 2298 1336 2335 nervorum‚&
1351 2292 1520 2328 tendinum
1530 2291 1674 2340 quaedam
1685 2302 1801 2340 propa-

422 2342 518 2388 gines
531 2353 539 2374 z
556 2351 629 2374 cum
641 2339 740 2375 sensus
749 2341 854 2375 omnis
865 2345 942 2377 ut&
956 2352 1060 2375 motus
1069 2341 1090 2377 ἐι
1100 2343 1207 2377 nervis
1220 2346 1253 2378 &
1266 2340 1353 2376 fibris
1364 2342 1532 2377 tendinum
1542 2344 1663 2376 oriatur
1673 2351 1726 2384 3ac
1734 2350 1804 2375 net-

423 2390 473 2429 yis
485 2387 618 2426 contusis
629 2399 683 2427 aut
694 2387 864 2427 obstructis
876 2387 978 2428 sensus
990 2392 1094 2428 omnis
1106 2391 1141 2428 in
1160 2389 1307 2439 subjectis
1324 2388 1471 2440 partibus
1486 2389 1626 2441 tollatur·
1652 2391 1727 2429 Nec
1742 2389 1805 2430 iniq
