<?xml version="1.0" encoding="UTF-8"?>
<!DOCTYPE html PUBLIC "-//W3C//DTD XHTML 1.0 Transitional//EN"
    "http://www.w3.org/TR/xhtml1/DTD/xhtml1-transitional.dtd">
<html xmlns="http://www.w3.org/1999/xhtml" xml:lang="en" lang="en">
 <head>
  <title>
</title>
<meta http-equiv="Content-Type" content="text/html;charset=utf-8" />
  <meta name='ocr-system' content='tesseract 3.04.00' />
  <meta name='ocr-capabilities' content='ocr_page ocr_carea ocr_par ocr_line ocrx_word'/>
</head>
<body>
  <div class='ocr_page' id='page_1' title='image "./philosophiavetus02duhauoft_0271.png"; bbox 0 0 1878 2724; ppageno 0'>
   <div class='ocr_carea' id='block_1_1' title="bbox 83 122 1496 2417">
    <p class='ocr_par' dir='ltr' id='par_1_1' title="bbox 83 122 1486 374">
     <span class='ocr_line' id='line_1_1' title="bbox 532 122 1439 169; baseline 0.002 -7"><span class='ocrx_word' id='word_1_1' title='bbox 532 125 688 162; x_wconf 79' lang='lat' dir='ltr'>PARS</span> <span class='ocrx_word' id='word_1_2' title='bbox 735 122 1026 163; x_wconf 82' lang='lat' dir='ltr'>SECUNDA.</span> <span class='ocrx_word' id='word_1_3' title='bbox 1422 147 1439 169; x_wconf 83' lang='lat'>2</span> 
     </span>
     <span class='ocr_line' id='line_1_2' title="bbox 83 144 1486 225; baseline 0.001 -11"><span class='ocrx_word' id='word_1_4' title='bbox 83 206 86 208; x_wconf 87' lang='lat'>.</span> <span class='ocrx_word' id='word_1_5' title='bbox 105 174 169 214; x_wconf 75' lang='lat' dir='ltr'>effe</span> <span class='ocrx_word' id='word_1_6' title='bbox 186 177 323 214; x_wconf 86' lang='lat' dir='ltr'>omnino</span> <span class='ocrx_word' id='word_1_7' title='bbox 332 173 513 224; x_wconf 77' lang='lat' dir='ltr'>aequabiles.</span> <span class='ocrx_word' id='word_1_8' title='bbox 535 176 625 211; x_wconf 87' lang='lat' dir='ltr'>Nam</span> <span class='ocrx_word' id='word_1_9' title='bbox 641 175 752 224; x_wconf 81' lang='lat' dir='ltr'>sydera</span> <span class='ocrx_word' id='word_1_10' title='bbox 771 177 866 210; x_wconf 87' lang='lat' dir='ltr'>certis</span> <span class='ocrx_word' id='word_1_11' title='bbox 885 173 1086 225; x_wconf 84' lang='lat' dir='ltr'>temporibus</span> <span class='ocrx_word' id='word_1_12' title='bbox 1107 183 1147 210; x_wconf 85' lang='lat' dir='ltr'>eo</span> <span class='ocrx_word' id='word_1_13' title='bbox 1165 185 1384 223; x_wconf 81' lang='lat' dir='ltr'>revertuntur,</span> <span class='ocrx_word' id='word_1_14' title='bbox 1400 144 1486 216; x_wconf 50' lang='grc' dir='ltr'>ιιηῖὶέ</span> 
     </span>
     <span class='ocr_line' id='line_1_3' title="bbox 106 222 1485 277; baseline 0.001 -14"><span class='ocrx_word' id='word_1_15' title='bbox 106 226 176 263; x_wconf 82' lang='lat' dir='ltr'>sunt</span> <span class='ocrx_word' id='word_1_16' title='bbox 188 225 354 276; x_wconf 65' lang='lat' dir='ltr'>profecta:</span> <span class='ocrx_word' id='word_1_17' title='bbox 371 222 493 260; x_wconf 74' lang='lat' dir='ltr'>tametsi</span> <span class='ocrx_word' id='word_1_18' title='bbox 506 224 584 259; x_wconf 79' lang='lat' dir='ltr'>stare</span> <span class='ocrx_word' id='word_1_19' title='bbox 592 236 828 273; x_wconf 78' lang='lat' dir='ltr'>nonnunquam</span> <span class='ocrx_word' id='word_1_20' title='bbox 843 252 852 268; x_wconf 80' lang='grc'>,</span> <span class='ocrx_word' id='word_1_21' title='bbox 867 223 1044 272; x_wconf 85' lang='lat' dir='ltr'>aliquando</span> <span class='ocrx_word' id='word_1_22' title='bbox 1056 226 1181 273; x_wconf 78' lang='lat' dir='ltr'>regredi</span> <span class='ocrx_word' id='word_1_23' title='bbox 1195 226 1353 264; x_wconf 83' lang='lat' dir='ltr'>videntur.</span> <span class='ocrx_word' id='word_1_24' title='bbox 1374 230 1485 277; x_wconf 81' lang='lat' dir='ltr'>Atque</span> 
     </span>
     <span class='ocr_line' id='line_1_4' title="bbox 104 273 1483 321; baseline 0.002 -10"><span class='ocrx_word' id='word_1_25' title='bbox 104 279 138 311; x_wconf 76' lang='lat' dir='ltr'>in</span> <span class='ocrx_word' id='word_1_26' title='bbox 149 277 182 310; x_wconf 87' lang='lat' dir='ltr'>id</span> <span class='ocrx_word' id='word_1_27' title='bbox 201 287 268 310; x_wconf 83' lang='lat' dir='ltr'>tota</span> <span class='ocrx_word' id='word_1_28' title='bbox 281 273 437 310; x_wconf 79' lang='lat' dir='ltr'>incumbit</span> <span class='ocrx_word' id='word_1_29' title='bbox 449 274 650 309; x_wconf 81' lang='lat' dir='ltr'>Astronomia</span> <span class='ocrx_word' id='word_1_30' title='bbox 662 302 672 318; x_wconf 88' lang='lat'><em>‚</em></span> <span class='ocrx_word' id='word_1_31' title='bbox 690 285 727 308; x_wconf 90' lang='lat' dir='ltr'>ut</span> <span class='ocrx_word' id='word_1_32' title='bbox 743 273 902 321; x_wconf 84' lang='lat' dir='ltr'>quidquid</span> <span class='ocrx_word' id='word_1_33' title='bbox 920 273 1072 321; x_wconf 80' lang='lat' dir='ltr'>inaequale</span> <span class='ocrx_word' id='word_1_34' title='bbox 1089 276 1123 309; x_wconf 88' lang='lat' dir='ltr'>in</span> <span class='ocrx_word' id='word_1_35' title='bbox 1133 274 1338 312; x_wconf 80' lang='lat' dir='ltr'>conversione</span> <span class='ocrx_word' id='word_1_36' title='bbox 1349 276 1483 314; x_wconf 76' lang='lat' dir='ltr'>siderum</span> 
     </span>
     <span class='ocr_line' id='line_1_5' title="bbox 87 321 1272 374; baseline 0 -15"><span class='ocrx_word' id='word_1_37' title='bbox 87 335 256 374; x_wconf 65' lang='lat' dir='ltr'>apparet,</span> <span class='ocrx_word' id='word_1_38' title='bbox 270 325 302 359; x_wconf 85' lang='lat' dir='ltr'>id</span> <span class='ocrx_word' id='word_1_39' title='bbox 317 323 413 359; x_wconf 86' lang='lat' dir='ltr'>nobis</span> <span class='ocrx_word' id='word_1_40' title='bbox 425 321 563 371; x_wconf 80' lang='lat' dir='ltr'>explicet</span> <span class='ocrx_word' id='word_1_41' title='bbox 576 322 660 358; x_wconf 79' lang='lat' dir='ltr'>salva</span> <span class='ocrx_word' id='word_1_42' title='bbox 673 334 819 357; x_wconf 88' lang='lat' dir='ltr'>motuum</span> <span class='ocrx_word' id='word_1_43' title='bbox 838 322 1015 357; x_wconf 79' lang='lat' dir='ltr'>coelestium</span> <span class='ocrx_word' id='word_1_44' title='bbox 1037 323 1272 371; x_wconf 82' lang='lat' dir='ltr'>aequabilitate.</span> 
     </span>
    </p>

    <p class='ocr_par' dir='ltr' id='par_1_2' title="bbox 135 370 1482 424">
     <span class='ocr_line' id='line_1_6' title="bbox 135 370 1482 424; baseline 0.003 -17"><span class='ocrx_word' id='word_1_45' title='bbox 135 375 221 410; x_wconf 88' lang='lat' dir='ltr'>Cum</span> <span class='ocrx_word' id='word_1_46' title='bbox 232 376 344 422; x_wconf 84' lang='lat' dir='ltr'>itaque</span> <span class='ocrx_word' id='word_1_47' title='bbox 353 385 419 408; x_wconf 89' lang='lat' dir='ltr'>non</span> <span class='ocrx_word' id='word_1_48' title='bbox 435 383 519 407; x_wconf 87' lang='lat' dir='ltr'>terra</span> <span class='ocrx_word' id='word_1_49' title='bbox 532 371 637 407; x_wconf 69' lang='lat' dir='ltr'>modo</span> <span class='ocrx_word' id='word_1_50' title='bbox 648 399 658 415; x_wconf 89' lang='lat'>‚</span> <span class='ocrx_word' id='word_1_51' title='bbox 676 371 728 407; x_wconf 82' lang='lat' dir='ltr'>fed</span> <span class='ocrx_word' id='word_1_52' title='bbox 745 373 845 405; x_wconf 77' lang='lat' dir='ltr'>etiam</span> <span class='ocrx_word' id='word_1_53' title='bbox 856 370 975 406; x_wconf 77' lang='lat' dir='ltr'>coelum</span> <span class='ocrx_word' id='word_1_54' title='bbox 984 370 1020 406; x_wconf 79' lang='lat' dir='ltr'>sit</span> <span class='ocrx_word' id='word_1_55' title='bbox 1033 371 1327 422; x_wconf 79' lang='lat' dir='ltr'>figuraesphaericae3</span> <span class='ocrx_word' id='word_1_56' title='bbox 1343 386 1482 424; x_wconf 83' lang='lat' dir='ltr'>cumque</span> 
     </span>
    </p>

    <p class='ocr_par' dir='ltr' id='par_1_3' title="bbox 88 420 1483 717">
     <span class='ocr_line' id='line_1_7' title="bbox 102 420 1482 472; baseline -0.001 -14"><span class='ocrx_word' id='word_1_57' title='bbox 102 425 137 459; x_wconf 87' lang='lat' dir='ltr'>in</span> <span class='ocrx_word' id='word_1_58' title='bbox 145 421 262 457; x_wconf 86' lang='lat' dir='ltr'>orbem</span> <span class='ocrx_word' id='word_1_59' title='bbox 275 433 382 457; x_wconf 83' lang='lat' dir='ltr'>motus</span> <span class='ocrx_word' id='word_1_60' title='bbox 398 420 466 456; x_wconf 86' lang='lat' dir='ltr'>suos</span> <span class='ocrx_word' id='word_1_61' title='bbox 478 432 553 469; x_wconf 84' lang='lat' dir='ltr'>agat</span> <span class='ocrx_word' id='word_1_62' title='bbox 565 437 574 464; x_wconf 84' lang='lat'>3</span> <span class='ocrx_word' id='word_1_63' title='bbox 590 421 706 456; x_wconf 85' lang='lat' dir='ltr'>horum</span> <span class='ocrx_word' id='word_1_64' title='bbox 716 432 864 456; x_wconf 87' lang='lat' dir='ltr'>motuum</span> <span class='ocrx_word' id='word_1_65' title='bbox 880 422 1020 456; x_wconf 84' lang='lat' dir='ltr'>rationes</span> <span class='ocrx_word' id='word_1_66' title='bbox 1030 433 1088 470; x_wconf 87' lang='lat' dir='ltr'>per</span> <span class='ocrx_word' id='word_1_67' title='bbox 1103 424 1264 458; x_wconf 81' lang='lat' dir='ltr'>minorem</span> <span class='ocrx_word' id='word_1_68' title='bbox 1276 423 1411 472; x_wconf 82' lang='lat' dir='ltr'>globum</span> <span class='ocrx_word' id='word_1_69' title='bbox 1430 425 1482 460; x_wconf 82' lang='lat' dir='ltr'>iis..</span> 
     </span>
     <span class='ocr_line' id='line_1_8' title="bbox 101 468 1482 519; baseline -0.001 -12"><span class='ocrx_word' id='word_1_70' title='bbox 101 473 178 507; x_wconf 83' lang='lat' dir='ltr'>dem</span> <span class='ocrx_word' id='word_1_71' title='bbox 191 471 373 506; x_wconf 71' lang='lat' dir='ltr'>instructum</span> <span class='ocrx_word' id='word_1_72' title='bbox 390 470 513 505; x_wconf 86' lang='lat' dir='ltr'>circulis</span> <span class='ocrx_word' id='word_1_73' title='bbox 535 480 617 517; x_wconf 74' lang='lat' dir='ltr'>quos</span> <span class='ocrx_word' id='word_1_74' title='bbox 627 469 711 504; x_wconf 79' lang='lat' dir='ltr'>coelo</span> <span class='ocrx_word' id='word_1_75' title='bbox 727 468 910 518; x_wconf 80' lang='lat' dir='ltr'>affingimus</span> <span class='ocrx_word' id='word_1_76' title='bbox 923 499 933 513; x_wconf 93' lang='lat'>‚</span> <span class='ocrx_word' id='word_1_77' title='bbox 952 469 1110 519; x_wconf 43' lang='lat' dir='ltr'>satis’apte</span> <span class='ocrx_word' id='word_1_78' title='bbox 1124 482 1338 519; x_wconf 83' lang='lat' dir='ltr'>exponuntur.</span> <span class='ocrx_word' id='word_1_79' title='bbox 1356 476 1425 508; x_wconf 89' lang='lat' dir='ltr'>Imo</span> <span class='ocrx_word' id='word_1_80' title='bbox 1448 476 1482 509; x_wconf 80' lang='lat' dir='ltr'>ii.</span> 
     </span>
     <span class='ocr_line' id='line_1_9' title="bbox 88 518 1482 568; baseline 0.001 -12"><span class='ocrx_word' id='word_1_81' title='bbox 88 521 177 556; x_wconf 52' lang='lat' dir='ltr'>=dem</span> <span class='ocrx_word' id='word_1_82' title='bbox 197 521 306 555; x_wconf 89' lang='lat' dir='ltr'>circuli</span> <span class='ocrx_word' id='word_1_83' title='bbox 323 520 362 555; x_wconf 85' lang='lat' dir='ltr'>ad</span> <span class='ocrx_word' id='word_1_84' title='bbox 377 518 498 555; x_wconf 80' lang='lat' dir='ltr'>telluris</span> <span class='ocrx_word' id='word_1_85' title='bbox 509 518 647 568; x_wconf 84' lang='lat' dir='ltr'>globum</span> <span class='ocrx_word' id='word_1_86' title='bbox 661 521 826 567; x_wconf 84' lang='lat' dir='ltr'>pertinere</span> <span class='ocrx_word' id='word_1_87' title='bbox 845 518 1087 566; x_wconf 74' lang='lat' dir='ltr'>intelligumtrr,</span> <span class='ocrx_word' id='word_1_88' title='bbox 1106 520 1230 556; x_wconf 88' lang='lat' dir='ltr'>&amp;licet</span> <span class='ocrx_word' id='word_1_89' title='bbox 1250 522 1272 555; x_wconf 89' lang='lat' dir='ltr'>ii</span> <span class='ocrx_word' id='word_1_90' title='bbox 1293 520 1351 557; x_wconf 85' lang='lat' dir='ltr'>sint</span> <span class='ocrx_word' id='word_1_91' title='bbox 1374 521 1482 558; x_wconf 63' lang='lat' dir='ltr'>fictitii</span> 
     </span>
     <span class='ocr_line' id='line_1_10' title="bbox 100 566 1482 619; baseline 0.001 -15"><span class='ocrx_word' id='word_1_92' title='bbox 100 570 346 618; x_wconf 87' lang='lat' dir='ltr'>quodammodo</span> <span class='ocrx_word' id='word_1_93' title='bbox 360 597 370 612; x_wconf 92' lang='lat'>,</span> <span class='ocrx_word' id='word_1_94' title='bbox 384 568 432 603; x_wconf 82' lang='lat' dir='ltr'>his</span> <span class='ocrx_word' id='word_1_95' title='bbox 452 578 559 602; x_wconf 86' lang='lat' dir='ltr'>tamen</span> <span class='ocrx_word' id='word_1_96' title='bbox 574 567 733 617; x_wconf 67' lang='lat' dir='ltr'>negle&amp;is</span> <span class='ocrx_word' id='word_1_97' title='bbox 753 569 806 603; x_wconf 86' lang='lat' dir='ltr'>vix</span> <span class='ocrx_word' id='word_1_98' title='bbox 820 566 910 616; x_wconf 86' lang='lat' dir='ltr'>ipfius</span> <span class='ocrx_word' id='word_1_99' title='bbox 936 569 1150 617; x_wconf 81' lang='lat' dir='ltr'>Geographiae</span> <span class='ocrx_word' id='word_1_100' title='bbox 1164 574 1199 606; x_wconf 85' lang='lat'>&amp;</span> <span class='ocrx_word' id='word_1_101' title='bbox 1218 568 1482 619; x_wconf 81' lang='lat' dir='ltr'>Cosmographiae</span> 
     </span>
     <span class='ocr_line' id='line_1_11' title="bbox 101 615 1483 667; baseline 0 -13"><span class='ocrx_word' id='word_1_102' title='bbox 101 619 265 654; x_wconf 80' lang='lat' dir='ltr'>elementa</span> <span class='ocrx_word' id='word_1_103' title='bbox 284 620 354 667; x_wconf 84' lang='lat' dir='ltr'>capi</span> <span class='ocrx_word' id='word_1_104' title='bbox 371 615 506 666; x_wconf 71' lang='lat' dir='ltr'>poffiint.</span> <span class='ocrx_word' id='word_1_105' title='bbox 526 617 640 665; x_wconf 66' lang='lat' dir='ltr'>Quare</span> <span class='ocrx_word' id='word_1_106' title='bbox 650 617 755 652; x_wconf 80' lang='lat' dir='ltr'>danda</span> <span class='ocrx_word' id='word_1_107' title='bbox 769 617 812 651; x_wconf 84' lang='lat' dir='ltr'>est</span> <span class='ocrx_word' id='word_1_108' title='bbox 823 628 922 666; x_wconf 79' lang='lat' dir='ltr'>opera</span> <span class='ocrx_word' id='word_1_109' title='bbox 933 628 968 651; x_wconf 89' lang='lat' dir='ltr'>ut</span> <span class='ocrx_word' id='word_1_110' title='bbox 981 628 1035 652; x_wconf 83' lang='lat' dir='ltr'>eos</span> <span class='ocrx_word' id='word_1_111' title='bbox 1047 616 1320 666; x_wconf 76' lang='lat' dir='ltr'>sphaeraecirculos</span> <span class='ocrx_word' id='word_1_112' title='bbox 1340 619 1483 656; x_wconf 86' lang='lat' dir='ltr'>breviter</span> 
     </span>
     <span class='ocr_line' id='line_1_12' title="bbox 100 664 1221 717; baseline 0 -15"><span class='ocrx_word' id='word_1_113' title='bbox 100 678 279 717; x_wconf 86' lang='lat' dir='ltr'>aperteque</span> <span class='ocrx_word' id='word_1_114' title='bbox 292 666 542 702; x_wconf 78' lang='lat' dir='ltr'>demonstremus</span> <span class='ocrx_word' id='word_1_115' title='bbox 557 679 565 701; x_wconf 77' lang='lat' dir='ltr'>z</span> <span class='ocrx_word' id='word_1_116' title='bbox 580 665 633 700; x_wconf 86' lang='lat' dir='ltr'>sed</span> <span class='ocrx_word' id='word_1_117' title='bbox 648 665 801 701; x_wconf 85' lang='lat' dir='ltr'>nonnulla</span> <span class='ocrx_word' id='word_1_118' title='bbox 815 664 884 701; x_wconf 85' lang='lat' dir='ltr'>sunt</span> <span class='ocrx_word' id='word_1_119' title='bbox 903 666 979 702; x_wconf 67' lang='lat' dir='ltr'>ante</span> <span class='ocrx_word' id='word_1_120' title='bbox 991 668 1221 714; x_wconf 67' lang='lat' dir='ltr'>praemittenda.</span> 
     </span>
    </p>

    <p class='ocr_par' dir='ltr' id='par_1_4' title="bbox 97 712 1483 862">
     <span class='ocr_line' id='line_1_13' title="bbox 136 712 1481 764; baseline -0.001 -14"><span class='ocrx_word' id='word_1_121' title='bbox 136 718 258 763; x_wconf 87' lang='lat' dir='ltr'>Neque</span> <span class='ocrx_word' id='word_1_122' title='bbox 275 717 337 750; x_wconf 86' lang='lat' dir='ltr'>erit</span> <span class='ocrx_word' id='word_1_123' title='bbox 346 714 489 750; x_wconf 85' lang='lat' dir='ltr'>alienum</span> <span class='ocrx_word' id='word_1_124' title='bbox 503 714 650 750; x_wconf 86' lang='lat' dir='ltr'>hocloco</span> <span class='ocrx_word' id='word_1_125' title='bbox 664 712 814 763; x_wconf 83' lang='lat' dir='ltr'>quasdam</span> <span class='ocrx_word' id='word_1_126' title='bbox 827 713 1032 750; x_wconf 78' lang='lat' dir='ltr'>definitiones</span> <span class='ocrx_word' id='word_1_127' title='bbox 1043 718 1272 764; x_wconf 76' lang='lat' dir='ltr'>geometricas,</span> <span class='ocrx_word' id='word_1_128' title='bbox 1290 721 1325 754; x_wconf 69' lang='grc' dir='ltr'>ὅ(</span> <span class='ocrx_word' id='word_1_129' title='bbox 1339 718 1481 754; x_wconf 79' lang='lat' dir='ltr'>nonnul-</span> 
     </span>
     <span class='ocr_line' id='line_1_14' title="bbox 98 762 1483 812; baseline 0.001 -12"><span class='ocrx_word' id='word_1_130' title='bbox 98 764 129 800; x_wconf 79' lang='lat' dir='ltr'>la</span> <span class='ocrx_word' id='word_1_131' title='bbox 140 764 341 800; x_wconf 80' lang='lat' dir='ltr'>theoremata</span> <span class='ocrx_word' id='word_1_132' title='bbox 350 762 493 798; x_wconf 78' lang='lat' dir='ltr'>breviter</span> <span class='ocrx_word' id='word_1_133' title='bbox 503 775 664 812; x_wconf 82' lang='lat' dir='ltr'>exponere</span> <span class='ocrx_word' id='word_1_134' title='bbox 679 793 688 807; x_wconf 83' lang='lat'>,</span> <span class='ocrx_word' id='word_1_135' title='bbox 707 762 823 811; x_wconf 86' lang='lat' dir='ltr'>quibus</span> <span class='ocrx_word' id='word_1_136' title='bbox 842 763 1014 799; x_wconf 63' lang='lat' dir='ltr'>intelledtis</span> <span class='ocrx_word' id='word_1_137' title='bbox 1024 777 1097 812; x_wconf 83' lang='lat' dir='ltr'>quae</span> <span class='ocrx_word' id='word_1_138' title='bbox 1108 767 1139 799; x_wconf 88' lang='lat' dir='ltr'>in</span> <span class='ocrx_word' id='word_1_139' title='bbox 1153 765 1216 800; x_wconf 81' lang='lat' dir='ltr'>hoc</span> <span class='ocrx_word' id='word_1_140' title='bbox 1228 777 1273 800; x_wconf 84' lang='lat' dir='ltr'>tra</span> <span class='ocrx_word' id='word_1_141' title='bbox 1279 767 1364 802; x_wconf 64' lang='lat' dir='ltr'>&amp;atu</span> <span class='ocrx_word' id='word_1_142' title='bbox 1380 767 1483 802; x_wconf 71' lang='lat' dir='ltr'>di&amp;u-</span> 
     </span>
     <span class='ocr_line' id='line_1_15' title="bbox 97 811 1481 862; baseline 0.004 -14"><span class='ocrx_word' id='word_1_143' title='bbox 97 816 127 848; x_wconf 86' lang='lat' dir='ltr'>ri</span> <span class='ocrx_word' id='word_1_144' title='bbox 135 813 236 849; x_wconf 89' lang='lat' dir='ltr'>sumus</span> <span class='ocrx_word' id='word_1_145' title='bbox 246 842 256 857; x_wconf 93' lang='lat'>,</span> <span class='ocrx_word' id='word_1_146' title='bbox 276 813 379 849; x_wconf 88' lang='lat' dir='ltr'>multo</span> <span class='ocrx_word' id='word_1_147' title='bbox 397 811 478 849; x_wconf 72' lang='lat' dir='ltr'>fient</span> <span class='ocrx_word' id='word_1_148' title='bbox 489 815 665 862; x_wconf 69' lang='lat' dir='ltr'>apertiora„</span> <span class='ocrx_word' id='word_1_149' title='bbox 681 815 700 847; x_wconf 79' lang='lat'>,1</span> <span class='ocrx_word' id='word_1_150' title='bbox 710 824 807 861; x_wconf 84' lang='lat' dir='ltr'>taque</span> <span class='ocrx_word' id='word_1_151' title='bbox 825 824 984 861; x_wconf 76' lang='lat' dir='ltr'>perpauca</span> <span class='ocrx_word' id='word_1_152' title='bbox 1000 825 1048 848; x_wconf 65' lang='lat' dir='ltr'>ex⁴</span> <span class='ocrx_word' id='word_1_153' title='bbox 1063 813 1234 851; x_wconf 84' lang='lat' dir='ltr'>elementis</span> <span class='ocrx_word' id='word_1_154' title='bbox 1248 814 1386 850; x_wconf 81' lang='lat' dir='ltr'>Euclidis</span> <span class='ocrx_word' id='word_1_155' title='bbox 1409 815 1481 852; x_wconf 85' lang='lat' dir='ltr'>seli-</span> 
     </span>
    </p>

    <p class='ocr_par' dir='ltr' id='par_1_5' title="bbox 141 874 219 897">
     <span class='ocr_line' id='line_1_16' title="bbox 141 874 219 897; baseline -0.026 0"><span class='ocrx_word' id='word_1_156' title='bbox 141 874 219 897; x_wconf 52' lang='lat' dir='ltr'>mus„</span> 
     </span>
    </p>

    <p class='ocr_par' dir='ltr' id='par_1_6' title="bbox 88 874 1481 1107">
     <span class='ocr_line' id='line_1_17' title="bbox 88 874 1481 961; baseline 0 -15"><span class='ocrx_word' id='word_1_157' title='bbox 88 874 220 947; x_wconf 55' lang='lat' dir='ltr'>,geAnte&#39;</span> <span class='ocrx_word' id='word_1_158' title='bbox 229 914 337 953; x_wconf 85' lang='lat' dir='ltr'>omnia</span> <span class='ocrx_word' id='word_1_159' title='bbox 349 912 426 960; x_wconf 79' lang='lat' dir='ltr'>quid</span> <span class='ocrx_word' id='word_1_160' title='bbox 437 911 472 947; x_wconf 86' lang='lat' dir='ltr'>fit</span> <span class='ocrx_word' id='word_1_161' title='bbox 483 910 617 961; x_wconf 83' lang='lat' dir='ltr'>angulus</span> <span class='ocrx_word' id='word_1_162' title='bbox 626 909 1039 959; x_wconf 51' lang='lat' dir='ltr'>&amp;quotuplex‘di‘cendmn</span> <span class='ocrx_word' id='word_1_163' title='bbox 1052 910 1150 947; x_wconf 80' lang='lat' dir='ltr'>nobis</span> <span class='ocrx_word' id='word_1_164' title='bbox 1170 911 1227 949; x_wconf 76' lang='lat' dir='ltr'>est.</span> <span class='ocrx_word' id='word_1_165' title='bbox 1244 913 1331 948; x_wconf 87' lang='lat' dir='ltr'>Cum</span> <span class='ocrx_word' id='word_1_166' title='bbox 1349 913 1418 950; x_wconf 83' lang='lat' dir='ltr'>duae</span> <span class='ocrx_word' id='word_1_167' title='bbox 1441 914 1481 950; x_wconf 82' lang='lat' dir='ltr'>li-</span> 
     </span>
     <span class='ocr_line' id='line_1_18' title="bbox 97 961 1480 1010; baseline 0.001 -14"><span class='ocrx_word' id='word_1_168' title='bbox 97 971 168 996; x_wconf 86' lang='lat' dir='ltr'>neae</span> <span class='ocrx_word' id='word_1_169' title='bbox 179 961 202 994; x_wconf 89' lang='lat' dir='ltr'>B</span> <span class='ocrx_word' id='word_1_170' title='bbox 217 962 266 1004; x_wconf 91' lang='lat' dir='ltr'>C,</span> <span class='ocrx_word' id='word_1_171' title='bbox 288 962 346 996; x_wconf 89' lang='lat' dir='ltr'>IC</span> <span class='ocrx_word' id='word_1_172' title='bbox 366 961 428 996; x_wconf 90' lang='lat' dir='ltr'>sese</span> <span class='ocrx_word' id='word_1_173' title='bbox 448 963 482 997; x_wconf 89' lang='lat' dir='ltr'>in</span> <span class='ocrx_word' id='word_1_174' title='bbox 501 961 619 996; x_wconf 86' lang='lat' dir='ltr'>eodem</span> <span class='ocrx_word' id='word_1_175' title='bbox 632 961 753 1010; x_wconf 68' lang='grc' dir='ltr'>Ριιῃᾶο</span> <span class='ocrx_word' id='word_1_176' title='bbox 769 961 800 996; x_wconf 94' lang='lat' dir='ltr'>C</span> <span class='ocrx_word' id='word_1_177' title='bbox 810 971 946 1009; x_wconf 81' lang='lat' dir='ltr'>tangunt</span> <span class='ocrx_word' id='word_1_178' title='bbox 957 990 967 1005; x_wconf 91' lang='lat'>,</span> <span class='ocrx_word' id='word_1_179' title='bbox 987 974 1061 996; x_wconf 84' lang='lat' dir='ltr'>mox</span> <span class='ocrx_word' id='word_1_180' title='bbox 1078 961 1098 997; x_wconf 77' lang='grc' dir='ltr'>ὲ</span> <span class='ocrx_word' id='word_1_181' title='bbox 1115 961 1146 997; x_wconf 89' lang='lat' dir='ltr'>se</span> <span class='ocrx_word' id='word_1_182' title='bbox 1165 973 1276 998; x_wconf 72' lang='lat' dir='ltr'>mutuo</span> <span class='ocrx_word' id='word_1_183' title='bbox 1294 961 1480 1007; x_wconf 76' lang='lat' dir='ltr'>discedunt,</span> 
     </span>
     <span class='ocr_line' id='line_1_19' title="bbox 97 1007 1478 1059; baseline 0.003 -15"><span class='ocrx_word' id='word_1_184' title='bbox 97 1020 166 1045; x_wconf 85' lang='lat' dir='ltr'>tum</span> <span class='ocrx_word' id='word_1_185' title='bbox 180 1008 216 1045; x_wconf 91' lang='lat' dir='ltr'>fit</span> <span class='ocrx_word' id='word_1_186' title='bbox 227 1009 361 1058; x_wconf 85' lang='lat' dir='ltr'>angulus</span> <span class='ocrx_word' id='word_1_187' title='bbox 371 1012 404 1045; x_wconf 89' lang='lat' dir='ltr'>in</span> <span class='ocrx_word' id='word_1_188' title='bbox 419 1011 469 1053; x_wconf 82' lang='lat' dir='ltr'>G,</span> <span class='ocrx_word' id='word_1_189' title='bbox 490 1011 545 1057; x_wconf 90' lang='lat' dir='ltr'>qui</span> <span class='ocrx_word' id='word_1_190' title='bbox 565 1008 665 1044; x_wconf 89' lang='lat' dir='ltr'>tribus</span> <span class='ocrx_word' id='word_1_191' title='bbox 676 1010 773 1045; x_wconf 83' lang='lat' dir='ltr'>literis</span> <span class='ocrx_word' id='word_1_192' title='bbox 792 1007 972 1058; x_wconf 80' lang='lat' dir='ltr'>designatur</span> <span class='ocrx_word' id='word_1_193' title='bbox 989 1012 1013 1045; x_wconf 88' lang='lat' dir='ltr'>B</span> <span class='ocrx_word' id='word_1_194' title='bbox 1024 1010 1055 1046; x_wconf 92' lang='lat' dir='ltr'>C</span> <span class='ocrx_word' id='word_1_195' title='bbox 1065 1014 1096 1056; x_wconf 86' lang='lat'>1,</span> <span class='ocrx_word' id='word_1_196' title='bbox 1112 1022 1245 1059; x_wconf 82' lang='lat' dir='ltr'>quarum</span> <span class='ocrx_word' id='word_1_197' title='bbox 1268 1012 1376 1047; x_wconf 83' lang='lat' dir='ltr'>media</span> <span class='ocrx_word' id='word_1_198' title='bbox 1391 1024 1478 1050; x_wconf 81' lang='lat' dir='ltr'>nem-</span> 
     </span>
     <span class='ocr_line' id='line_1_20' title="bbox 91 1058 966 1107; baseline 0 -14"><span class='ocrx_word' id='word_1_199' title='bbox 91 1070 140 1105; x_wconf 75' lang='lat' dir='ltr'>pe</span> <span class='ocrx_word' id='word_1_200' title='bbox 150 1058 181 1093; x_wconf 93' lang='lat' dir='ltr'>C</span> <span class='ocrx_word' id='word_1_201' title='bbox 191 1087 200 1102; x_wconf 93' lang='lat'>‚</span> <span class='ocrx_word' id='word_1_202' title='bbox 216 1059 368 1107; x_wconf 78' lang='lat' dir='ltr'>angulum</span> <span class='ocrx_word' id='word_1_203' title='bbox 380 1058 482 1106; x_wconf 82' lang='lat' dir='ltr'>ipsum</span> <span class='ocrx_word' id='word_1_204' title='bbox 492 1059 689 1093; x_wconf 85' lang='lat' dir='ltr'>demonstrat</span> <span class='ocrx_word' id='word_1_205' title='bbox 707 1073 715 1095; x_wconf 93' lang='lat'><strong>:</strong></span> <span class='ocrx_word' id='word_1_206' title='bbox 733 1058 823 1092; x_wconf 87' lang='lat' dir='ltr'>adeo·</span> <span class='ocrx_word' id='word_1_207' title='bbox 834 1068 872 1092; x_wconf 89' lang='lat' dir='ltr'>ut</span> <span class='ocrx_word' id='word_1_208' title='bbox 881 1070 966 1107; x_wconf 82' lang='lat' dir='ltr'>pun-</span> 
     </span>
    </p>

    <p class='ocr_par' dir='ltr' id='par_1_7' title="bbox 99 1105 1255 1155">
     <span class='ocr_line' id='line_1_21' title="bbox 99 1105 1255 1155; baseline -0.004 -13"><span class='ocrx_word' id='word_1_209' title='bbox 99 1108 188 1142; x_wconf 64' lang='lat' dir='ltr'>&amp;um</span> <span class='ocrx_word' id='word_1_210' title='bbox 201 1107 231 1142; x_wconf 90' lang='lat' dir='ltr'>C</span> <span class='ocrx_word' id='word_1_211' title='bbox 244 1135 253 1151; x_wconf 89' lang='lat'>,</span> <span class='ocrx_word' id='word_1_212' title='bbox 273 1106 308 1142; x_wconf 87' lang='lat' dir='ltr'>fit</span> <span class='ocrx_word' id='word_1_213' title='bbox 324 1106 484 1155; x_wconf 72' lang='lat' dir='ltr'>utriusque</span> <span class='ocrx_word' id='word_1_214' title='bbox 502 1106 603 1142; x_wconf 65' lang='lat' dir='ltr'>lineae«</span> <span class='ocrx_word' id='word_1_215' title='bbox 612 1105 790 1142; x_wconf 86' lang='lat' dir='ltr'>concursus.</span> <span class='ocrx_word' id='word_1_216' title='bbox 1208 1109 1255 1147; x_wconf 84' lang='lat' dir='ltr'><strong>A</strong></span> 
     </span>
    </p>

    <p class='ocr_par' dir='ltr' id='par_1_8' title="bbox 133 1154 973 1204">
     <span class='ocr_line' id='line_1_22' title="bbox 133 1154 973 1204; baseline 0.002 -14"><span class='ocrx_word' id='word_1_217' title='bbox 133 1169 162 1191; x_wconf 89' lang='lat'>2.</span> <span class='ocrx_word' id='word_1_218' title='bbox 178 1157 254 1191; x_wconf 87' lang='lat' dir='ltr'>Hoc</span> <span class='ocrx_word' id='word_1_219' title='bbox 265 1156 398 1204; x_wconf 85' lang='lat' dir='ltr'>angulus</span> <span class='ocrx_word' id='word_1_220' title='bbox 414 1158 520 1191; x_wconf 88' lang='lat' dir='ltr'>minor</span> <span class='ocrx_word' id='word_1_221' title='bbox 538 1155 603 1199; x_wconf 79' lang='lat' dir='ltr'>est,</span> <span class='ocrx_word' id='word_1_222' title='bbox 629 1168 695 1203; x_wconf 89' lang='lat' dir='ltr'>quo</span> <span class='ocrx_word' id='word_1_223' title='bbox 709 1155 801 1190; x_wconf 71' lang='lat' dir='ltr'>lineae</span> <span class='ocrx_word' id='word_1_224' title='bbox 817 1155 846 1189; x_wconf 69' lang='lat' dir='ltr'>R</span> <span class='ocrx_word' id='word_1_225' title='bbox 857 1154 887 1190; x_wconf 94' lang='lat' dir='ltr'>C</span> <span class='ocrx_word' id='word_1_226' title='bbox 903 1183 912 1198; x_wconf 92' lang='lat'>,</span> <span class='ocrx_word' id='word_1_227' title='bbox 929 1156 973 1192; x_wconf 81' lang='lat'>&amp;-</span> 
     </span>
    </p>

    <p class='ocr_par' dir='ltr' id='par_1_9' title="bbox 95 1201 1066 1448">
     <span class='ocr_line' id='line_1_23' title="bbox 101 1201 976 1253; baseline -0.005 -12"><span class='ocrx_word' id='word_1_228' title='bbox 101 1209 135 1241; x_wconf 87' lang='lat'>&amp;</span> <span class='ocrx_word' id='word_1_229' title='bbox 150 1205 180 1239; x_wconf 93' lang='lat' dir='ltr'>C</span> <span class='ocrx_word' id='word_1_230' title='bbox 200 1207 213 1239; x_wconf 91' lang='lat'>1</span> <span class='ocrx_word' id='word_1_231' title='bbox 236 1232 246 1243; x_wconf 94' lang='lat'><em>‚</em></span> <span class='ocrx_word' id='word_1_232' title='bbox 272 1217 432 1251; x_wconf 74' lang='lat' dir='ltr'>quaecum</span> <span class='ocrx_word' id='word_1_233' title='bbox 445 1204 597 1253; x_wconf 83' lang='lat' dir='ltr'>angulum</span> <span class='ocrx_word' id='word_1_234' title='bbox 611 1204 641 1238; x_wconf 92' lang='lat' dir='ltr'>C</span> <span class='ocrx_word' id='word_1_235' title='bbox 655 1201 818 1247; x_wconf 84' lang='lat' dir='ltr'>efficiunt,</span> <span class='ocrx_word' id='word_1_236' title='bbox 837 1205 920 1238; x_wconf 87' lang='lat' dir='ltr'>inter</span> <span class='ocrx_word' id='word_1_237' title='bbox 936 1203 976 1238; x_wconf 72' lang='lat' dir='ltr'>sev</span> 
     </span>
     <span class='ocr_line' id='line_1_24' title="bbox 97 1252 968 1302; baseline -0.006 -13"><span class='ocrx_word' id='word_1_238' title='bbox 97 1255 197 1301; x_wconf 84' lang='lat' dir='ltr'>magis</span> <span class='ocrx_word' id='word_1_239' title='bbox 207 1252 417 1289; x_wconf 82' lang='lat' dir='ltr'>inclinantur:</span> <span class='ocrx_word' id='word_1_240' title='bbox 432 1258 535 1302; x_wconf 86' lang='lat' dir='ltr'>major</span> <span class='ocrx_word' id='word_1_241' title='bbox 548 1253 591 1287; x_wconf 86' lang='lat' dir='ltr'>est</span> <span class='ocrx_word' id='word_1_242' title='bbox 607 1252 741 1300; x_wconf 86' lang='lat' dir='ltr'>angulus</span> <span class='ocrx_word' id='word_1_243' title='bbox 752 1257 784 1288; x_wconf 90' lang='lat'><strong>&amp;</strong></span> <span class='ocrx_word' id='word_1_244' title='bbox 800 1253 941 1299; x_wconf 85' lang='lat' dir='ltr'>apertior</span> <span class='ocrx_word' id='word_1_245' title='bbox 957 1279 968 1294; x_wconf 89' lang='lat'>,</span> 
     </span>
     <span class='ocr_line' id='line_1_25' title="bbox 96 1298 1066 1351; baseline -0.001 -15"><span class='ocrx_word' id='word_1_246' title='bbox 96 1301 165 1351; x_wconf 74' lang='lat' dir='ltr'>quo</span> <span class='ocrx_word' id='word_1_247' title='bbox 179 1301 270 1337; x_wconf 85' lang='lat' dir='ltr'>lineae</span> <span class='ocrx_word' id='word_1_248' title='bbox 286 1304 386 1350; x_wconf 84' lang='lat' dir='ltr'>magis</span> <span class='ocrx_word' id='word_1_249' title='bbox 406 1303 489 1338; x_wconf 87' lang='lat' dir='ltr'>inter</span> <span class='ocrx_word' id='word_1_250' title='bbox 511 1301 542 1336; x_wconf 86' lang='lat' dir='ltr'>se</span> <span class='ocrx_word' id='word_1_251' title='bbox 565 1301 692 1337; x_wconf 80' lang='lat' dir='ltr'>distant.</span> <span class='ocrx_word' id='word_1_252' title='bbox 715 1302 768 1335; x_wconf 84' lang='lat' dir='ltr'>sic</span> <span class='ocrx_word' id='word_1_253' title='bbox 786 1300 917 1349; x_wconf 85' lang='lat' dir='ltr'>angulus</span> <span class='ocrx_word' id='word_1_254' title='bbox 937 1301 966 1335; x_wconf 80' lang='lat' dir='ltr'>A</span> <span class='ocrx_word' id='word_1_255' title='bbox 1015 1298 1066 1339; x_wconf 46' lang='lat' dir='ltr'>D&lt;</span> 
     </span>
     <span class='ocr_line' id='line_1_26' title="bbox 100 1350 979 1400; baseline -0.003 -13"><span class='ocrx_word' id='word_1_256' title='bbox 100 1352 133 1387; x_wconf 86' lang='lat' dir='ltr'>C</span> <span class='ocrx_word' id='word_1_257' title='bbox 148 1353 183 1394; x_wconf 87' lang='lat'>1,</span> <span class='ocrx_word' id='word_1_258' title='bbox 201 1356 299 1398; x_wconf 88' lang='lat' dir='ltr'>major</span> <span class='ocrx_word' id='word_1_259' title='bbox 314 1351 360 1385; x_wconf 87' lang='lat' dir='ltr'>est</span> <span class='ocrx_word' id='word_1_260' title='bbox 372 1350 492 1400; x_wconf 81' lang='lat' dir='ltr'>angulo</span> <span class='ocrx_word' id='word_1_261' title='bbox 506 1350 574 1386; x_wconf 68' lang='lat' dir='ltr'>B2C-</span> <span class='ocrx_word' id='word_1_262' title='bbox 584 1354 618 1396; x_wconf 86' lang='lat'>1,</span> <span class='ocrx_word' id='word_1_263' title='bbox 633 1361 744 1385; x_wconf 32' lang='lat' dir='ltr'>«totum</span> <span class='ocrx_word' id='word_1_264' title='bbox 757 1361 878 1398; x_wconf 77' lang='lat' dir='ltr'>nempe</span> <span class='ocrx_word' id='word_1_265' title='bbox 894 1362 979 1386; x_wconf 67' lang='lat' dir='ltr'>ma·-</span> 
     </span>
     <span class='ocr_line' id='line_1_27' title="bbox 95 1398 385 1448; baseline 0.003 -15"><span class='ocrx_word' id='word_1_266' title='bbox 95 1402 144 1446; x_wconf 79' lang='lat' dir='ltr'>jus</span> <span class='ocrx_word' id='word_1_267' title='bbox 157 1399 200 1434; x_wconf 81' lang='lat' dir='ltr'>est</span> <span class='ocrx_word' id='word_1_268' title='bbox 213 1398 264 1434; x_wconf 86' lang='lat' dir='ltr'>sua</span> <span class='ocrx_word' id='word_1_269' title='bbox 282 1410 385 1448; x_wconf 86' lang='lat' dir='ltr'>parte.</span> 
     </span>
    </p>

    <p class='ocr_par' dir='ltr' id='par_1_10' title="bbox 113 1445 961 1496">
     <span class='ocr_line' id='line_1_28' title="bbox 113 1445 961 1496; baseline -0.004 -13"><span class='ocrx_word' id='word_1_270' title='bbox 113 1447 265 1496; x_wconf 80' lang='lat' dir='ltr'>3.-Anguli</span> <span class='ocrx_word' id='word_1_271' title='bbox 282 1448 547 1496; x_wconf 73' lang='lat' dir='ltr'>magnitudinem</span> <span class='ocrx_word' id='word_1_272' title='bbox 557 1445 726 1482; x_wconf 74' lang='lat' dir='ltr'>dimetitur</span> <span class='ocrx_word' id='word_1_273' title='bbox 736 1456 824 1482; x_wconf 77' lang='lat' dir='ltr'>&#39;artus</span> <span class='ocrx_word' id='word_1_274' title='bbox 842 1445 961 1490; x_wconf 71' lang='lat' dir='ltr'>circuli,</span> 
     </span>
    </p>

    <p class='ocr_par' dir='ltr' id='par_1_11' title="bbox 97 1489 1260 1545">
     <span class='ocr_line' id='line_1_29' title="bbox 97 1489 1260 1545; baseline -0.002 -14"><span class='ocrx_word' id='word_1_275' title='bbox 97 1495 150 1531; x_wconf 86' lang='lat' dir='ltr'>seu</span> <span class='ocrx_word' id='word_1_276' title='bbox 169 1508 241 1545; x_wconf 85' lang='lat' dir='ltr'>pars</span> <span class='ocrx_word' id='word_1_277' title='bbox 259 1496 545 1540; x_wconf 73' lang='lat' dir='ltr'>circumferentiae,</span> <span class='ocrx_word' id='word_1_278' title='bbox 571 1508 669 1543; x_wconf 89' lang='lat' dir='ltr'>quam</span> <span class='ocrx_word' id='word_1_279' title='bbox 681 1496 747 1530; x_wconf 76' lang='lat' dir='ltr'>duae</span> <span class='ocrx_word' id='word_1_280' title='bbox 759 1495 849 1530; x_wconf 86' lang='lat' dir='ltr'>lineae</span> <span class='ocrx_word' id='word_1_281' title='bbox 862 1508 966 1543; x_wconf 83' lang='lat' dir='ltr'>angu-</span> <span class='ocrx_word' id='word_1_282' title='bbox 1214 1489 1260 1525; x_wconf 80' lang='grc'>0·</span> 
     </span>
    </p>

    <p class='ocr_par' dir='ltr' id='par_1_12' title="bbox 98 1543 985 1592">
     <span class='ocr_line' id='line_1_30' title="bbox 98 1543 985 1592; baseline -0.002 -12"><span class='ocrx_word' id='word_1_283' title='bbox 98 1544 163 1581; x_wconf 85' lang='lat' dir='ltr'>lum</span> <span class='ocrx_word' id='word_1_284' title='bbox 180 1544 355 1583; x_wconf 85' lang='lat' dir='ltr'>efficientes</span> <span class='ocrx_word' id='word_1_285' title='bbox 370 1545 669 1592; x_wconf 81' lang='lat' dir='ltr'>comprehendunt:</span> <span class='ocrx_word' id='word_1_286' title='bbox 690 1543 730 1578; x_wconf 79' lang='lat' dir='ltr'>sic</span> <span class='ocrx_word' id='word_1_287' title='bbox 747 1556 834 1578; x_wconf 86' lang='lat' dir='ltr'>arcus</span> <span class='ocrx_word' id='word_1_288' title='bbox 853 1546 877 1578; x_wconf 85' lang='lat' dir='ltr'><strong>B</strong></span> <span class='ocrx_word' id='word_1_289' title='bbox 888 1544 985 1586; x_wconf 56' lang='lat' dir='ltr'>Lest‘</span> 
     </span>
    </p>

    <p class='ocr_par' dir='ltr' id='par_1_13' title="bbox 97 1591 1496 2224">
     <span class='ocr_line' id='line_1_31' title="bbox 97 1591 1479 1645; baseline 0.002 -16"><span class='ocrx_word' id='word_1_290' title='bbox 97 1594 243 1629; x_wconf 84' lang='lat' dir='ltr'>mensura</span> <span class='ocrx_word' id='word_1_291' title='bbox 254 1594 364 1643; x_wconf 80' lang='lat' dir='ltr'>anguli</span> <span class='ocrx_word' id='word_1_292' title='bbox 377 1596 401 1627; x_wconf 87' lang='lat' dir='ltr'>B</span> <span class='ocrx_word' id='word_1_293' title='bbox 412 1594 442 1628; x_wconf 93' lang='lat' dir='ltr'>C</span> <span class='ocrx_word' id='word_1_294' title='bbox 455 1597 489 1636; x_wconf 75' lang='lat'>1&#39;‚</span> <span class='ocrx_word' id='word_1_295' title='bbox 504 1606 540 1627; x_wconf 92' lang='lat' dir='ltr'>ut</span> <span class='ocrx_word' id='word_1_296' title='bbox 550 1605 637 1626; x_wconf 85' lang='lat' dir='ltr'>arcus</span> <span class='ocrx_word' id='word_1_297' title='bbox 647 1595 700 1628; x_wconf 76' lang='grc' dir='ltr'>ΑΙ</span> <span class='ocrx_word' id='word_1_298' title='bbox 715 1621 724 1635; x_wconf 87' lang='grc'>,</span> <span class='ocrx_word' id='word_1_299' title='bbox 741 1594 869 1638; x_wconf 78' lang='lat' dir='ltr'>metitur.</span> <span class='ocrx_word' id='word_1_300' title='bbox 886 1591 1039 1639; x_wconf 80' lang='lat' dir='ltr'>angulum</span> <span class='ocrx_word' id='word_1_301' title='bbox 1058 1593 1085 1628; x_wconf 82' lang='lat' dir='ltr'>A</span> <span class='ocrx_word' id='word_1_302' title='bbox 1098 1593 1128 1628; x_wconf 87' lang='lat' dir='ltr'>C</span> <span class='ocrx_word' id='word_1_303' title='bbox 1136 1594 1159 1629; x_wconf 84' lang='lat' dir='ltr'>l.</span> <span class='ocrx_word' id='word_1_304' title='bbox 1177 1593 1321 1631; x_wconf 82' lang='lat' dir='ltr'>Circulus</span> <span class='ocrx_word' id='word_1_305' title='bbox 1335 1601 1479 1645; x_wconf 83' lang='lat' dir='ltr'>concipi-</span> 
     </span>
     <span class='ocr_line' id='line_1_32' title="bbox 99 1639 1478 1690; baseline 0.004 -14"><span class='ocrx_word' id='word_1_306' title='bbox 99 1653 150 1676; x_wconf 87' lang='lat' dir='ltr'>tut</span> <span class='ocrx_word' id='word_1_307' title='bbox 164 1641 276 1679; x_wconf 84' lang='lat' dir='ltr'>divisus</span> <span class='ocrx_word' id='word_1_308' title='bbox 287 1645 320 1678; x_wconf 85' lang='lat' dir='ltr'>in</span> <span class='ocrx_word' id='word_1_309' title='bbox 334 1651 388 1688; x_wconf 79' lang='lat'>360</span> <span class='ocrx_word' id='word_1_310' title='bbox 401 1654 506 1690; x_wconf 85' lang='lat' dir='ltr'>partes</span> <span class='ocrx_word' id='word_1_311' title='bbox 519 1640 655 1688; x_wconf 83' lang='lat' dir='ltr'>aequales</span> <span class='ocrx_word' id='word_1_312' title='bbox 672 1653 741 1688; x_wconf 86' lang='lat' dir='ltr'>quae</span> <span class='ocrx_word' id='word_1_313' title='bbox 751 1641 864 1689; x_wconf 84' lang='lat' dir='ltr'>gradus</span> <span class='ocrx_word' id='word_1_314' title='bbox 881 1641 1034 1677; x_wconf 85' lang='lat' dir='ltr'>dicuntur.</span> <span class='ocrx_word' id='word_1_315' title='bbox 1060 1643 1097 1677; x_wconf 88' lang='lat' dir='ltr'>ln</span> <span class='ocrx_word' id='word_1_316' title='bbox 1116 1639 1314 1679; x_wconf 83' lang='lat' dir='ltr'>semicirculo</span> <span class='ocrx_word' id='word_1_317' title='bbox 1333 1644 1402 1682; x_wconf 83' lang='lat' dir='ltr'>fiint</span> <span class='ocrx_word' id='word_1_318' title='bbox 1425 1650 1478 1684; x_wconf 76' lang='lat'>180</span> 
     </span>
     <span class='ocr_line' id='line_1_33' title="bbox 97 1688 1479 1743; baseline 0.001 -19"><span class='ocrx_word' id='word_1_319' title='bbox 97 1690 210 1739; x_wconf 82' lang='lat' dir='ltr'>gradus</span> <span class='ocrx_word' id='word_1_320' title='bbox 225 1708 234 1735; x_wconf 79' lang='lat'>3</span> <span class='ocrx_word' id='word_1_321' title='bbox 251 1693 282 1726; x_wconf 90' lang='lat' dir='ltr'>in</span> <span class='ocrx_word' id='word_1_322' title='bbox 301 1692 477 1738; x_wconf 81' lang='lat' dir='ltr'>quadrante</span> <span class='ocrx_word' id='word_1_323' title='bbox 490 1689 600 1724; x_wconf 91' lang='lat' dir='ltr'>circuli</span> <span class='ocrx_word' id='word_1_324' title='bbox 611 1688 680 1725; x_wconf 87' lang='lat' dir='ltr'>sunt</span> <span class='ocrx_word' id='word_1_325' title='bbox 692 1702 741 1735; x_wconf 84' lang='lat'>9⁰</span> <span class='ocrx_word' id='word_1_326' title='bbox 755 1690 879 1736; x_wconf 56' lang='lat' dir='ltr'>gradus„</span> <span class='ocrx_word' id='word_1_327' title='bbox 897 1691 947 1724; x_wconf 91' lang='lat' dir='ltr'>Sic</span> <span class='ocrx_word' id='word_1_328' title='bbox 966 1688 1052 1724; x_wconf 83' lang='lat' dir='ltr'>linea</span> <span class='ocrx_word' id='word_1_329' title='bbox 1065 1692 1094 1725; x_wconf 89' lang='lat' dir='ltr'>A</span> <span class='ocrx_word' id='word_1_330' title='bbox 1115 1691 1155 1733; x_wconf 86' lang='lat' dir='ltr'>C,</span> <span class='ocrx_word' id='word_1_331' title='bbox 1168 1704 1240 1739; x_wconf 82' lang='lat' dir='ltr'>quae</span> <span class='ocrx_word' id='word_1_332' title='bbox 1254 1693 1293 1727; x_wconf 87' lang='lat' dir='ltr'>ad</span> <span class='ocrx_word' id='word_1_333' title='bbox 1307 1697 1479 1743; x_wconf 72' lang='lat' dir='ltr'>perpendi-</span> 
     </span>
     <span class='ocr_line' id='line_1_34' title="bbox 98 1737 1478 1786; baseline 0.004 -13"><span class='ocrx_word' id='word_1_334' title='bbox 98 1739 206 1774; x_wconf 87' lang='lat' dir='ltr'>culum</span> <span class='ocrx_word' id='word_1_335' title='bbox 217 1741 345 1775; x_wconf 88' lang='lat' dir='ltr'>caditin</span> <span class='ocrx_word' id='word_1_336' title='bbox 357 1740 479 1773; x_wconf 68' lang='lat' dir='ltr'>reffam</span> <span class='ocrx_word' id='word_1_337' title='bbox 493 1739 522 1773; x_wconf 94' lang='lat' dir='ltr'>C</span> <span class='ocrx_word' id='word_1_338' title='bbox 538 1741 591 1781; x_wconf 87' lang='lat' dir='ltr'>D,</span> <span class='ocrx_word' id='word_1_339' title='bbox 608 1739 688 1773; x_wconf 86' lang='lat' dir='ltr'>duos</span> <span class='ocrx_word' id='word_1_340' title='bbox 705 1739 780 1773; x_wconf 88' lang='lat' dir='ltr'>hinc</span> <span class='ocrx_word' id='word_1_341' title='bbox 798 1739 872 1772; x_wconf 88' lang='lat' dir='ltr'>inde</span> <span class='ocrx_word' id='word_1_342' title='bbox 889 1737 1023 1786; x_wconf 81' lang='lat' dir='ltr'>angulos</span> <span class='ocrx_word' id='word_1_343' title='bbox 1039 1739 1175 1786; x_wconf 84' lang='lat' dir='ltr'>aequales</span> <span class='ocrx_word' id='word_1_344' title='bbox 1195 1740 1294 1776; x_wconf 81' lang='lat' dir='ltr'>efficit</span> <span class='ocrx_word' id='word_1_345' title='bbox 1309 1743 1337 1776; x_wconf 92' lang='lat' dir='ltr'>A</span> <span class='ocrx_word' id='word_1_346' title='bbox 1350 1745 1379 1778; x_wconf 89' lang='lat' dir='ltr'>C</span> <span class='ocrx_word' id='word_1_347' title='bbox 1397 1747 1429 1780; x_wconf 93' lang='lat' dir='ltr'>D</span> <span class='ocrx_word' id='word_1_348' title='bbox 1442 1749 1478 1781; x_wconf 74' lang='grc' dir='ltr'>δε</span> 
     </span>
     <span class='ocr_line' id='line_1_35' title="bbox 98 1788 1477 1838; baseline 0.003 -14"><span class='ocrx_word' id='word_1_349' title='bbox 98 1789 127 1824; x_wconf 85' lang='lat' dir='ltr'>A</span> <span class='ocrx_word' id='word_1_350' title='bbox 142 1789 213 1831; x_wconf 89' lang='lat' dir='ltr'>CI,</span> <span class='ocrx_word' id='word_1_351' title='bbox 236 1792 292 1836; x_wconf 88' lang='lat' dir='ltr'>qui</span> <span class='ocrx_word' id='word_1_352' title='bbox 312 1789 459 1824; x_wconf 88' lang='lat' dir='ltr'>dicuntur</span> <span class='ocrx_word' id='word_1_353' title='bbox 467 1788 549 1822; x_wconf 65' lang='lat' dir='ltr'>recti</span> <span class='ocrx_word' id='word_1_354' title='bbox 562 1816 572 1831; x_wconf 87' lang='lat'>‚</span> <span class='ocrx_word' id='word_1_355' title='bbox 586 1792 618 1824; x_wconf 89' lang='lat'>&amp;</span> <span class='ocrx_word' id='word_1_356' title='bbox 631 1788 719 1822; x_wconf 74' lang='lat' dir='ltr'>rec&#39;ta</span> <span class='ocrx_word' id='word_1_357' title='bbox 732 1788 793 1823; x_wconf 87' lang='lat' dir='ltr'>AC</span> <span class='ocrx_word' id='word_1_358' title='bbox 815 1815 825 1830; x_wconf 90' lang='lat'>,</span> <span class='ocrx_word' id='word_1_359' title='bbox 846 1798 981 1822; x_wconf 85' lang='lat' dir='ltr'>vocatur</span> <span class='ocrx_word' id='word_1_360' title='bbox 993 1788 1263 1835; x_wconf 82' lang='lat' dir='ltr'>perpendicularis</span> <span class='ocrx_word' id='word_1_361' title='bbox 1278 1804 1286 1826; x_wconf 91' lang='lat'>:</span> <span class='ocrx_word' id='word_1_362' title='bbox 1306 1793 1393 1838; x_wconf 89' lang='lat' dir='ltr'>quod</span> <span class='ocrx_word' id='word_1_363' title='bbox 1409 1806 1477 1828; x_wconf 88' lang='lat' dir='ltr'>non</span> 
     </span>
     <span class='ocr_line' id='line_1_36' title="bbox 97 1836 1480 1885; baseline 0.001 -14"><span class='ocrx_word' id='word_1_364' title='bbox 97 1839 196 1885; x_wconf 83' lang='lat' dir='ltr'>magis</span> <span class='ocrx_word' id='word_1_365' title='bbox 208 1839 241 1873; x_wconf 86' lang='lat' dir='ltr'>in</span> <span class='ocrx_word' id='word_1_366' title='bbox 256 1850 350 1874; x_wconf 88' lang='lat' dir='ltr'>unam</span> <span class='ocrx_word' id='word_1_367' title='bbox 363 1849 487 1885; x_wconf 78' lang='lat' dir='ltr'>partem</span> <span class='ocrx_word' id='word_1_368' title='bbox 499 1864 508 1879; x_wconf 94' lang='lat'>,</span> <span class='ocrx_word' id='word_1_369' title='bbox 521 1836 619 1883; x_wconf 61' lang='lat' dir='ltr'>quam</span> <span class='ocrx_word' id='word_1_370' title='bbox 629 1839 663 1872; x_wconf 90' lang='lat' dir='ltr'>in</span> <span class='ocrx_word' id='word_1_371' title='bbox 672 1836 807 1871; x_wconf 83' lang='lat' dir='ltr'>alteram</span> <span class='ocrx_word' id='word_1_372' title='bbox 820 1836 1070 1882; x_wconf 84' lang='lat' dir='ltr'>inclinet,eaque</span> <span class='ocrx_word' id='word_1_373' title='bbox 1082 1836 1251 1883; x_wconf 66' lang='lat' dir='ltr'>aequaliter</span> <span class='ocrx_word' id='word_1_374' title='bbox 1258 1839 1356 1874; x_wconf 87' lang='lat' dir='ltr'>distet</span> <span class='ocrx_word' id='word_1_375' title='bbox 1368 1840 1409 1875; x_wconf 80' lang='lat' dir='ltr'>ab</span> <span class='ocrx_word' id='word_1_376' title='bbox 1423 1854 1480 1877; x_wconf 72' lang='lat' dir='ltr'>ex,</span> 
     </span>
     <span class='ocr_line' id='line_1_37' title="bbox 98 1882 1496 1937; baseline 0.004 -18"><span class='ocrx_word' id='word_1_377' title='bbox 98 1888 209 1920; x_wconf 88' lang='lat' dir='ltr'>tremis</span> <span class='ocrx_word' id='word_1_378' title='bbox 221 1887 370 1921; x_wconf 77' lang='lat' dir='ltr'>diametri</span> <span class='ocrx_word' id='word_1_379' title='bbox 388 1885 496 1920; x_wconf 89' lang='lat' dir='ltr'>circuli</span> <span class='ocrx_word' id='word_1_380' title='bbox 512 1888 544 1920; x_wconf 96' lang='lat' dir='ltr'>D</span> <span class='ocrx_word' id='word_1_381' title='bbox 558 1888 580 1919; x_wconf 91' lang='lat'>1.</span> <span class='ocrx_word' id='word_1_382' title='bbox 597 1887 686 1920; x_wconf 82' lang='lat' dir='ltr'>Cum</span> <span class='ocrx_word' id='word_1_383' title='bbox 705 1896 813 1920; x_wconf 80' lang='lat' dir='ltr'>autem</span> <span class='ocrx_word' id='word_1_384' title='bbox 829 1887 862 1920; x_wconf 77' lang='lat' dir='ltr'>ir.</span> <span class='ocrx_word' id='word_1_385' title='bbox 874 1882 1074 1919; x_wconf 84' lang='lat' dir='ltr'>semicirculo</span> <span class='ocrx_word' id='word_1_386' title='bbox 1085 1888 1116 1921; x_wconf 94' lang='lat' dir='ltr'>D</span> <span class='ocrx_word' id='word_1_387' title='bbox 1127 1887 1155 1920; x_wconf 89' lang='lat' dir='ltr'>A</span> <span class='ocrx_word' id='word_1_388' title='bbox 1167 1888 1180 1920; x_wconf 94' lang='lat'>1</span> <span class='ocrx_word' id='word_1_389' title='bbox 1193 1914 1202 1927; x_wconf 94' lang='lat'>,</span> <span class='ocrx_word' id='word_1_390' title='bbox 1214 1886 1271 1922; x_wconf 89' lang='lat' dir='ltr'>fint</span> <span class='ocrx_word' id='word_1_391' title='bbox 1283 1890 1342 1924; x_wconf 83' lang='lat'>180</span> <span class='ocrx_word' id='word_1_392' title='bbox 1351 1891 1476 1937; x_wconf 61' lang='lat' dir='ltr'>gradus„</span> <span class='ocrx_word' id='word_1_393' title='bbox 1493 1916 1496 1918; x_wconf 85' lang='lat'><em>-</em></span> 
     </span>
     <span class='ocr_line' id='line_1_38' title="bbox 100 1930 1479 1982; baseline 0.003 -16"><span class='ocrx_word' id='word_1_394' title='bbox 100 1932 205 1979; x_wconf 82' lang='lat' dir='ltr'>palam</span> <span class='ocrx_word' id='word_1_395' title='bbox 224 1935 269 1968; x_wconf 86' lang='lat' dir='ltr'>est</span> <span class='ocrx_word' id='word_1_396' title='bbox 286 1945 551 1982; x_wconf 86' lang='lat' dir='ltr'>unumquemque</span> <span class='ocrx_word' id='word_1_397' title='bbox 563 1933 712 1982; x_wconf 77' lang='lat' dir='ltr'>angulum</span> <span class='ocrx_word' id='word_1_398' title='bbox 724 1936 896 1977; x_wconf 67' lang='lat' dir='ltr'>rectum,ut</span> <span class='ocrx_word' id='word_1_399' title='bbox 914 1930 1085 1976; x_wconf 78' lang='lat' dir='ltr'>ACD,effe</span> <span class='ocrx_word' id='word_1_400' title='bbox 1099 1948 1144 1977; x_wconf 85' lang='lat'>90</span> <span class='ocrx_word' id='word_1_401' title='bbox 1155 1936 1321 1982; x_wconf 81' lang='lat' dir='ltr'>graduum.</span> <span class='ocrx_word' id='word_1_402' title='bbox 1342 1940 1415 1973; x_wconf 90' lang='lat' dir='ltr'>Nec</span> <span class='ocrx_word' id='word_1_403' title='bbox 1426 1951 1479 1974; x_wconf 85' lang='lat' dir='ltr'>re-</span> 
     </span>
     <span class='ocr_line' id='line_1_39' title="bbox 101 1980 1478 2030; baseline 0.006 -16"><span class='ocrx_word' id='word_1_404' title='bbox 101 1980 166 2015; x_wconf 88' lang='lat' dir='ltr'>fert</span> <span class='ocrx_word' id='word_1_405' title='bbox 177 1993 284 2018; x_wconf 85' lang='lat' dir='ltr'>utrum</span> <span class='ocrx_word' id='word_1_406' title='bbox 293 1982 399 2016; x_wconf 88' lang='lat' dir='ltr'>circuli</span> <span class='ocrx_word' id='word_1_407' title='bbox 413 1984 521 2030; x_wconf 80' lang='lat' dir='ltr'>magni</span> <span class='ocrx_word' id='word_1_408' title='bbox 531 1980 590 2016; x_wconf 81' lang='lat' dir='ltr'>sint</span> <span class='ocrx_word' id='word_1_409' title='bbox 602 2010 612 2025; x_wconf 86' lang='lat'>,</span> <span class='ocrx_word' id='word_1_410' title='bbox 620 1995 660 2017; x_wconf 88' lang='lat' dir='ltr'>an</span> <span class='ocrx_word' id='word_1_411' title='bbox 670 1985 761 2030; x_wconf 87' lang='lat' dir='ltr'>parvi</span> <span class='ocrx_word' id='word_1_412' title='bbox 776 1997 783 2018; x_wconf 93' lang='lat'>:</span> <span class='ocrx_word' id='word_1_413' title='bbox 801 1983 833 2017; x_wconf 87' lang='lat' dir='ltr'>id</span> <span class='ocrx_word' id='word_1_414' title='bbox 843 1984 930 2016; x_wconf 84' lang='lat' dir='ltr'>enim</span> <span class='ocrx_word' id='word_1_415' title='bbox 947 1981 1056 2030; x_wconf 78' lang='lat' dir='ltr'>anguli</span> <span class='ocrx_word' id='word_1_416' title='bbox 1069 1986 1284 2029; x_wconf 83' lang='lat' dir='ltr'>quantitatem</span> <span class='ocrx_word' id='word_1_417' title='bbox 1294 2014 1303 2029; x_wconf 83' lang='lat'>,</span> <span class='ocrx_word' id='word_1_418' title='bbox 1321 1985 1371 2022; x_wconf 89' lang='lat' dir='ltr'>seu</span> <span class='ocrx_word' id='word_1_419' title='bbox 1383 1987 1478 2022; x_wconf 85' lang='lat' dir='ltr'>incli-</span> 
     </span>
     <span class='ocr_line' id='line_1_40' title="bbox 101 2029 1477 2084; baseline 0.007 -22"><span class='ocrx_word' id='word_1_420' title='bbox 101 2031 269 2064; x_wconf 83' lang='lat' dir='ltr'>nationem</span> <span class='ocrx_word' id='word_1_421' title='bbox 280 2043 345 2065; x_wconf 89' lang='lat' dir='ltr'>non</span> <span class='ocrx_word' id='word_1_422' title='bbox 364 2042 480 2066; x_wconf 87' lang='lat' dir='ltr'>mutat.</span> <span class='ocrx_word' id='word_1_423' title='bbox 491 2031 591 2066; x_wconf 90' lang='lat' dir='ltr'>Unde</span> <span class='ocrx_word' id='word_1_424' title='bbox 604 2031 710 2079; x_wconf 85' lang='lat' dir='ltr'>anguli</span> <span class='ocrx_word' id='word_1_425' title='bbox 723 2043 836 2067; x_wconf 85' lang='lat' dir='ltr'>omn:s</span> <span class='ocrx_word' id='word_1_426' title='bbox 854 2033 935 2066; x_wconf 67' lang='lat' dir='ltr'>recti</span> <span class='ocrx_word' id='word_1_427' title='bbox 949 2029 1016 2066; x_wconf 81' lang='lat' dir='ltr'>funt</span> <span class='ocrx_word' id='word_1_428' title='bbox 1029 2032 1112 2066; x_wconf 88' lang='lat' dir='ltr'>inter</span> <span class='ocrx_word' id='word_1_429' title='bbox 1121 2030 1151 2066; x_wconf 85' lang='lat' dir='ltr'>se</span> <span class='ocrx_word' id='word_1_430' title='bbox 1169 2033 1307 2080; x_wconf 87' lang='lat' dir='ltr'>aequales</span> <span class='ocrx_word' id='word_1_431' title='bbox 1324 2063 1335 2078; x_wconf 95' lang='lat'><em>,</em></span> <span class='ocrx_word' id='word_1_432' title='bbox 1356 2047 1477 2084; x_wconf 87' lang='lat' dir='ltr'>nempe</span> 
     </span>
     <span class='ocr_line' id='line_1_41' title="bbox 102 2078 1477 2131; baseline 0.005 -19"><span class='ocrx_word' id='word_1_433' title='bbox 102 2092 147 2121; x_wconf 86' lang='lat'>90</span> <span class='ocrx_word' id='word_1_434' title='bbox 180 2079 345 2127; x_wconf 82' lang='lat' dir='ltr'>graduum.</span> <span class='ocrx_word' id='word_1_435' title='bbox 377 2079 477 2124; x_wconf 81' lang='lat' dir='ltr'>Qod</span> <span class='ocrx_word' id='word_1_436' title='bbox 498 2078 518 2111; x_wconf 87' lang='lat' dir='ltr'>si</span> <span class='ocrx_word' id='word_1_437' title='bbox 529 2078 613 2112; x_wconf 84' lang='lat' dir='ltr'>linea</span> <span class='ocrx_word' id='word_1_438' title='bbox 626 2081 654 2113; x_wconf 83' lang='lat' dir='ltr'><strong>A</strong></span> <span class='ocrx_word' id='word_1_439' title='bbox 669 2080 720 2124; x_wconf 77' lang='lat' dir='ltr'>C,</span> <span class='ocrx_word' id='word_1_440' title='bbox 737 2081 931 2128; x_wconf 81' lang='lat' dir='ltr'>producatur</span> <span class='ocrx_word' id='word_1_441' title='bbox 947 2081 981 2115; x_wconf 90' lang='lat' dir='ltr'>in</span> <span class='ocrx_word' id='word_1_442' title='bbox 998 2082 1051 2123; x_wconf 89' lang='lat' dir='ltr'>O,</span> <span class='ocrx_word' id='word_1_443' title='bbox 1070 2091 1139 2114; x_wconf 85' lang='lat' dir='ltr'>tum</span> <span class='ocrx_word' id='word_1_444' title='bbox 1157 2083 1239 2115; x_wconf 86' lang='lat' dir='ltr'>circa</span> <span class='ocrx_word' id='word_1_445' title='bbox 1258 2085 1477 2131; x_wconf 58' lang='lat' dir='ltr'>punirumC,</span> 
     </span>
     <span class='ocr_line' id='line_1_42' title="bbox 103 2126 1476 2180; baseline 0.005 -19"><span class='ocrx_word' id='word_1_446' title='bbox 103 2126 184 2161; x_wconf 81' lang='lat' dir='ltr'>fient</span> <span class='ocrx_word' id='word_1_447' title='bbox 207 2140 345 2174; x_wconf 81' lang='lat' dir='ltr'>quatuor</span> <span class='ocrx_word' id='word_1_448' title='bbox 362 2126 467 2175; x_wconf 78' lang='lat' dir='ltr'>anguli</span> <span class='ocrx_word' id='word_1_449' title='bbox 486 2128 586 2170; x_wconf 65' lang='lat' dir='ltr'>redti,</span> <span class='ocrx_word' id='word_1_450' title='bbox 608 2129 663 2174; x_wconf 88' lang='lat' dir='ltr'>qui</span> <span class='ocrx_word' id='word_1_451' title='bbox 676 2138 779 2165; x_wconf 88' lang='lat' dir='ltr'>totam</span> <span class='ocrx_word' id='word_1_452' title='bbox 797 2129 904 2165; x_wconf 91' lang='lat' dir='ltr'>circuli</span> <span class='ocrx_word' id='word_1_453' title='bbox 922 2128 1213 2165; x_wconf 84' lang='lat' dir='ltr'>circumferentiam</span> <span class='ocrx_word' id='word_1_454' title='bbox 1237 2140 1299 2176; x_wconf 84' lang='lat'>360</span> <span class='ocrx_word' id='word_1_455' title='bbox 1319 2133 1476 2180; x_wconf 82' lang='lat' dir='ltr'>graduum</span> 
     </span>
     <span class='ocr_line' id='line_1_43' title="bbox 103 2176 392 2224; baseline 0.01 -15"><span class='ocrx_word' id='word_1_456' title='bbox 103 2176 392 2224; x_wconf 83' lang='lat' dir='ltr'>comprehendent.</span> 
     </span>
    </p>

    <p class='ocr_par' dir='ltr' id='par_1_14' title="bbox 104 2223 1492 2371">
     <span class='ocr_line' id='line_1_44' title="bbox 139 2223 1473 2273; baseline 0.001 -14"><span class='ocrx_word' id='word_1_457' title='bbox 139 2240 172 2271; x_wconf 85' lang='lat'>4.</span> <span class='ocrx_word' id='word_1_458' title='bbox 195 2226 278 2259; x_wconf 88' lang='lat' dir='ltr'>Cum</span> <span class='ocrx_word' id='word_1_459' title='bbox 297 2228 383 2261; x_wconf 58' lang='lat' dir='ltr'>reeta</span> <span class='ocrx_word' id='word_1_460' title='bbox 402 2225 485 2261; x_wconf 78' lang='lat' dir='ltr'>linea</span> <span class='ocrx_word' id='word_1_461' title='bbox 502 2226 525 2258; x_wconf 86' lang='lat' dir='ltr'>B</span> <span class='ocrx_word' id='word_1_462' title='bbox 540 2223 570 2258; x_wconf 94' lang='lat' dir='ltr'>C</span> <span class='ocrx_word' id='word_1_463' title='bbox 582 2252 590 2266; x_wconf 86' lang='lat'>,</span> <span class='ocrx_word' id='word_1_464' title='bbox 609 2225 642 2258; x_wconf 88' lang='lat' dir='ltr'>in</span> <span class='ocrx_word' id='word_1_465' title='bbox 666 2225 787 2259; x_wconf 60' lang='lat' dir='ltr'>reelam</span> <span class='ocrx_word' id='word_1_466' title='bbox 802 2229 834 2261; x_wconf 94' lang='lat' dir='ltr'>D</span> <span class='ocrx_word' id='word_1_467' title='bbox 846 2228 902 2262; x_wconf 81' lang='lat' dir='ltr'>Cr</span> <span class='ocrx_word' id='word_1_468' title='bbox 920 2256 930 2270; x_wconf 90' lang='lat'>,</span> <span class='ocrx_word' id='word_1_469' title='bbox 956 2226 1090 2273; x_wconf 69' lang='lat' dir='ltr'>oblique</span> <span class='ocrx_word' id='word_1_470' title='bbox 1104 2227 1190 2261; x_wconf 88' lang='lat' dir='ltr'>cadit</span> <span class='ocrx_word' id='word_1_471' title='bbox 1202 2254 1212 2269; x_wconf 92' lang='lat'>,</span> <span class='ocrx_word' id='word_1_472' title='bbox 1233 2237 1300 2261; x_wconf 90' lang='lat' dir='ltr'>tum</span> <span class='ocrx_word' id='word_1_473' title='bbox 1318 2227 1395 2261; x_wconf 87' lang='lat' dir='ltr'>duos</span> <span class='ocrx_word' id='word_1_474' title='bbox 1417 2228 1473 2261; x_wconf 58' lang='lat' dir='ltr'>iti4</span> 
     </span>
     <span class='ocr_line' id='line_1_45' title="bbox 104 2269 1471 2323; baseline 0.003 -17"><span class='ocrx_word' id='word_1_475' title='bbox 104 2274 178 2307; x_wconf 82' lang='lat' dir='ltr'>dem</span> <span class='ocrx_word' id='word_1_476' title='bbox 195 2272 348 2321; x_wconf 86' lang='lat' dir='ltr'>obliquos</span> <span class='ocrx_word' id='word_1_477' title='bbox 368 2274 499 2322; x_wconf 77' lang='lat' dir='ltr'>angulos</span> <span class='ocrx_word' id='word_1_478' title='bbox 510 2269 612 2307; x_wconf 87' lang='lat' dir='ltr'>efficit</span> <span class='ocrx_word' id='word_1_479' title='bbox 626 2301 635 2315; x_wconf 89' lang='lat'>‚</span> <span class='ocrx_word' id='word_1_480' title='bbox 645 2284 711 2307; x_wconf 84' lang='lat' dir='ltr'>uon</span> <span class='ocrx_word' id='word_1_481' title='bbox 728 2275 848 2319; x_wconf 66' lang='lat' dir='ltr'>rectos,</span> <span class='ocrx_word' id='word_1_482' title='bbox 864 2288 1002 2323; x_wconf 85' lang='lat' dir='ltr'>quorum</span> <span class='ocrx_word' id='word_1_483' title='bbox 1021 2275 1102 2309; x_wconf 80' lang='lat' dir='ltr'>alter</span> <span class='ocrx_word' id='word_1_484' title='bbox 1117 2274 1178 2309; x_wconf 90' lang='lat' dir='ltr'>BC</span> <span class='ocrx_word' id='word_1_485' title='bbox 1191 2277 1204 2307; x_wconf 89' lang='lat'>1</span> <span class='ocrx_word' id='word_1_486' title='bbox 1218 2303 1228 2317; x_wconf 87' lang='lat'>,</span> <span class='ocrx_word' id='word_1_487' title='bbox 1239 2275 1285 2309; x_wconf 86' lang='lat' dir='ltr'>est</span> <span class='ocrx_word' id='word_1_488' title='bbox 1298 2276 1402 2309; x_wconf 87' lang='lat' dir='ltr'>minor</span> <span class='ocrx_word' id='word_1_489' title='bbox 1419 2287 1471 2310; x_wconf 65' lang='lat' dir='ltr'>re⁸²</span> 
     </span>
     <span class='ocr_line' id='line_1_46' title="bbox 106 2321 1492 2371; baseline 0.002 -15"><span class='ocrx_word' id='word_1_490' title='bbox 106 2323 158 2356; x_wconf 60' lang='lat' dir='ltr'>ero</span> <span class='ocrx_word' id='word_1_491' title='bbox 169 2323 197 2358; x_wconf 89' lang='lat' dir='ltr'><strong>A</strong></span> <span class='ocrx_word' id='word_1_492' title='bbox 211 2324 241 2358; x_wconf 91' lang='lat' dir='ltr'>C</span> <span class='ocrx_word' id='word_1_493' title='bbox 255 2326 287 2368; x_wconf 87' lang='lat'>1,</span> <span class='ocrx_word' id='word_1_494' title='bbox 303 2328 335 2359; x_wconf 89' lang='lat'>&amp;</span> <span class='ocrx_word' id='word_1_495' title='bbox 345 2335 454 2359; x_wconf 82' lang='lat' dir='ltr'>acutus</span> <span class='ocrx_word' id='word_1_496' title='bbox 466 2324 601 2367; x_wconf 84' lang='lat' dir='ltr'>dicitur;</span> <span class='ocrx_word' id='word_1_497' title='bbox 615 2321 696 2357; x_wconf 89' lang='lat' dir='ltr'>alter</span> <span class='ocrx_word' id='word_1_498' title='bbox 710 2321 770 2357; x_wconf 84' lang='lat' dir='ltr'>BC</span> <span class='ocrx_word' id='word_1_499' title='bbox 783 2325 815 2359; x_wconf 93' lang='lat' dir='ltr'>D</span> <span class='ocrx_word' id='word_1_500' title='bbox 826 2351 836 2368; x_wconf 91' lang='lat'>,</span> <span class='ocrx_word' id='word_1_501' title='bbox 847 2328 950 2371; x_wconf 86' lang='lat' dir='ltr'>major</span> <span class='ocrx_word' id='word_1_502' title='bbox 967 2324 1010 2360; x_wconf 85' lang='lat' dir='ltr'>est</span> <span class='ocrx_word' id='word_1_503' title='bbox 1027 2324 1116 2360; x_wconf 67' lang='lat' dir='ltr'>recto</span> <span class='ocrx_word' id='word_1_504' title='bbox 1126 2349 1138 2367; x_wconf 85' lang='lat'><em>,</em></span> <span class='ocrx_word' id='word_1_505' title='bbox 1155 2326 1189 2358; x_wconf 69' lang='grc' dir='ltr'>δε</span> <span class='ocrx_word' id='word_1_506' title='bbox 1203 2321 1334 2357; x_wconf 73' lang='lat' dir='ltr'>obtusus</span> <span class='ocrx_word' id='word_1_507' title='bbox 1347 2323 1470 2360; x_wconf 70' lang='lat' dir='ltr'>dicitur,</span> <span class='ocrx_word' id='word_1_508' title='bbox 1489 2348 1492 2350; x_wconf 33' lang='lat' dir='ltr'>v</span> 
     </span>
    </p>

    <p class='ocr_par' dir='ltr' id='par_1_15' title="bbox 1208 2373 1313 2417">
     <span class='ocr_line' id='line_1_47' title="bbox 1208 2373 1313 2417; baseline 0 -9"><span class='ocrx_word' id='word_1_509' title='bbox 1208 2373 1237 2408; x_wconf 79' lang='grc' dir='ltr'><strong>Κ</strong></span> <span class='ocrx_word' id='word_1_510' title='bbox 1246 2382 1269 2408; x_wconf 74' lang='lat'>1</span> <span class='ocrx_word' id='word_1_511' title='bbox 1289 2373 1313 2417; x_wconf 83' lang='lat' dir='ltr'>ij</span> 
     </span>
    </p>
   </div>
   <div class='ocr_carea' id='block_1_2' title="bbox 1066 1149 1399 1488">
    <p class='ocr_par' dir='ltr' id='par_1_16' title="bbox 1066 1149 1399 1488">
     <span class='ocr_line' id='line_1_48' title="bbox 1066 1149 1399 1272; baseline 0 1452"><span class='ocrx_word' id='word_1_512' title='bbox 1066 1149 1399 1272; x_wconf 95' lang='lat' dir='ltr'> </span> 
     </span>
     <span class='ocr_line' id='line_1_49' title="bbox 1066 1272 1399 1488; baseline 0 -111"><span class='ocrx_word' id='word_1_513' title='bbox 1066 1272 1399 1488; x_wconf 95' lang='lat' dir='ltr'>  </span> 
     </span>
    </p>
   </div>
  </div>
 </body>
</html>
