1878 2724
573 130 641 166 DE
676 128 965 166 PLANTIS.
1382 136 1448 177 '479

53 190 160 222 snam,
174 175 295 226 utsaepe
306 176 442 214 diximus
459 205 471 221 ‚
496 177 576 212 acidi
588 178 675 223 sunt,
699 191 735 214 ut
759 178 882 228 spiritus
895 178 963 214 salis
978 196 988 223 ·,
1005 176 1184 221 lixiviales,
1204 189 1242 214 ut
1253 177 1295 214 sal
1316 183 1447 223 tartari·,

6 252 13 263 .
53 232 95 264 :&
104 225 260 270 volatiles,
273 226 413 273 qualest:
422 225 582 275 sanguine,
599 238 654 261 aur
663 229 754 262 urina
767 228 949 263 eliciuntur.
960 230 1088 264 Omnes
1100 239 1156 262 eos
1167 227 1243 262 sales
1254 230 1287 262 in
1303 240 1342 263 eo
1361 229 1443 263 statu

58 287 158 322 quem
168 274 301 323 separati
310 274 462 311 obtinent
473 304 482 319 ‚
497 278 529 310 in
543 275 658 323 plantis
672 275 768 311 ineffe
779 279 835 324 qui
845 277 1068 319 contenderit,
1087 289 1159 311 cum
1168 276 1199 310 id
1211 274 1441 324 affirmet‚pr0-

55 322 199 360 bandum
212 323 283 359 huic
293 324 460 360 incumbit.
470 326 544 360 Nec
556 324 771 360 facileomnes
784 325 972 374 intelligunt
981 354 991 368 ,
1003 324 1062 372 qu‘i
1079 323 1147 360 fieri
1158 324 1251 373 poffit
1263 354 1272 368 ,
1294 337 1331 360 ut
1349 328 1382 360 in
1393 325 1440 359 sa-

54 370 184 419 lepetrae
198 384 321 407 tantum
335 372 443 408 ineffet
453 374 572 421 spiritus
586 373 689 417 acidi,
705 385 862 420 quantum
879 387 918 409 ex
931 386 971 409 eo
985 386 1042 422 per
1052 373 1294 408 distillationem
1304 374 1440 408 elicitur:

17 425 20 456 ζ
53 431 130 456 ‚cum
140 432 222 467 pene
235 432 318 456 totus
331 424 365 456 in
378 434 451 457 eum
462 420 605 469 spiritum
615 420 724 456 abeat.
735 424 777 456 Et
787 434 896 458 tamen
910 422 983 466 alia,
992 434 1027 456 ut
1036 421 1116 456 alibi
1125 422 1248 457 distum
1262 423 1304 456 est
1315 451 1324 465 ‚
1339 426 1440 457 ratio-

52 480 97 504 ne
106 468 175 503 fere
189 480 274 504 totus
286 471 318 505 in
332 468 426 506 salem
443 469 536 505 alcali
552 473 749 505 convertitur
763 471 862 506 :adeo
873 482 908 505 ut
929 471 1023 506 solius
1036 469 1183 505 carbonis
1204 471 1370 506 additione
1388 474 1438 506 in-

15 554 17 561 ,
50 514 255 561 flammatus,
270 521 336 553 imo
345 531 416 554 cum
434 518 558 554 laminis
569 518 723 567 purisfimi
739 522 864 568 argenti
882 518 965 554 fusus
979 548 989 564 ‚
1006 518 1061 553 etsi
1072 532 1138 554 non
1152 518 1305 566 liquescat
1322 531 1437 567 argen-

56 576 142 609 tum,
152 567 183 601 in
192 568 308 602 nitrum
323 566 420 602 fixum
431 596 440 611 ,
450 578 486 602 ut
494 568 580 601 idem
592 567 718 603 Author
727 570 842 610 innuit,
855 579 1067 603 convertatur.
1088 568 1185 602 Certe
1200 565 1220 601 si
1237 579 1319 602 totus
1334 569 1377 602 est
1393 568 1436 602 sal

12 612 15 622 ⁸
53 612 163 658 alcali,
183 615 270 650 idem
287 628 351 652 non
361 617 404 651 est
413 616 520 651 acidus
535 630 543 651 :
556 615 607 650 sed
618 619 724 651 omnis
745 616 799 651 illa
820 616 1060 652 transformatio
1074 616 1115 650 ab
1131 619 1204 665 igne
1215 615 1282 650 solo
1294 618 1351 664 qui
1363 628 1436 664 par..

51 672 101 697 xes
119 662 202 698 illius
218 667 306 699 varie
319 667 465 714 exagitat
478 692 488 707 ,
500 667 623 713 jungit,
637 664 780 713 separat,
791 668 915 701 exacuit
929 695 937 708 ‚
953 667 1088 710 omnino
1106 666 1148 700 est
1165 666 1352 712 repetenda.
1376 667 1436 700 Vi..

50 723 128 747 num
144 712 237 747 dulce
249 715 283 748 in
294 725 421 749 acetum
435 714 632 761 degenerat,
650 726 724 748 cum
736 713 815 749 lenis
832 717 969 750 mutatio
983 716 1060 748 vino
1087 714 1241 748 accedere
1258 714 1408 749 videatur
1422 743 1433 757 ,

49 771 262 842 acsperpaucae
271 762 424 797 duntaxat
445 773 551 810 partes
570 762 719 798 volatiles
733 762 884 798 exhalent
899 781 909 807 3
933 775 1059 798 acetum
1074 761 1152 796 illud
1165 761 1284 796 calcem
1305 762 1435 809 plumbi

50 819 89 843 ex
104 808 206 853 olvit,
228 815 260 846 &
282 809 380 846 efficit
394 811 488 845 salem
532 809 635 845 lumbi
651 822 706 846 aut
727 812 856 846 Saturni
873 811 1000 846 dulcem
1020 827 1029 853 ς
1051 822 1090 845 ex
1110 822 1150 845 eo
1175 822 1232 857 per
1247 810 1433 845 distillatio-

46 868 125 892 nem
139 871 207 893 non
223 858 331 905 liquor
353 860 481 902 acidus,
519 859 558 893 ed
574 859 688 893 ardens
702 858 823 907 spiritus
838 860 1013 895 extrahitur
1027 873 1035 894 :
1071 859 1158 893 unde
1173 857 1228 892 illa
1244 857 1432 895 inflamma-

46 903 158 940 bilitas
175 915 185 941 Ξ
208 908 258 942 An
268 906 353 942 forte
366 910 400 943 in
409 919 501 942 acero
512 906 721 942 delitescebat
733 924 742 949 ;
761 920 801 942 an
813 910 919 955 potius
933 920 972 943 ex
986 909 1123 955 partium
1140 908 1252 942 attritu
1264 908 1405 953 quodam
1418 937 1429 951 ,

48 957 82 990 &
91 954 345 1004 configuratione
355 959 476 992 oritur?
497 958 545 991 Ac
555 967 596 992 ne
614 956 700 990 forte
711 955 856 1004 spiritum
869 957 1035 991 ardentem
1054 958 1088 990 in
1105 967 1199 990 aceto
1211 955 1307 990 inesse
1318 968 1409 1004 putes
1420 986 1430 1001 ,

47 1000 68 1036 si
79 1002 152 1038 loco
165 1006 247 1039 aceti
262 1004 368 1051 liquor
385 1005 489 1039 acidus
507 1005 525 1044 ὲ
541 1006 634 1038 certis
657 1004 748 1053 lignis
763 1005 929 1053 prolicitus
941 1003 1149 1047 adhibeatur,
1167 1003 1293 1050 spiritus
1312 1005 1427 1041 ardens

45 1051 257 1089 nihilominus
266 1065 304 1088 ex
315 1053 376 1089 sale
388 1053 446 1089 illo
455 1051 625 1101 plumbi&
636 1052 759 1100 liquore
771 1052 900 1088 acetoso
916 1051 1130 1102 prodibit‚qui
1139 1064 1177 1088 ex
1190 1064 1275 1088 nova
1288 1056 1428 1101 partium

47 1110 172 1135 textura
191 1114 346 1151 emerget.

77 1151 150 1185 Nec
160 1150 225 1198 ipse
238 1152 350 1186 ardens
363 1150 486 1199 spiritus
500 1153 532 1187 in
541 1153 609 1186 uvis
619 1180 628 1194 ,
642 1162 698 1186 aut
709 1152 787 1185 vino
801 1162 870 1186 erat
881 1162 958 1187 ante
982 1151 1269 1185 fermentationem
1281 1167 1290 1194 3
1311 1153 1426 1186 attritu

42 1199 182 1246 partium
193 1204 228 1236 δε
242 1199 495 1235 fermentatione
511 1211 704 1247 procreatur.
713 1202 833 1246 Neque
849 1212 923 1235 eum
934 1199 994 1234 effe
1011 1201 1087 1234 astu
1099 1201 1131 1233 in
1149 1199 1265 1246 plantis
1280 1200 1426 1233 credide-

0 1250 2 1257 '
44 1249 123 1290 tim,
137 1250 183 1282 uti
195 1259 254 1283 nec
273 1249 401 1283 acidum
422 1248 579 1295 liquorem
592 1250 650 1295 qui
669 1249 749 1296 ignis
771 1260 804 1282 vi
821 1260 860 1282 ex
873 1260 1012 1295 quercu,
1038 1252 1172 1296 guajaco
1195 1252 1228 1284 ὃ(
1241 1246 1309 1281 aliis
1328 1247 1423 1295 lignis

43 1295 226 1344 ponderosis
237 1308 344 1331 manat
354 1326 364 1340 ,
379 1296 440 1332 effe
457 1298 531 1332 ειᾶιι
542 1325 552 1340 ,
566 1302 598 1333 &
610 1309 683 1331 cum
697 1296 804 1344 sapore
815 1308 880 1331 tam
889 1297 997 1340 acido,
1013 1301 1045 1333 &
1059 1298 1251 1343 penetranti.
1262 1297 1295 1330 Si
1304 1298 1353 1330 cui
1365 1295 1424 1329 ali..

0 1352 1 1379 ἶ
44 1355 94 1379 ter
110 1345 256 1380 videatur
267 1374 275 1388 ,
292 1357 349 1392 per
362 1358 413 1380 me
430 1346 523 1380 licet:
540 1344 591 1379 sed
605 1373 613 1386 ‚
635 1357 670 1379 ut
682 1345 817 1380 diximus
829 1375 837 1387 ‚
853 1347 982 1392 quirem
998 1344 1131 1393 positive
1142 1355 1196 1387 ,ut
1211 1347 1301 1378 aiunt
1312 1372 1321 1385 ‚
1335 1343 1422 1379 affir-

42 1405 110 1428 mat
119 1422 129 1437 ,
143 1395 167 1427 is
182 1395 270 1441 quod
281 1392 403 1437 affecit,
413 1394 530 1442 probet
539 1393 659 1428 necesse
672 1393 724 1428 est·
742 1394 832 1440 Qid
845 1396 875 1428 in
887 1393 983 1428 melle
993 1399 1026 1430 δε
1037 1392 1183 1428 saccharo
1197 1391 1250 1427 nisi
1262 1392 1353 1426 dulce
1363 1405 1422 1428 no-

42 1440 93 1475 bis
111 1448 309 1490 apparett&
320 1454 428 1478 tamen
446 1455 483 1478 ex
496 1441 723 1491 'hydromelle,
744 1445 791 1477 uti
803 1455 844 1477 ex
861 1454 945 1489 aqua
958 1455 1031 1476 cum
1054 1441 1201 1476 saccharo
1221 1441 1369 1488 permista
1386 1446 1420 1477 δε

40 1489 237 1526 fermentata
253 1490 375 1539 spiritus
393 1492 508 1526 ardens
523 1490 703 1526 exstillatur
713 1520 722 1533 ,
736 1496 816 1527 &ex
833 1502 970 1537 utroque
984 1489 1020 1525 fit
1034 1490 1140 1537 liquor
1149 1489 1352 1525 acidiffimus.
1365 1490 1419 1524 An

41 1537 127 1573 aliud
138 1540 293 1587 quiddam
302 1551 354 1574 eas
365 1542 560 1574 mutationes
579 1539 701 1572 inducit
714 1550 827 1586 praeter
846 1551 970 1573 motum
989 1544 1021 1575 ὃ(
1034 1540 1180 1572 attritum
1203 1540 1340 1584 partium
1353 1565 1361 1578 ‚
1384 1543 1419 1573 δε

40 1589 165 1622 varium
184 1600 291 1622 earum
310 1600 507 1623 contexnun.
523 1591 566 1623 Ex
579 1587 713 1633 fuligine
732 1587 773 1620 sal
788 1587 929 1621 volatilis
949 1587 1072 1621 elicitur
1086 1614 1096 1628 ,
1127 1598 1163 1619 ac
1176 1585 1297 1633 spiritus
1315 1598 1356 1620 ex
1378 1597 1417 1619 ea

39 1635 205 1671 distillatur
218 1639 314 1671 urinae
326 1642 357 1673 &
368 1635 522 1688 sanguinis
535 1635 653 1684 spiritui
663 1647 730 1670 non
744 1633 917 1672 diffiniilis:
938 1648 978 1671 an
997 1635 1082 1671 forte
1098 1646 1170 1669 cum
1184 1633 1310 1670 urinoso
1323 1647 1363 1669 eo
1373 1632 1418 1668 sa-

39 1696 119 1731 pore
137 1684 230 1733 lignis
247 1688 369 1719 inerat?

70 1732 178 1768 Multa
189 1736 221 1768 in
233 1733 314 1768 hanc
331 1746 399 1768 rem
411 1732 504 1768 affert
513 1735 730 1781 experimenta
744 1762 753 1776 ‚
762 1733 876 1780 quibus
888 1745 925 1767 ea
935 1746 1004 1780 quae
1014 1732 1276 1781 vulgojie‘tantur
1289 1730 1416 1779 planta⁶

39 1793 109 1816 rum
125 1783 373 1830 principia,ignis
390 1786 619 1816 tantummodo
632 1783 765 1817 effeetus
777 1781 952 1828 effe‚eaque
969 1783 1105 1816 omnino
1119 1782 1249 1829 produci
1263 1809 1273 1822 ,
1293 1791 1345 1813 aut
1358 1779 1416 1812 de-

39 1831 107 1864 strui
120 1842 201 1878 pene
213 1830 391 1878 persuadet.
403 1833 477 1866 Nec
491 1842 599 1866 tamen
610 1831 778 1879 praefraCte
790 1832 981 1879 negaverim
992 1830 1139 1877 quaedam
1159 1841 1196 1863 ex
1221 1831 1257 1862 iis
1279 1828 1353 1861 adiu
1366 1829 1414 1861 in-

37 1878 98 1913 effe
125 1878 240 1926 plantis
251 1908 266 1923 v,
285 1880 369 1914 unde
394 1879 610 1916 extrahantur.
650 1881 732 1922 Qae
753 1881 840 1915 enim
861 1879 926 1914 leni
944 1878 1051 1912 calore
1071 1889 1189 1912 exeunt
1203 1905 1212 1920 ‚
1235 1888 1269 1910 ut
1290 1875 1412 1924 spiritus

38 1929 207 1961 acerrimus
230 1929 263 1962 in
280 1927 440 1962 nonnullis
466 1957 476 1971 ,
498 1927 578 1963 licet
605 1930 770 1976 perpaucis
794 1956 804 1970 ‚
820 1930 903 1963 utin
924 1926 1093 1970 ellebor03
1121 1926 1229 1960 oleum
1249 1923 1413 1959 essentiale

38 1976 70 2009 in
82 1974 232 2010 omnibus
247 1978 450 2018 aromaticis3
468 1975 575 2011 oleum
585 1979 616 2011 in
624 1976 784 2024 plerisque
795 2004 805 2018 ,
825 1977 911 2023 quod
929 1979 1026 2010 etiam
1042 1979 1119 2010 citra
1135 1977 1243 2024 ignem
1258 1974 1334 2020 ssepe
1354 1985 1410 2006 ex-

36 2026 185 2070 primitur
197 2039 206 2067 ;
218 2022 314 2058 refina
324 2026 355 2057 in
366 2023 553 2069 quibusdam
568 2052 577 2066 ,
590 2037 661 2070 quae
672 2023 767 2059 crass'o
780 2025 855 2058 oleo
865 2025 906 2058 est
916 2023 1084 2067 simillima,
1101 2036 1233 2070 quaeque
1248 2022 1408 2057 interdum

35 2071 147 2118 spiritu
164 2073 232 2107 vini
246 2073 437 2114 extrahitur3
454 2083 535 2117 aqua
549 2071 612 2118 ipsa
624 2070 754 2119 insipida
768 2086 775 2108 ε
793 2072 869 2115 haec,
879 2074 1010 2120 inquam
1020 2102 1030 2118 ,
1058 2075 1168 2107 omnia
1184 2084 1250 2107 non
1261 2072 1343 2119 ignis
1357 2080 1408 2103 ca-

35 2119 104 2155 lore
119 2121 278 2168 prodeunt
293 2148 302 2161 ‚
319 2119 369 2153 sed
380 2121 454 2153 actu
464 2121 589 2154 inerant
599 2119 727 2167 plantis,

75 2171 184 2217 Major
194 2169 234 2202 de
246 2167 360 2202 salibus
376 2166 593 2214 &liquoribus
603 2168 648 2201 est
658 2168 825 2204 difficultas
839 2183 846 2204 :
858 2181 932 2205 narn
946 2169 1082 2218 probatu
1103 2171 1146 2205 est
1163 2168 1293 2203 difficile
1312 2165 1406 2200 salem

36 2216 142 2260 alcali‚
156 2223 189 2254 ὃ(
203 2216 301 2251 fixum
315 2245 323 2259 ‚
342 2228 395 2251 aut
410 2216 566 2262 liquorem
577 2217 701 2250 acidum
715 2218 790 2252 actu
807 2220 840 2253 in
853 2219 965 2262 melle,
979 2231 1032 2253 aut
1044 2221 1076 2253 in
1093 2218 1239 2252 sacchar-0
1254 2217 1382 2250 existere
1398 2226 1406 2247 ε

35 2264 87 2299 sed
98 2265 182 2300 forte
191 2278 229 2299 ea
239 2266 281 2300 est
293 2268 427 2313 partium
439 2275 561 2299 textura
574 2292 583 2304 ,
594 2276 661 2311 quae
678 2265 772 2300 facile
790 2269 823 2300 vi
841 2269 921 2314 ignis
942 2280 994 2302 aut
1005 2267 1078 2301 sales
1096 2296 1104 2309 ‚
1119 2278 1170 2299 aut
1189 2265 1328 2311 liquores
1347 2263 1406 2294 aci-

36 2313 93 2347 dos
103 2313 236 2359 praebet,
250 2316 413 2349 autetiam
429 2313 499 2347 olea
511 2312 603 2346 craffa
622 2318 653 2348 δε
667 2313 794 2349 foetida.
817 2317 867 2349 Sic
886 2318 990 2363 junior
1013 2315 1120 2362 planta
1140 2325 1250 2360 parum
1272 2311 1406 2357 liquoris

36 2362 138 2407 acidi,
154 2363 290 2399 multum
300 2361 413 2400 urinofi
423 2360 603 2410 suppeditat
620 2363 748 2397 :contra
757 2362 812 2397 ubi
824 2363 1038 2399 maturescunt
1050 2362 1166 2410 planta:
1181 2389 1192 2404 ,
1209 2367 1241 2398 δε
1255 2372 1338 2409 pene
1351 2370 1413 2395 ex-;
