1878 2724
384 126 446 160 608
942 113 1208 153 PHYSICAE

379 175 430 215 gis
454 180 580 219 partem
603 199 613 214 ,
631 181 701 217 quae
713 164 825 217 glottis
843 165 1027 207 vocitatum
1043 166 1084 201 ad
1102 164 1241 214 laryngis
1259 161 1429 209 musculos,
1442 165 1476 203 δε
1493 165 1664 216 pulmones
1684 167 1782 219 ipsos.

380 212 505 256 ”Glottis
527 232 565 254 ex
584 219 703 266 duplici
729 214 919 251 membrana
942 215 1085 259 constat,
1101 225 1238 262 utraque
1251 212 1461 263 cartilaginea
1478 232 1488 260 3
1505 215 1561 251 has
1575 216 1783 255 membranas

384 274 421 307 &
436 270 526 303 duras
542 272 574 303 &
589 266 690 301 tensas
707 272 742 303 ὃ(
760 263 819 300 fibi
843 266 1006 313 proximas
1019 276 1073 299 aer
1087 261 1322 313 epulmonibus
1342 263 1449 299 subito
1470 277 1639 314 erumpens
1650 278 1691 302 eo
1713 268 1784 304 fere

385 317 486 353 modo
509 315 676 358 verberat,
695 328 762 364 quo
778 313 916 363 lingulas
931 326 969 348 ex
984 312 1101 349 inflatis
1115 311 1241 348 utribus
1259 311 1380 348 sonoris
1392 342 1402 356 ,
1419 312 1521 363 vulgo
1541 316 1710 362 Mufttte,
1727 329 1782 352 aet

384 363 545 414 presfione
566 363 661 400 elisus
681 365 770 400 ferit.
783 364 941 412 Laryngis
957 361 1086 398 musculi
1103 375 1178 397 eum
1189 359 1303 397 sonum
1321 364 1408 397 varie
1420 361 1612 399 modificant
1629 367 1662 401 ὃς
1683 366 1784 401 inter-

386 415 508 450 cidunt.
539 413 737 450 Pulmonum
759 412 830 449 usus
858 415 891 448 in
907 412 1078 448 formanda
1097 423 1179 446 voce
1197 439 1206 454 ‚
1231 413 1264 446 in
1281 410 1399 446 avibus
1424 412 1472 446 est
1487 411 1696 448 manifestus:
1710 427 1786 449 nam

386 462 543 513 pecularis
555 463 752 512 pulmonum
761 462 913 498 struCtura
932 459 1045 497 sonum
1060 465 1093 498 &
1104 463 1307 509 vegetiorem
1320 466 1354 498 &
1364 461 1602 497 diuturniorem
1612 460 1728 498 efficit.

428 519 477 558 50.
507 514 544 548 In
560 512 743 555 anseribus,
763 509 911 547 anatibus
937 515 972 548 δε
985 510 1056 545 aliis
1076 510 1167 557 hujus
1182 511 1308 558 generis
1329 509 1546 545 animantibus
1567 523 1635 546 non
1652 510 1763 560 glottis
1776 540 1787 556 ,

384 559 438 596 sed
457 561 592 596 inferior
609 561 722 611 larynx
738 573 856 596 vocem
875 557 990 595 efficit.
1008 562 1096 596 Nam
1114 559 1248 608 larynge
1266 563 1300 595 &
1315 560 1421 607 capite
1436 558 1583 604 resec'tis,
1597 558 1620 594 fi
1636 572 1786 596 ventrem

386 613 582 658 comprimas
602 639 610 649 ,
628 611 768 646 eundem
789 609 902 645 sonum
923 609 1046 644 audies.
1071 609 1184 656 Qare
1198 618 1326 642 veteres
1343 607 1552 656 gingtismum
1573 609 1680 644 dixere
1704 610 1788 645 hunc

385 659 499 695 sonum
511 688 522 703 ‚
545 658 687 709 asperum
706 659 860 695 videlicet
878 664 913 697 &
927 658 1000 694 huic
1014 657 1149 693 similem
1166 669 1265 704 quem
1289 656 1419 692 occlusis
1443 657 1572 693 naribus
1592 657 1783 694 formamus.

387 711 485 744 Hunc
503 710 621 744 imitari
632 707 736 744 solent
749 711 783 743 in
800 710 927 756 organis
940 708 1155 756 pneumaticis
1167 706 1263 749 ,dum
1276 705 1403 755 lingulis
1422 705 1654 756 oblongiorem
1671 706 1787 744 tubum

385 757 606 806 adjiciunt,ut
619 761 652 794 in
673 756 836 794 anseribus
849 757 962 806 longus
977 755 1092 806 asperae
1109 757 1233 790 arteriae
1244 753 1339 790 tubus
1349 754 1550 792 membranis
1560 758 1693 805 pectore
1707 768 1788 791 con-

387 805 477 841 clusis
492 806 677 855 supponitur
693 819 773 850 3nec
791 804 950 842 diffimilis
962 806 1009 842 est
1022 805 1103 841 tubae
1113 804 1207 843 sonus
1222 816 1320 854 quem
1331 803 1418 840 labia
1431 804 1515 855 ipsa,
1529 817 1565 842 ut
1580 805 1690 856 glottis
1701 817 1788 855 quae-

388 856 463 890 dam
479 867 536 891 aut
547 855 670 904 lingula
685 854 840 891 efficiunt.

416 905 540 941 Eadem
550 907 668 952 quippe
682 904 727 938 est
743 906 778 939 in
787 901 906 945 ansere,
915 912 1012 937 anate
1023 912 1101 950 grue
1113 906 1146 940 &
1155 900 1308 938 similibus
1324 905 1486 938 interioris
1500 902 1642 952 laryngis
1654 902 1788 939 confot-

387 953 560 997 matio,ubi
574 952 684 1001 aspera
697 954 815 988 arteria
825 953 860 987 in
872 952 951 987 duos
963 963 1069 986 ramos
1083 951 1318 1000 dividitur,quo
1330 952 1500 998 pulmones
1513 951 1622 987 subeat
1632 964 1668 986 os
1682 952 1788 1000 quod-

387 1003 463 1037 dam
489 1002 578 1050 quod
594 1002 712 1037 ultimo
729 1000 866 1037 tracheae
887 998 1009 1035 annulo
1029 998 1213 1034 adhaerescit
1241 1001 1394 1048 quodque
1409 1012 1500 1049 parte
1515 1001 1670 1036 inferiore
1689 1001 1784 1036 latius

387 1051 470 1085 duos
498 1049 615 1098 asperae
631 1052 753 1084 arteriae
771 1060 876 1084 ramos
899 1049 1076 1085 connectit.
1114 1050 1296 1085 Ramorum
1316 1049 1452 1084 tracheae
1473 1049 1586 1085 annuli
1602 1050 1788 1086 dimidiatos

388 1110 515 1134 tantum
529 1099 661 1134 circulos
674 1095 821 1134 efficiunt
837 1111 844 1134 :
862 1109 1032 1145 utramque
1055 1109 1180 1145 partem
1198 1097 1388 1134 membrana
1408 1096 1487 1132 tersa
1503 1103 1537 1135 ἅς
1556 1097 1647 1134 firma
1661 1099 1787 1134 annulis

386 1148 603 1197 cartilagineis
619 1160 755 1184 vacuam
766 1146 904 1182 obducit
917 1175 927 1189 ,
938 1157 1041 1194 eaque
1057 1145 1188 1182 ossiculo
1200 1176 1210 1190 ,
1225 1147 1312 1195 quod
1323 1147 1469 1182 medium
1479 1146 1602 1183 latioris
1620 1146 1693 1184 offis
1702 1148 1788 1183 divi-

387 1198 460 1241 dit,
478 1198 622 1246 illigatur
639 1211 647 1234 ε
665 1197 750 1232 unde
772 1208 827 1230 aei·
839 1207 896 1244 per
912 1194 1050 1230 alterum
1069 1207 1108 1231 ex
1121 1197 1219 1231 ramis
1236 1198 1359 1232 arteriae
1373 1208 1446 1230 cum
1461 1197 1588 1244 impetu
1607 1198 1786 1246 irrumpens

388 1245 613 1283 membranam
633 1247 740 1294 quatit
751 1274 761 1288 ,
777 1257 814 1278 ac
834 1243 987 1280 tremulus
1003 1243 1090 1280 illius
1109 1256 1217 1281 motus
1233 1257 1291 1294 per
1308 1244 1424 1281 tubum
1437 1246 1574 1281 tracheae
1593 1244 1722 1282 diffusus
1735 1244 1787 1281 so>-

390 1309 467 1332 num
480 1296 571 1331 illum
595 1307 725 1330 raucum
742 1292 854 1330 efficit.

440 1348 478 1381 In
506 1343 614 1380 tabula
644 1350 686 1381 11³
702 1343 766 1378 duo
793 1343 874 1378 rami
889 1339 1153 1390 asperae‘arteriae
1177 1343 1262 1390 gruis
1277 1353 1333 1377 aut
1351 1343 1466 1379 anseris
1481 1342 1552 1379 sunt
1575 1342 1593 1378 f
1602 1342 1620 1378 f
1628 1371 1638 1386 ‚
1650 1354 1721 1378 cum
1738 1342 1787 1377 di-

389 1395 532 1429 midiatis
556 1393 680 1428 circulis
694 1391 911 1441 cartilagineis
926 1405 982 1435 30⁵
997 1391 1097 1425 latum
1110 1403 1128 1425 e
1138 1420 1148 1434 ,
1162 1404 1235 1426 cum
1249 1393 1440 1439 appendice,
1451 1391 1658 1429 seuofficulos
1678 1404 1784 1427 mem-

390 1442 491 1478 brana
507 1444 672 1490 utrimque
686 1440 772 1477 tensa
786 1470 795 1485 ‚
809 1440 864 1476 ubi
883 1439 994 1475 desunt
1010 1439 1119 1475 annuli
1129 1440 1330 1488 cartilaginei
1345 1443 1380 1485 F,
1391 1444 1424 1480 F.

424 1495 499 1528 Pars
516 1491 637 1527 summa
650 1491 790 1539 laryngis
804 1519 812 1533 ‚
828 1502 900 1537 qua:
916 1491 949 1524 in
963 1488 1033 1523 aliis
1043 1488 1237 1524 animalibus
1249 1489 1292 1523 est
1307 1492 1387 1526 rima
1404 1504 1443 1526 ex
1461 1490 1580 1538 duplici
1593 1489 1785 1526 membrana

390 1540 566 1590 composita
577 1570 587 1585 ,
598 1552 735 1588 quaeque
744 1539 855 1588 glottis
867 1541 1028 1573 vocitatur
1037 1566 1046 1581 ‚
1061 1539 1096 1573 in
1116 1537 1232 1573 avibus
1251 1550 1289 1573 ex
1302 1540 1422 1589 duplici
1441 1539 1505 1575 offe
1518 1538 1636 1574 mobili
1651 1539 1783 1577 constat.

391 1592 475 1625 Haec
491 1589 554 1626 offa
570 1592 604 1625 in
617 1602 693 1639 grue
711 1617 721 1632 ,
736 1590 813 1626 &in
830 1586 989 1623 nonnullis
999 1586 1114 1622 avibus
1128 1586 1201 1623 sunt
1211 1589 1346 1623 immota
1357 1619 1365 1632 ‚
1380 1588 1433 1624 sed
1445 1591 1480 1624 in
1489 1589 1600 1623 medio
1613 1589 1657 1625 est
1668 1601 1703 1624 os
1714 1588 1785 1637 pla-

394 1652 470 1674 num
490 1645 522 1677 δι
543 1651 638 1674 tenue
656 1640 753 1673 aratri
768 1639 895 1672 vomeri
911 1649 977 1672 non
1000 1635 1149 1671 diffimile
1163 1665 1172 1680 ,
1191 1637 1278 1684 quod
1293 1639 1427 1685 quidem
1444 1649 1480 1674 ut
1497 1636 1609 1686 larynx
1624 1649 1677 1672 aut
1693 1650 1786 1672 com-

393 1689 542 1735 planatus
555 1718 564 1734 ,
583 1699 635 1722 aut
648 1687 807 1722 attollitur
818 1716 827 1731 ,
844 1688 928 1722 inter
945 1686 1008 1721 duo
1023 1684 1149 1722 ossicula
1162 1697 1215 1720 aut
1229 1686 1305 1721 foris
1320 1689 1484 1736 prominet
1497 1715 1507 1731 ,
1521 1697 1576 1722 aut
1587 1688 1672 1724 intus
1683 1698 1786 1721 retra-

393 1738 479 1772 bitur
492 1767 500 1782 ,
517 1750 559 1772 ne
573 1736 662 1772 cibus
674 1739 706 1771 in
718 1736 885 1785 laryugem
896 1735 1078 1770 dimittatur
1089 1763 1099 1779 ,
1112 1747 1209 1783 atque
1225 1734 1364 1771 utliberi
1379 1738 1445 1771 aeri
1460 1747 1572 1785 pateat
1585 1735 1702 1771 aditus.

433 1786 516 1821 Illud
528 1798 660 1834 quoque
675 1785 721 1820 est
734 1785 958 1821 observatione
979 1784 1111 1832 dignum
1121 1787 1153 1819 in
1166 1796 1263 1833 grue,
1281 1784 1431 1821 anatibus
1445 1791 1479 1823 &
1493 1785 1564 1820 aliis
1582 1784 1718 1819 annulos
1741 1784 1786 1819 as-

392 1848 478 1883 perae
495 1837 619 1870 arteriae
633 1834 714 1869 latos
728 1833 787 1870 else
802 1840 834 1871 &
852 1833 1077 1880 complanatos
1090 1833 1193 1870 :adeo
1205 1845 1239 1868 ut
1257 1833 1472 1881 inferiores2in
1486 1832 1700 1881 superioribus
1715 1832 1786 1868 fere

393 1885 529 1919 dimidia
540 1883 581 1918 sui
595 1894 685 1931 parte
696 1882 924 1918 concludantur
935 1910 944 1924 ,
955 1893 1021 1927 quo
1033 1880 1209 1929 oblongior
1219 1880 1274 1916 ille
1286 1881 1381 1916 tubus
1393 1880 1518 1918 firmior
1531 1880 1576 1916 fit.
1606 1881 1657 1916 Ac
1674 1893 1716 1916 ne
1735 1881 1786 1916 al-

395 1935 456 1967 tius
470 1944 569 1979 quam
583 1943 638 1980 par
655 1929 690 1965 fit
703 1943 782 1966 unus
798 1929 933 1964 alterum
946 1928 1057 1964 subeat
1067 1929 1222 1965 annulum
1234 1958 1244 1973 ,
1258 1941 1374 1966 mutuae
1384 1931 1477 1967 faetae
1491 1929 1561 1966 sunt
1571 1928 1737 1966 incifiones
1751 1933 1787 1967 in

394 1980 550 2017 lateribus
561 1980 752 2015 annulorum
767 2007 776 2021 ‚
792 1990 828 2013 ut
844 1977 940 2013 facile
949 1977 1125 2014 antrorsum
1139 1983 1172 2015 &
1185 1978 1367 2023 retrorsum,
1377 1993 1443 2016 non
1453 1979 1493 2014 ad
1504 1979 1603 2015 latera
1617 2008 1628 2022 ,
1640 1977 1698 2014 ubi
1714 1978 1786 2015 sunt

393 2029 532 2065 incisurae
542 2059 551 2073 ,
564 2028 793 2065 flectantur.1n
808 2026 900 2077 fig.7'
913 2026 1041 2062 tabellae
1052 2042 1070 2075 3.
1083 2026 1185 2063 habes
1197 2026 1353 2063 summam
1366 2029 1506 2078 laryngis
1519 2039 1643 2077 partem
1655 2030 1692 2071 B,
1705 2041 1786 2075 qua-

394 2080 433 2114 lis
448 2080 537 2114 estin
554 2077 783 2125 avibus,eaque
796 2076 881 2112 festa
896 2076 939 2111 est
958 2080 991 2113 &
1009 2077 1091 2112 intus
1101 2075 1275 2125 conspecta
1291 2077 1454 2114 delineata
1472 2078 1492 2114 ὲ
1502 2079 1572 2113 viro
1585 2075 1708 2114 Clariis.
1718 2076 1785 2123 b,b,

394 2129 466 2163 sunt
484 2129 548 2163 duo
566 2126 693 2163 officula
709 2139 747 2161 ex
764 2126 880 2174 quibus
895 2126 1006 2159 avium
1016 2126 1128 2174 glottis
1148 2124 1327 2169 conflatur„
1347 2140 1451 2176 eaque
1468 2125 1638 2162 officulum
1656 2127 1786 2174 quadri-

394 2178 532 2212 laterum
547 2178 581 2213 Ο
597 2177 776 2213 εοηιιεέὶίῑ.
790 2175 846 2210 111]
861 2171 994 2209 officula
1008 2178 1039 2211 in
1050 2174 1208 2225 plerisque
1219 2173 1335 2211 avibus
1349 2175 1419 2214 sunt
1429 2175 1566 2213 mobilia
1581 2187 1647 2212 non
1660 2177 1740 2210 item
1751 2177 1784 2210 in

395 2239 472 2275 grue
486 2231 519 2263 &
530 2228 562 2262 in
576 2225 647 2260 aliis
658 2226 834 2274 perpaucis.

438 2277 486 2310 Ac
505 2276 545 2309 de
563 2277 651 2310 vocis
666 2275 794 2324 organis
806 2286 844 2309 ex
858 2275 928 2308 viro
939 2271 1062 2310 clai-iffi
1079 2286 1217 2312 tantum.
1238 2277 1354 2311 Praeter
1374 2286 1410 2308 ea
1431 2286 1500 2322 quae
1515 2272 1719 2321 exposuimus
1730 2284 1784 2307 or-

396 2337 498 2371 gana,
517 2336 585 2371 quae
600 2326 673 2360 voci
683 2323 842 2366 serviunt,
858 2336 926 2358 non
944 2335 1056 2371 parum
1074 2326 1234 2359 momenti
1251 2327 1281 2359 in
1300 2323 1438 2359 eundem
1456 2325 1544 2358 usum
1557 2320 1693 2357 afferunt
1710 2334 1783 2356 ner..

397 2375 430 2407 vi
456 2385 672 2420 recurrentes,
687 2374 744 2423 qui
758 2372 778 2410 ἐι
791 2374 858 2422 pati
867 2377 944 2422 jugo
958 2373 1166 2422 prodeuntes,
1181 2379 1214 2413 ὅς’
1227 2372 1341 2410 sursum
1353 2374 1438 2409 miro
1449 2383 1570 2411 natura:
1584 2368 1723 2460 ειῐὲἰῆσίο
1732 2383 1784 2405 re-

1637 2421 1786 2458 edluntur
