1878 2724
403 110 763 159 TRACTJATUS
802 109 1065 149 TERTIUS.
1400 127 1452 164 2²5

56 174 141 206 'tum
155 167 315 217 capitibus
327 195 337 211 ‚
352 169 385 202 &
400 165 471 199 aliis
490 175 661 212 corporum
674 160 820 210 partibus
834 161 995 198 interdum
1010 158 1144 208 guttulae
1157 159 1345 211 hydrargyri
1359 174 1452 213 repe-

70 222 205 254 riuntur.
223 219 358 265 Qnta
370 213 406 249 fit
418 214 556 249 odorum
565 210 722 247 subtilitas
740 239 750 254 ‚
768 211 867 258 quam
881 211 945 246 late
957 209 1160 258 spargantur,
1183 215 1216 246 &
1237 214 1337 258 quam
1355 216 1453 260 perti-

57 269 189 304 ,naciter
204 278 351 302 naturam
369 263 494 298 suorum
505 273 678 311 corporum
687 262 851 296 retineant
860 290 870 305 ‚
881 273 947 296 non
961 258 1017 293 alii
1034 260 1136 307 magis
1150 270 1269 294 norunt
1281 259 1380 307 quam
1391 275 1449 298 ve-

53 326 197 354 -natores
211 329 219 352 :
232 315 298 352 sed
315 316 354 350 de
366 313 414 349 his
428 317 494 363 jam
508 310 598 360 saepe.r
622 312 720 347 Nunc
736 321 809 357 quae
820 321 932 346 contra
943 307 1049 344 afferri
1066 306 1192 356 poliunt
1203 337 1213 353 ‚
1232 309 1411 346 videamus.

560 409 738 445 salvuntur
754 406 949 452 objeffiones.

104 511 267 548 Adversus
283 512 425 560 priorem
434 508 672 545 conclufionem
686 508 812 556 opponi
825 507 935 555 potest
950 536 959 550 ,
977 506 1231 556 primoeandem
1241 505 1303 542 effe
1311 512 1449 556 partium

67 572 231 597 texturam
244 563 279 596 iri
289 564 371 596 vivo
384 570 520 608 corpore
529 587 539 602 ,
557 569 629 605 quae
638 557 728 592 estin
741 567 870 592 mortuo
888 570 896 591 ι
915 556 966 591 sed
979 557 1132 604 pleraque
1149 557 1362 592 medicamina
1375 586 1384 601 ‚
1396 573 1450 597 aut

67 621 198 645 venena
214 611 280 645 vim
300 609 386 644 suam
399 607 592 644 nullomodo
606 617 746 642 exerunt
764 607 798 640 in
819 605 987 641 cadavera.
1018 608 1070 640 Sic
1095 605 1299 640 cantharides
1321 608 1353 641 in
1372 612 1468 645 vivov

67 670 204 705 corpore
213 656 330 693 veficas
339 659 485 693 excitant
493 684 502 698 ,
515 669 580 691 non
593 657 626 691 in
641 666 772 690 mortuo
788 668 795 689 t
808 656 914 702 quod,
927 657 1034 703 inquit
1041 653 1252 689 Helmontius
1261 666 1381 690 natura:
1392 671 1449 692 no-

66 707 135 741 strae
145 718 201 741 aur
211 706 330 755 spiritui
342 705 538 754 ,quicundka
551 707 583 740 in
601 716 736 753 corpore
752 701 874 749 efficit,
892 706 1028 739 omnino
1045 702 1104 738 sint
1119 703 1261 747 infestae3
1279 716 1345 739 non
1361 708 1451 753 quod

57 766 123 803 <per
131 755 305 803 qualitates
316 756 576 798 elementorum,
597 765 653 788 aut
662 752 854 788 affectiones
870 752 1072 788 mechanicas
1085 765 1108 786 o
1133 763 1272 789 crentur.
1288 753 1451 806 Qmad-

65 805 201 839 modum
217 804 353 839 caustica
365 806 401 840 in
415 804 572 839 cadavere
589 801 814 846 escharam,ut
826 813 964 847 vocant,
983 813 1050 838 non
1072 813 1089 836 e
1127 804 1218 837 dunt
1232 830 1241 846 ‚
1264 814 1300 838 ut
1320 806 1354 839 in
1373 807 1451 842 vivo

63 864 220 903 corpore:
235 856 310 902 quia
333 864 480 889 naturam
497 852 758 901 ipsamirritant..
797 899 801 901 -

58 928 70 933 -
90 903 194 952 Κςίρ.
214 903 389 951 Qidquid
408 901 445 938 su:
462 902 504 936 de
517 902 627 951 spiritu
635 899 844 945 illoartifice,
859 910 961 949 quem
969 901 1094 936 Medici
1108 912 1274 946 naturam,
1296 903 1452 953 Chymici

64 952 214 992 nonnulli
223 951 375 988 archeum
386 963 531 996 vocant,
543 949 651 987 facile.
662 949 814 999 explicari
829 949 916 1000 posse
928 959 986 986 cur
995 950 1197 989 cantharides
1207 964 1301 1000 mgr.
1312 965 1368 988 aut
1377 966 1452 989 caus

66 1005 146 1041 teria
157 1002 224 1051 ipsa
236 1014 301 1037 non
320 1001 549 1038 eodemmodo
568 1002 738 1049 inicorpus
756 1012 920 1043 mortuum
933 1029 945 1045 ‚
970 1011 1071 1048 atque
1088 1003 1120 1035 in
1138 1003 1250 1036 vivum
1273 1003 1358 1036 vires
1385 1002 1451 1039 suas

63 1043 220 1088 e3terant:
239 1051 326 1098 quod
344 1049 452 1087 calore
464 1049 575 1087 nostro
592 1047 730 1085 accensae
740 1063 750 1094 3
763 1055 797 1087 &
811 1049 947 1085 humore
965 1048 1365 1086 dilutae‘effervescentiam
1376 1065 1454 1100 pro-

64 1111 181 1136 creent.
208 1101 260 1135 Sic
275 1100 410 1135 caustica
419 1102 492 1136 =vivi
502 1101 649 1148 corporis
656 1097 779 1147 pellem
788 1098 951 1147 crispant}
965 1097 1034 1133 tum
1042 1097 1100 1132 ubi
1113 1099 1292 1134 maduerint
1305 1127 1316 1143 ,
1329 1112 1403 1136 eam
1419 1104 1452 1137 in

66 1149 231 1198 quandam
243 1147 475 1198 mucilaginem
494 1177 505 1192 ,
519 1148 591 1183 fere
600 1158 637 1183 ut
654 1145 723 1182 calx
742 1148 820 1182 viva
834 1147 980 1191 caseum,
996 1145 1170 1196 resolvunt.
1219 1194 1224 1195 ⁷
1388 1191 1396 1195 ἢ

96 1197 183 1247 Opp.
198 1213 223 1234 2.
239 1197 496 1233 medicaminum
507 1209 578 1245 quae
593 1194 929 1244 speeifieadicuntuae'x,
941 1193 1192 1244 qunque-certis
1211 1193 1356 1246 partibus
1371 1199 1451 1236 affe-

65 1249 124 1285 ‘stis
147 1246 315 1282 medentur
336 1248 480 1281 rationes
508 1248 561 1281 vix
583 1242 855 1293 explicati'poss‘o'
873 1254 931 1293 per
961 1255 1119 1279 texturam
1141 1248 1283 1291 partium
1308 1276 1317 1290 ,
1337 1259 1390 1281 aut
1411 1247 1451 1283 fi-

66 1308 178 1346 guram
197 1324 207 1339 ,
226 1305 280 1330 aut
301 1305 450 1331 motum:
473 1306 528 1329 cur
553 1295 641 1329 enim
659 1293 807 1342 quaedam
833 1294 931 1341 capiti
955 1320 965 1336 ‚
992 1292 1055 1327 alia
1077 1293 1203 1341 pectori
1236 1297 1448 1333 medeantur?

68 1357 126 1380 cur
140 1355 250 1379 cortex
275 1342 328 1378 ille
339 1344 536 1379 Peruvianus
549 1344 643 1390 ,rq'ui
673 1341 964 1390 Chinchina-vulgo
995 1342 1113 1376 dicitur
1126 1370 1136 1384 ‚
1158 1354 1349 1389 quartanam
1380 1345 1449 1393 ple-

66 1404 203 1441 rumque
221 1403 274 1427 aut
291 1388 397 1436 sanet,
416 1392 533 1427 aut-ad
552 1403 678 1439 tempus
695 1389 780 1425 fistat
793 1407 803 1434 3
818 1402 873 1425 cur
892 1390 1096 1426 cantharides
1111 1389 1248 1428 vesicam
1260 1392 1372 1441 ipsam,
1384 1407 1451 1430 non

65 1442 129 1478 alia
139 1441 257 1477 laedunt
270 1452 391 1490 organa
402 1469 413 1484 ,
429 1452 465 1475 ut
475 1439 611 1476 infinita
625 1439 718 1486 hujus
738 1441 866 1488 generis
881 1449 1094 1488 praeteream„

97 1492 186 1540 Resp.
200 1489 289 1524 *illud
307 1491 442 1525 minime
460 1500 519 1525 nos
534 1486 709 1537 suscepisse,
721 1487 914 1523 ut'occultas
937 1487 1196 1525 medicaminum
1215 1491 1300 1525 vires
1314 1490 1450 1539 ,acspe-

64 1540 156 1576 cifica
169 1537 342 1587 praesertim
359 1539 503 1574 remedia
516 1550 536 1571 a
562 1548 632 1572 erte
643 1536 838 1584 explicemus
854 1550 862 1571 t
879 1537 911 1570 id
922 1548 1020 1571 unum
1033 1538 1067 1571 in
1082 1536 1451 1584 universumafferimus,

64 1589 219 1636 pleraque
228 1587 267 1620 ad
279 1586 482 1621 mechanicas
491 1551 683 1621 angaiones
699 1585 811 1620 referri
829 1583 924 1632 poste.
945 1586 998 1618 Sic
1009 1586 1135 1618 corticis
1153 1588 1323 1622 Peruviani
1347 1587 1451 1635 pulvis

66 1638 237 1672 humorem
247 1634 339 1669 illum
349 1636 403 1681 qui
416 1645 607 1681 quartanam
623 1631 856 1681 efficit,quique
867 1644 999 1667 veneno
1009 1633 1051 1667 est
1059 1632 1238 1670 fimillimus
1261 1639 1271 1681 (
1283 1648 1348 1670 non
1360 1638 1449 1672 enim

66 1685 167 1728 mole,
181 1683 233 1719 sed
250 1682 371 1718 viribus
385 1682 515 1731 pollet)
540 1694 595 1717 aut
611 1681 681 1732 figit
693 1711 701 1726 ‚
712 1693 766 1717 aut
783 1681 870 1716 illius
885 1692 1012 1716 motum
1031 1681 1182 1727 inhibet3
1208 1694 1263 1719 aut
1274 1696 1402 1720 ‘novam
1418 1687 1452 1720 in
1466 1714 1469 1716 ,

64 1735 219 1783 sanguine
241 1732 532 1767 fermentationem
546 1740 722 1780 promovet
738 1747 749 1774 ,·
760 1740 815 1765 aut
825 1741 887 1778 ‘per
896 1729 1055 1765 occultam
1066 1730 1344 1780 transpirationem
1365 1735 1449 1769 virus

64 1782 144 1818 illud
163 1781 274 1817 difflat.
297 1782 351 1814 Sic
361 1779 587 1815 cantharidum⁴
599 1779 705 1828 pulvis
729 1780 872 1827 quandiu
886 1777 1035 1827 sanguine
1061 1784 1094 1816 &
1111 1779 1179 1814 aliis
1196 1779 1454 1818 humoribus‘dF

67 1831 163 1867 luitur
172 1860 182 1873 ,
199 1840 311 1866 manet
321 1831 469 1865 innoxius
486 1842 494 1864 t
511 1828 564 1863 sed
573 1830 738 1877 postquam
749 1830 782 1863 in
796 1827 926 1863 renibus
937 1828 956 1863 a
967 1827 1123 1876 sanguinis
1135 1828 1230 1864 massa
1245 1828 1379 1865 secretus
1392 1832 1450 1875 cst,

67 1882 138 1915 tum
154 1882 188 1914 vi
198 1879 250 1914 sua
261 1879 395 1912 caustica
405 1888 461 1912 aut
475 1888 567 1912 renes
579 1877 661 1925 ipsos
674 1906 684 1920 ,
695 1888 749 1913 aut
767 1875 903 1913 vesicam
912 1875 1085 1912 exulcerat.
1099 1879 1209 1926 Atque
1224 1890 1259 1914 ut
1272 1879 1325 1914 *la'c
1340 1891 1450 1915 recens

66 1940 143 1963 cum
151 1926 299 1962 saccharo
309 1927 496 1974 permistum
508 1937 582 1960 eam
589 1928 718 1975 mitigat
731 1927 941 1961 acrimoniam
956 1939 964 1961 ι
984 1924 1023 1961 fic
1039 1924 1108 1962 fieri
1120 1927 1242 1975 potest?
1257 1940 1294 1963 ut
1308 1927 1451 1977 specifici

69 1975 289 2011 medicaminis
319 1972 499 2022 corpuscula
517 1973 689 2010 humorum
701 1986 807 2024 partes
828 1976 968 2010 nimium
980 1976 1115 2022 agitatas
1134 1974 1260 2020 sistant,
1273 1989 1330 2012 aut
1341 1990 1452 2014 earum

69 2021 206 2072 figuram
223 2027 256 2058 &
270 2021 359 2056 situm
374 2025 557 2058 immutent.
579 2025 667 2058 Hinc
678 2024 824 2071 quaedam
849 2025 1063 2060 medicamina
1076 2023 1211 2060 viscosos
1235 2032 1268 2063 &
1283 2025 1451 2062 obstruen-

69 2080 117 2107 t'es
137 2072 284 2106 humores
299 2068 465 2106 exsolvunt
479 2086 488 2107 :
501 2082 536 2106 ut
552 2070 674 2119 spiritus
685 2085 785 2108 cornu
797 2075 883 2108 cervi
904 2071 1041 2108 occlusos
1051 2071 1248 2122 pulmonum
1258 2070 1382 2110 meatus
1399 2087 1453 2110 ex-

69 2121 171 2169 pedit.
191 2121 280 2155 Idem
303 2118 492 2168 plerumque
513 2117 642 2155 efficere
659 2121 715 2156 vel
734 2121 834 2157 solum
848 2121 962 2158 succini
977 2122 1102 2157 fumum
1115 2121 1244 2158 illustris
1265 2123 1380 2158 author
1398 2135 1450 2158 te-

69 2171 175 2205 statur.
203 2169 272 2203 Alia
289 2198 297 2211 ‚
312 2180 346 2202 ut
357 2169 493 2203 diximus
506 2196 516 2210 ,
531 2167 688 2215 sanguinis
702 2182 830 2206 acorem
842 2181 1036 2220 temperant.
1051 2173 1102 2206 Sic
1114 2173 1360 2207 medicaminum
1374 2179 1448 2218 par-

71 2219 174 2254 ticulae
191 2231 248 2266 per
266 2216 386 2252 diversa
403 2217 494 2251 velut
515 2215 620 2250 cribra
630 2218 849 2264 percolantur,
875 2226 909 2257 &
928 2222 1015 2254 varie
1029 2232 1103 2255 cum
1125 2221 1298 2255 humorum
1306 2222 1447 2267 particu-

70 2267 109 2302 lis
123 2267 387 2309 commiscentur,
409 2278 465 2301 aur
478 2264 603 2301 diverfis
616 2266 782 2302 fermentis
797 2269 982 2304 alterantur.
1002 2269 1102 2304 Unde
1126 2269 1298 2302 humorum
1319 2279 1447 2304 morum

71 2316 264 2362 quandoque
280 2316 470 2363 impeditum
486 2326 704 2363 promovent,
723 2327 779 2352 aut
793 2316 926 2354 viscosos
943 2317 1091 2353 humores
1101 2316 1304 2365 protrudunt.
1320 2319 1444 2353 Verum

70 2365 123 2399 ista
137 2363 263 2414 longius
281 2377 339 2399 nos
356 2362 564 2402 abducerent.
1160 2386 1164 2389 -

219 2414 308 2456 Tom.
329 2415 379 2463 II3
1215 2412 1265 2448 Ff
