1878 2724
305 135 345 171 1-38
688 127 954 167 PHYSICAE
995 127 1320 166 GENERALIS

309 183 440 218 clastica
452 179 568 224 ,facile
579 178 692 215 referri
708 177 834 227 polsunt
857 180 890 213 in
907 177 1051 227 spiritum
1069 179 1223 215 nitrosum
1234 208 1244 224 ,
1262 177 1416 217 subtilem
1434 206 1444 223 ‚
1463 181 1499 221 ὃς
1514 178 1707 235 ειᾶιξοίὶιιῄέ

309 234 434 279 quique
455 234 539 265 inter
552 232 662 277 ignem
673 258 683 272 ,
697 234 731 265 &
749 230 856 263 aerem
872 226 1019 277 ambigit.
1041 229 1151 274 Hujus
1168 232 1258 269 enim
1267 240 1373 278 partes
1387 230 1497 277 rigidae
1507 258 1517 274 ,
1537 236 1573 268 δε
1587 232 1698 268 mobi-

311 281 356 316 les
378 287 412 318 &
431 279 537 314 solidae
554 281 621 313 vim
638 277 798 312 elasticam
821 279 902 321 aeris
924 288 981 321 aut
996 275 1137 311 efficiunt
1151 306 1160 321 ,
1178 289 1232 312 aut
1247 291 1316 314 non
1337 279 1544 315 mediocriter
1566 294 1703 329 promo-

303 342 400 365 vent.
424 329 521 364 Unde
531 339 585 361 aer
595 326 658 362 hoc
668 329 754 362 nitro
768 325 897 375 volatili
905 327 1076 361 destitutus
1091 339 1153 361 nec
1164 326 1301 363 flammae
1311 327 1436 363 alendae
1445 357 1454 372 ,
1467 341 1529 365 nec
1538 324 1614 366 vitae
1627 326 1703 367 ani.

308 379 439 414 malium
454 376 603 411 fovendae
618 377 665 418 est
680 377 830 412 idoneus.
847 378 936 412 Hinc
954 387 1021 411 tam
1038 378 1105 411 cito
1115 375 1246 411 flamma
1263 378 1296 412 in
1310 376 1382 412 vase
1396 378 1524 415 occluso
1537 383 1702 430 extingui-

309 440 375 463 tur:
395 440 454 462 nec
465 429 498 461 in
513 426 660 461 machina
674 429 881 475 pneumatica
892 425 1040 475 sulphur,
1058 437 1115 460 aut
1126 425 1191 460 alia
1203 437 1253 460 res
1267 424 1463 461 combustilis
1475 426 1603 476 speculo
1614 431 1702 466 usto-

306 480 356 511 rio
367 477 552 511 accenditur
567 490 575 512 ι
592 488 664 510 cum
679 475 908 524 pulvispyrius
922 503 932 519 ,
952 477 1011 523 qui
1026 487 1068 512 ex
1086 476 1174 510 nitro
1190 481 1223 513 &
1246 474 1395 524 sulphure
1417 476 1569 513 coalescit
1583 507 1594 521 ,
1612 479 1704 517 flam-

304 539 393 561 mam
404 527 579 573 concipiat.
602 526 702 562 Unde
719 524 740 559 si
760 523 928 560 candelam
948 523 1115 560 accensam
1126 525 1210 560 intra
1231 537 1351 572 aquam
1371 522 1414 558 fic
1437 526 1642 572 immerseris,
1667 539 1704 565 ut

305 574 510 625 ellychnium
530 574 621 623 supra
635 587 751 622 aquam
764 573 864 623 ipsam
874 587 940 610 uno
950 586 1004 609 aut
1013 573 1117 609 altero
1131 574 1234 623 digito
1248 575 1394 609 emineat
1403 602 1412 617 ,
1427 586 1467 608 ac
1487 570 1702 622 cucurbitam,

303 624 356 660 seu
374 637 429 660 vas
442 626 582 670 vitreum
594 654 605 668 ,
618 629 657 661 ἃς
668 622 812 673 amplum
825 622 865 658 fic
879 625 1021 659 invertas
1033 653 1044 668 ‚
1061 635 1097 658 ut
1115 636 1235 671 aquam
1256 622 1442 672 *subjecstam
1462 622 1628 672 p‘aululum
1655 626 1706 662 su-

303 674 395 718 beat,
410 687 493 722 aqua
509 676 594 708 intra
608 673 809 709 cucurbitam
818 673 968 709 ascendet
983 688 991 709 ε
1006 673 1094 721 quod
1105 671 1311 709 aeris-inclusi
1326 684 1433 721 partes
1452 672 1520 708 ‘illae
1538 676 1666 711 nitrosae
1682 675 1703 713 ὲ

301 724 433 760 flamma
451 723 592 758 evolutae
603 753 613 767 ‚
630 734 685 757 aut
695 721 895 772 consumptae
908 722 1070 771 reliquum
1086 725 1167 756 aeris
1182 721 1323 758 multum
1340 721 1550 765 debilitatum
1561 753 1571 767 ,
1590 730 1625 761 &
1643 738 1704 760 ve..

303 774 350 809 lut
369 773 516 809 effoetum
525 771 722 820 relinquant.
742 774 852 816 Hinc,
872 783 908 807 ut
922 770 1013 820 supra
1031 772 1169 806 diximus
1180 784 1254 816 ,aer
1276 771 1417 807 flammae
1429 775 1597 819 proximus
1617 802 1628 818 ‚
1652 774 1703 810 his

302 822 411 858 solidis
433 828 467 859 ὃς
478 822 588 871 rigidis
602 820 744 870 partibus
757 821 925 862 destitutus
938 820 1227 864 -fitdebiliorpnec
1245 820 1333 857 valet
1344 823 1494 869 ‚proximi
1511 824 1593 858 aeris
1615 823 1703 873 pres-

301 871 379 908 sioni
389 871 539 908 resistere.
555 874 607 906 Sic
619 883 722 907 novus
741 873 898 907 continuo
919 872 961 906 ad
975 870 1143 906 flammam
1157 883 1213 904 aer
1230 870 1368 906 accedit.
1475 869 1477 871 ¹

339 917 504 971 Restm-nos
518 923 636 969 utique
648 919 869 956 non-inficiari
879 923 959 969 quin
968 933 1024 956 aer
1034 932 1074 955 eo
1087 920 1200 969 spiritu
1215 917 1339 955 nitroso
1365 918 1514 956 abundet
1528 948 1538 960 ‚
1552 922 1605 956 cui
1628 921 1706 970 plu·=

300 983 350 1006 res
383 970 517 1006 effeetus
550 971 710 1006 naturales
725 1000 735 1015 ‚
764 982 800 1005 ut
817 971 982 1019 liquorum
1007 970 1220 1006 fermentatio
1242 997 1253 1013 ,
1283 968 1466 1017 plantatum
1503 973 1674 1018 vegetatio
1690 1001 1702 1016 ,

299 1020 436 1056 flammae
447 1020 536 1069 ipsius
549 1019 696 1055 accensio
705 1049 714 1064 ,
728 1019 893 1069 respiratio
903 1020 1091 1062 animalium
1103 1018 1204 1054 tribui
1220 1031 1287 1054 non
1296 1017 1361 1054 fine
1385 1031 1505 1068 magna
1517 1018 1702 1070 probabili-

301 1081 368 1105 tate
379 1070 506 1118 poffunt
523 1069 605 1105 :sed
621 1083 688 1105 non
704 1071 898 1106 crediderim
910 1065 996 1107 hunc
1014 1069 1159 1118 spiritum
1171 1070 1294 1103 vitrum
1310 1069 1401 1103 omni
1419 1080 1492 1101 aere
1514 1068 1701 1106 exhaustum

297 1122 332 1154 in
343 1120 493 1154 machina
503 1120 877 1168 pneumatica'occupare
893 1136 903 1163 3
917 1130 972 1153 aut
991 1130 1093 1153 caecos
1105 1120 1201 1160 aeris,
1215 1123 1250 1154 &
1263 1117 1403 1152 aliorum
1422 1129 1594 1165 corporum
1610 1130 1706 1158 meaa

298 1181 346 1204 tus
358 1169 504 1216 implere.
528 1168 660 1204 Deinde
671 1168 807 1215 quaestio
819 1167 943 1216 semper
954 1180 995 1204 eo
1008 1167 1150 1210 recidet,
1168 1167 1254 1202 unde
1263 1178 1373 1202 motus
1392 1165 1476 1201 illius
1489 1168 1634 1201 materiae
1649 1170 1701 1203 ni-

298 1217 389 1253 trosae
401 1219 533 1251 ducatur
544 1234 552 1261 3
564 1229 601 1250 ac
610 1215 740 1250 difficile
755 1217 802 1251 est
815 1220 930 1253 cun&a
944 1220 1026 1251 aeris
1043 1217 1281 1264 phaenomena,
1296 1228 1370 1264 quae
1388 1214 1444 1251 suo
1470 1215 1545 1251 loco
1561 1213 1694 1262 uberius

297 1265 531 1316 prosequemur
543 1295 554 1310 ,
566 1267 649 1300 citra
658 1263 868 1302 substantiam
886 1265 1071 1308 aetheream.
1080 1264 1253 1314 explicare„

736 1366 901 1417 *Praecipua
924 1365 1010 1401 a'e'ris
1024 1362 1210 1412 affifliones.

344 1465 531 1512 Qalitates
546 1468 627 1502 aeris
646 1466 715 1501 aliae
730 1463 803 1501 sunt
816 1464 1078 1510 manifestaessliae
1094 1462 1290 1501 occultiores
1306 1475 1347 1499 ex
1364 1464 1426 1503 illis
1441 1465 1523 1515 'quae
1546 1467 1698 1503 dicuntur

296 1516 419 1563 primae,
434 1516 578 1552 oriundae
589 1531 596 1553 :
607 1517 694 1552 calor
706 1545 716 1559 ,
731 1515 828 1564 frigus
840 1515 979 1559 ‚humor
996 1521 1029 1553 ἃ
1046 1513 1166 1550 ficcitas
1184 1517 1250 1549 aeri
1266 1527 1358 1562 aeque
1373 1515 1641 1561 conveniunt,sed
1655 1528 1696 1553 ex

292 1564 457 1600 accidenti
468 1595 477 1608 ‚
493 1579 560 1601 non
573 1579 630 1615 per
641 1567 671 1601 se
681 1570 716 1602 &
728 1567 763 1600 in
775 1565 902 1600 summo
914 1565 1015 1613 gradu
1031 1578 1039 1599 :
1053 1560 1109 1598 nisi
1119 1563 1206 1598 forte
1217 1564 1393 1601 humiditas
1405 1594 1415 1609 ,
1423 1568 1473 1600 uti
1484 1564 1526 1601 ab
1537 1566 1698 1601 Aristote-

291 1611 325 1646 le
343 1613 408 1649 fuit
422 1614 568 1652 definita.
584 1617 675 1651 Nam
684 1626 737 1649 aer
749 1627 817 1649 non
836 1615 974 1662 propriis
985 1642 996 1657 ,
1009 1613 1062 1648 sed
1072 1611 1188 1647 alienis
1205 1614 1351 1649 terminis
1363 1617 1561 1652 continetur.
1576 1616 1695 1663 Qan-

292 1673 402 1709 quam‚
412 1675 449 1698 ut
459 1663 559 1711 vulgo
570 1667 673 1713 accipi
685 1663 767 1699 solet
779 1663 1022 1706 humiditas,aer
1036 1661 1128 1697 siccus
1139 1664 1248 1709 potius
1259 1663 1389 1698 videtur
1399 1693 1408 1707 ,
1418 1676 1519 1712 quam
1532 1664 1696 1702 humidus:

291 1723 367 1747 cum
388 1713 579 1761 corporibus
593 1726 660 1747 non
675 1713 835 1756 adhaereat
846 1739 855 1753 ‚
870 1723 926 1745 aut
939 1723 977 1744 ea
990 1710 1185 1745 madefaciat
1197 1724 1204 1746 :
1215 1710 1267 1744 sed
1286 1710 1423 1745 exsiccat
1436 1740 1446 1753 ‚
1461 1724 1622 1758 quatenus
1635 1713 1698 1748 hu..

293 1762 393 1795 moris
407 1761 575 1809 particulas
590 1760 732 1808 diffipat.
750 1762 802 1796 Sic
825 1760 961 1808 frigidus
982 1760 1029 1794 est
1046 1759 1154 1807 potius
1172 1787 1183 1801 ‚
1195 1770 1294 1805 quam
1315 1758 1435 1795 calidus
1450 1774 1458 1796 :
1480 1760 1557 1796 licet
1583 1760 1696 1797 multis

279 1811 517 1857 'Peripateticis
535 1809 629 1845 aliter
642 1810 791 1846 videatur
809 1838 820 1854 ‚
834 1821 871 1844 ut
887 1810 1005 1856 cuique
1030 1808 1201 1843 elemento
1212 1807 1307 1843 binas
1336 1807 1479 1844 tribuant
1495 1810 1669 1857 qualitates
1683 1841 1696 1856 ,

292 1870 429 1905 quarum
438 1858 540 1893 altera
551 1858 673 1894 summa
688 1858 724 1895 fit
736 1888 747 1903 ‚
768 1856 938 1895 &intensa
949 1858 1069 1902 ‚altera
1080 1856 1246 1893 remiffior.
1277 1860 1401 1893 Verum
1418 1858 1549 1893 idforte
1567 1861 1616 1894 uti
1626 1859 1693 1894 alia

289 1906 431 1955 plurima
453 1920 492 1942 ex
506 1908 690 1949 intelleehis
720 1908 823 1944 nostri
842 1906 956 1943 indole
984 1908 1132 1943 oriuntur
1155 1921 1163 1942 :
1189 1919 1289 1954 quam
1318 1909 1406 1943 enim
1440 1910 1692 1956 proportionem

291 1956 565 2003 comminiscitur,
582 1958 665 1993 hanc
675 1957 869 2007 plerumque
883 1956 976 1992 rebus
989 1954 1130 2006 affingit.
1159 1957 1247 1991 Cum
1265 1968 1376 1991 autern
1402 1957 1513 1992 hieme
1537 1969 1592 1993 aer
1617 1956 1693 1994 infi-

292 2018 360 2039 mus
373 2004 741 2055 fitfngidiffii·nus‚&in
762 2007 872 2043 media
888 2019 922 2041 re
948 2009 1024 2042 ione
1047 2005 1171 2053 semper
1198 2017 1347 2054 torpeat3
1380 2006 1422 2041 de
1442 2006 1586 2055 suprema
1611 2019 1694 2053 veto

289 2057 371 2088 aeris
384 2055 478 2104 plaga
495 2056 576 2091 nihil
588 2057 685 2092 nobis
698 2057 844 2092 constare
854 2020 950 2105 poffigt
959 2086 968 2100 ,
983 2055 1090 2105 palam
1104 2056 1150 2090 est
1160 2068 1234 2089 aera
1247 2084 1258 2099 ‚
1276 2054 1411 2103 siquem
1423 2055 1522 2091 habet
1532 2054 1690 2101 calorem,

290 2103 377 2139 hunc
393 2104 445 2139 vel
462 2103 617 2140 alumine
629 2106 701 2141 soiis
716 2106 839 2143 reflexo
852 2134 861 2148 ‚
874 2105 929 2141 vel
941 2106 982 2140 ab
996 2107 1099 2155 igneis
1121 2104 1385 2141 exhalationibus
1402 2107 1553 2141 mutuari.
1583 2105 1690 2140 Cum-

289 2164 353 2200 que
363 2153 509 2195 detraCta
532 2156 622 2190 omni
634 2158 788 2191 exteriori
801 2153 889 2201 causa
902 2154 1036 2204 frigidus
1050 2153 1106 2198 sit,
1122 2154 1310 2190 certumest
1330 2167 1442 2191 natura
1461 2154 1514 2189 sua
1533 2152 1689 2202 frigidum

288 2205 397 2249 potius
413 2201 475 2238 else
491 2232 500 2246 ‚
518 2217 615 2252 quam
641 2205 791 2240 calidum.

326 2251 475 2298 Reliquae
490 2253 664 2300 qualitates
676 2256 709 2289 in
722 2267 796 2289 aere
806 2253 987 2290 manifestae
1003 2281 1013 2296 ,
1035 2252 1105 2290 sunt
1125 2255 1262 2290 tenuitas
1273 2283 1282 2297 ‚
1302 2255 1349 2288 vis
1364 2251 1491 2286 ela-stica
1503 2280 1513 2295 ‚
1530 2253 1688 2299 gravita5,'

290 2304 324 2336 δέ
341 2300 409 2334 aliae
422 2302 512 2350 hujus
530 2305 657 2351 generis
670 2333 680 2347 ‚
691 2303 732 2338 de
743 2303 861 2351 quibus
871 2303 925 2338 suo
938 2303 1022 2339 loco.
1035 2305 1115 2338 Sunt
1132 2309 1165 2340 &
1183 2303 1253 2337 aliae
1273 2301 1466 2336 occultiores
1477 2330 1487 2343 ‚
1506 2313 1577 2347 quae
1601 2299 1684 2336 effe-

291 2348 394 2382 &ibus
405 2353 506 2397 magis
517 2364 614 2397 quam
626 2355 751 2388 ratione
760 2353 824 2402 ipsa
837 2351 1074 2401 dignoscuntur.
1091 2355 1140 2388 Est
1157 2355 1245 2388 enim
1256 2363 1309 2385 aer
1325 2362 1499 2385 commune
1513 2348 1604 2384 velut
1617 2362 1689 2385 em-

291 2400 434 2444 perium,
450 2398 507 2433 ubi
516 2400 632 2437 coehun
645 2432 654 2447 ‚
669 2409 702 2441 &
717 2414 798 2438 terra
809 2403 875 2439 suas
886 2432 895 2446 ,
905 2414 940 2437 ut
952 2403 996 2437 ita
1007 2403 1113 2437 dicam
1125 2431 1135 2447 ,
1148 2412 1298 2437 exercent
1310 2399 1575 2449 nundinati0ne5.
1589 2397 1687 2435 Efflu-
