1878 2724
417 152 466 196 333
735 143 997 183 PHYSICAE
1036 144 1198 182 PARS
1237 144 1517 184 SECUNDA.

454 200 534 234 Non
547 196 661 231 desunt
676 206 786 230 tamen
804 196 858 243 qui
872 194 955 229 hanc
965 193 1126 230 halituum
1141 193 1331 231 divisionem
1352 198 1449 231 nimis
1467 196 1574 232 levem
1585 225 1594 241 ,
1612 200 1647 234 &
1671 200 1808 246 jejunam

418 246 478 282 effe
488 259 552 281 non
563 255 684 279 temere
695 243 828 281 forsitan
842 243 1046 279 existiment:
1057 256 1124 278 non
1140 245 1228 280 enim
1241 255 1325 279 tetra
1339 243 1442 279 solum
1461 249 1494 281 &
1506 257 1589 294 aqua
1606 258 1646 284 ex
1664 245 1695 280 se
1711 248 1808 283 emit..

421 307 493 331 tunt
516 292 673 342 profluvia
687 305 694 326 :
714 291 766 327 sed
779 292 903 328 nullum
922 291 1008 328 ferre
1022 293 1066 327 est
1077 305 1204 341 corpus,
1221 305 1260 327 ex
1274 295 1420 342 quojugi
1431 292 1551 330 effluxu
1564 294 1807 343 hujusmodiha-

420 345 494 378 litus
517 355 585 377 non
610 352 764 378 manent:
781 354 817 378 ut
839 344 873 378 in
888 352 1067 391 magnete,
1081 341 1240 378 eleaticis
1260 370 1272 386 ,
1290 348 1323 379 &
1337 343 1445 378 odoris
1466 344 1656 392 corporibus
1675 356 1806 381 cernere

417 393 471 428 est.

456 444 581 476 Verum
595 451 630 475 ut
648 452 717 476 rem
731 444 776 476 ita
793 440 854 477 effe
863 441 1068 477 concedimus
1079 470 1089 486 ,
1099 440 1138 476 fic
1152 440 1306 476 summam
1321 439 1593 476 &incredibilem
1608 440 1733 490 prorsus
1745 442 1804 478 ha-

414 490 531 525 lituum
549 492 740 525 varietatem
749 490 787 525 ad
803 489 926 526 summa
937 491 1085 538 quaedam
1104 492 1209 539 capita
1223 490 1371 523 revocari
1387 500 1542 537 oportere
1557 491 1803 529 contendimus.

414 539 485 585 Qii
496 551 536 574 ex
559 551 643 586 aqua
652 540 812 588 prodeunt
824 569 834 584 ,
848 552 984 588 vapores
997 557 1006 584 3
1022 542 1078 588 qui
1088 542 1112 576 ,ὲ
1129 551 1212 575 terra
1226 567 1237 582 ,
1254 542 1287 574 δε
1301 535 1396 573 succis
1409 537 1597 587 oleaginofis
1609 566 1619 581 ,
1634 537 1730 584 fumi3
1743 543 1804 587 qui

412 588 580 636 denique&
597 588 691 624 succis
716 589 890 625 acrioribus
900 588 1067 632 exhalant,
1082 588 1204 637 spiritus
1214 588 1435 624 nominentur.
1458 589 1626 636 Vaporum
1639 589 1803 635 particula:

409 636 432 681 ιεἰ
443 636 631 685 corporibus
642 637 740 672 facile
754 637 937 687 separantur
947 667 957 682 ‚
974 641 1051 675 &in
1069 637 1210 687 guttulas
1221 648 1311 684 aquae
1323 648 1441 672 coeunt
1455 653 1464 680 ;
1477 635 1539 672 five
1552 635 1612 671 sint
1624 635 1728 685 longae
1743 665 1754 679 ,
1768 643 1802 675 &

410 684 559 730 lubricae,
577 685 640 721 five
659 686 756 722 aliam
770 690 873 724 nastae
883 686 942 723 fint
957 687 1102 735 figuram.
1128 688 1217 722 Fumi
1230 690 1264 722 &
1278 684 1500 720 exhalationes
1517 687 1549 720 vi
1562 684 1677 719 caloris
1689 688 1800 734 aegrius

410 735 604 778 attolluntur
616 736 722 783 :quod
741 735 828 771 forte
847 747 953 785 partes
966 735 1110 771 habeant
1122 733 1280 777 ramosas,
1295 739 1328 770 &
1341 733 1420 768 alias
1444 734 1511 769 aliis
1532 733 1688 782 implexas
1707 749 1716 770 :
1733 734 1804 771 sum

409 796 522 820 tamen
541 784 705 820 molliores
718 797 816 832 quam
834 785 1002 835 spirituum
1020 784 1183 834 particulae
1195 812 1204 828 ,
1221 796 1291 832 quae
1302 782 1399 819 instar
1416 783 1582 832 cuspidum
1603 781 1797 832 plerumque

409 835 493 868 durae
504 833 572 869 sunt
591 839 625 871 &
637 846 746 870 acurae.

442 885 531 918 Hinc
540 883 612 931 plus
628 894 724 918 nocet
735 882 915 919 valetudini
930 881 1093 922 exhalatio
1106 880 1269 930 spirituosa
1282 893 1381 928 quam
1396 892 1515 930 vapor:
1526 879 1680 928 quodilla
1701 882 1801 929 parti.

406 930 483 967 culis
497 930 699 966 terrestribus
711 960 721 975 ,
731 937 764 968 &
775 931 951 966 acrioribus
962 930 1117 967 abundet.
1130 931 1235 967 Unde
1252 928 1362 964 morbi
1381 929 1628 964 innumerabiles
1639 941 1677 964 ex
1695 929 1799 966 halitu

407 992 571 1015 venenato
589 992 816 1029 propagantur.
831 980 986 1028 Cumque
997 979 1119 1016 &succis
1130 977 1338 1021 mineralibus
1352 977 1399 1012 illi
1412 990 1586 1026 erumpunt
1603 978 1802 1027 furni,majo-

406 1042 475 1064 rem
493 1030 592 1064 edunt
607 1030 743 1078 stragem
759 1041 855 1066 :nam
877 1041 931 1064 cor
955 1027 1068 1064 usculis
1083 1027 1261 1063 acrioribus
1291 1025 1377 1074 quasi
1403 1026 1592 1062 morborum
1616 1027 1797 1062 seminariis

408 1078 675 1127 foeri,sanguinis
688 1077 820 1114 massam
836 1107 845 1122 ‚
875 1083 909 1115 ὅ(
940 1079 1052 1126 piritus
1067 1077 1184 1112 vitales
1207 1075 1365 1112 inficiunt.
1388 1076 1488 1112 Unde
1504 1087 1682 1111 venenatus
1704 1088 1758 1111 aer
1780 1077 1798 1113 ὲ

406 1126 620 1163 subterraneis
639 1126 716 1161 locis
739 1126 858 1164 multus
883 1126 1031 1162 exhalat:
1056 1137 1092 1161 ut
1113 1128 1147 1161 in
1159 1138 1237 1173 agro
1261 1123 1443 1160 Puteolano
1455 1125 1502 1159 est
1521 1123 1604 1159 lacus
1614 1127 1671 1172 qui
1685 1125 1795 1161 fumos

406 1178 529 1212 emittit
540 1174 724 1224 sulphureos
734 1174 848 1212 avibus
863 1174 933 1223 ipfis
945 1174 1147 1222 perniciosos.
1166 1177 1217 1209 Sic
1235 1173 1347 1210 multis
1365 1174 1399 1209 in
1419 1174 1601 1222 Campania
1620 1173 1698 1209 locis
1718 1202 1728 1216 ‚
1752 1186 1793 1209 ex

407 1227 506 1261 antris
541 1223 754 1260 subterraneis
780 1224 864 1260 fumi
881 1223 1063 1272 sulphurei,
1080 1235 1136 1259 aut
1149 1221 1337 1259 bituminosi
1360 1221 1515 1259 exhalant
1527 1251 1537 1266 ,
1555 1234 1624 1259 tum
1640 1222 1795 1258 monife.

408 1277 434 1309 ri
443 1303 452 1318 ,
463 1285 530 1308 tum
543 1272 702 1309 salutares.

456 1322 569 1368 deri
578 1324 679 1357 etiam
690 1320 769 1356 solet
780 1321 864 1357 unde
878 1331 967 1356 tanta
980 1320 1139 1356 halituum
1152 1322 1218 1365 vis,
1233 1333 1302 1368 quae
1315 1319 1486 1355 causaillos
1501 1322 1638 1364 excitet,
1659 1332 1714 1355 aut
1727 1320 1791 1356 sur-

407 1370 473 1407 sum
490 1373 629 1408 emittat.

457 1421 636 1469 Resp.vim
647 1420 757 1464 illam,
774 1417 1000 1456 &efficaciam
1023 1417 1180 1453 halituum
1196 1447 1205 1461 ‚
1243 1417 1295 1453 seu
1317 1415 1520 1452 effluviorum
1543 1427 1582 1451 ex
1607 1419 1642 1452 iis
1673 1418 1794 1468 potiffi..

409 1483 500 1506 mum
530 1467 626 1507 caufis
653 1470 727 1504 duci
753 1498 763 1513 ,
786 1481 865 1516 quas
892 1467 958 1503 alio
987 1467 1061 1502 loco
1077 1496 1087 1510 ,
1129 1479 1203 1503 cum
1231 1467 1271 1501 de
1300 1466 1492 1514 qualitatum
1525 1467 1652 1514 origine
1676 1480 1789 1516 agere-

409 1532 479 1554 mus
503 1548 513 1562 ‚
551 1517 624 1553 satis
650 1517 717 1553 fuse
742 1517 956 1565 exposuimus.
1003 1524 1043 1552 10.
1060 1519 1105 1552 Ex
1134 1518 1258 1565 ingenti
1279 1513 1535 1563 corpusculorum
1559 1514 1787 1560 multitudine,

410 1581 480 1614 quae
502 1579 614 1604 eorum
640 1567 898 1615 magnitudinem
921 1565 1050 1600 abunde
1079 1563 1273 1615 compensat,
1314 1566 1367 1599 Sic
1394 1562 1524 1599 infinitae
1544 1575 1636 1609 aqua:
1656 1564 1788 1612 guttulae

409 1619 444 1651 in
457 1628 532 1651 aere
552 1615 690 1664 dispersa:
700 1615 777 1650 sales
796 1615 967 1651 exsolvunt
981 1631 990 1657 3
1007 1613 1102 1649 funes
1116 1613 1309 1649 contrahunt
1319 1642 1329 1657 ‚
1345 1612 1476 1661 &ligna
1491 1610 1638 1648 nonsatis
1652 1611 1789 1648 exsicca..

409 1677 441 1700 ta
454 1664 567 1701 inflant
582 1682 591 1708 3
611 1664 717 1699 musici
738 1665 941 1700 instrumenti
964 1662 1044 1703 fides
1057 1664 1215 1705 tendunt,
1230 1668 1263 1702 δε
1284 1662 1448 1702 interdum
1466 1660 1684 1707 disrumpunt:
1699 1662 1789 1709 quod

407 1715 537 1749 :ustione
550 1714 641 1748 velut
652 1716 831 1754 communi,
846 1719 880 1750 ὃ(
889 1713 1085 1759 conjunfflm
1099 1714 1166 1746 vim
1185 1711 1270 1749 suam
1281 1721 1422 1746 exerant.
1449 1718 1500 1745 20.
1514 1712 1558 1745 Ex
1570 1708 1719 1746 subtili&
1732 1722 1789 1758 pe-

407 1761 765 1798 netrantieffluviotum
786 1773 899 1797 natura
912 1775 920 1797 :
934 1765 1020 1808 cujus
1034 1763 1161 1808 generis
1183 1763 1216 1794 in
1240 1762 1330 1806 aquis
1350 1759 1480 1806 stygiiS,
1497 1760 1530 1792 in
1553 1760 1736 1801 Mercurio,
1753 1764 1787 1795 8<

405 1808 566 1860 plerisque
580 1809 787 1845 mineralibus
802 1809 869 1844 sunt
877 1809 1022 1856 plurima.
1037 1811 1088 1842 Sic
1103 1809 1119 1843 ὲ
1132 1809 1299 1856 torpedine
1311 1806 1425 1841 halitus
1439 1817 1630 1853 erumpunt,
1645 1808 1701 1853 qui
1723 1807 1786 1841 stu-

405 1872 518 1907 potem
532 1858 692 1906 piscatoris
705 1858 839 1893 brachio
857 1857 1008 1892 afferunt.
1025 1858 1072 1892 Ac
1084 1868 1184 1904 nuper
1213 1860 1254 1891 D.
1268 1854 1391 1889 Richer
1407 1853 1501 1889 nobis
1523 1853 1685 1888 referebat
1706 1853 1734 1888 se
1752 1857 1785 1890 in

405 1907 503 1942 insula
516 1936 525 1951 ,
544 1919 615 1953 quae
633 1908 731 1954 vulgo
742 1908 775 1940 la
789 1909 937 1953 Cayenne
956 1906 1089 1948 dicitur,
1107 1905 1224 1952 piscem
1238 1902 1338 1938 crass-z
1359 1909 1391 1940 δε
1411 1901 1559 1951 oblonga:
1577 1903 1723 1950 anguillae
1739 1902 1776 1937 si-

404 1955 518 1991 milem
537 1954 644 1989 vidiffe
659 1958 716 2002 qui
729 1967 875 1989 extremo
889 1955 1001 2002 digiti,
1027 1957 1093 1988 imo
1116 1959 1148 1990 &
1164 1953 1270 1988 baculi
1289 1953 1388 1987 tuitus
1404 1951 1510 1986 statim
1534 1950 1693 1998 stuporem
1708 1950 1782 1986 bra-

404 2005 477 2039 chio
489 2033 497 2046 ‚
511 2009 545 2040 &
559 2005 670 2037 vicinis
683 2004 824 2051 partibus
839 2032 848 2045 ,
863 2005 971 2040 imo&
987 2003 1095 2037 levem
1112 2003 1232 2039 inducit
1249 2001 1453 2036 scotomiam:
1468 2001 1556 2047 quod
1578 1998 1642 2047 ipse
1654 2002 1781 2048 experi-

404 2055 430 2088 ri
442 2053 556 2094 voluit.
578 2055 649 2100 Ejus
662 2052 725 2086 loci
738 2051 851 2087 incolae
864 2051 1007 2086 referunt
1027 2051 1108 2086 hunc
1127 2050 1242 2099 piscem
1255 2050 1332 2085 alios
1345 2062 1460 2084 vorare
1473 2049 1639 2097 postquam
1654 2060 1708 2083 eos
1726 2061 1783 2083 ex,

406 2114 508 2148 trema
527 2100 582 2138 suae
591 2102 696 2136 caudae
710 2113 800 2149 parte
817 2099 963 2148 percussit
974 2128 983 2143 ‚
1002 2105 1034 2136 δ(
1051 2101 1175 2147 stupore
1191 2100 1333 2147 quodam
1342 2098 1458 2135 affecit.
1473 2100 1525 2132 Sic
1538 2098 1660 2146 spiritus
1676 2110 1779 2132 armo-

404 2153 512 2186 niacus
524 2148 576 2184 ubi
593 2151 609 2185 ὲ
623 2149 709 2184 calce
722 2178 732 2192 ,
746 2162 799 2185 aut
810 2148 870 2184 sale
887 2151 996 2184 tartari
1013 2148 1073 2183 fuit
1086 2148 1272 2192 distillatus,
1283 2149 1418 2183 odorem
1431 2148 1643 2188 teterrimum,
1664 2149 1719 2192 qui
1730 2158 1780 2181 ta-

405 2212 481 2235 men
496 2198 654 2247 plerisque
668 2198 839 2238 mulierum
852 2197 973 2233 morbis
992 2198 1038 2231 est
1054 2197 1196 2246 perutilis
1208 2227 1218 2240 ‚
1237 2199 1371 2233 emittit.
1387 2199 1436 2231 Sic
1449 2198 1480 2230 in
1494 2199 1587 2229 Zona
1597 2195 1716 2228 torrida
1727 2194 1778 2229 ef.

398 2247 507 2283 fluxus
524 2247 738 2283 substantiales
752 2249 832 2283 adeo
843 2259 1045 2295 penetrantes
1062 2247 1230 2290 exhalant,
1250 2259 1284 2286 ut
1297 2245 1385 2281 enses
1398 2247 1431 2280 in
1444 2245 1564 2292 vaginis
1579 2243 1727 2286 exedant,
1741 2248 1777 2280 &

405 2300 437 2332 in
457 2297 652 2345 ferruginem
667 2307 871 2336 convertant.
902 2306 950 2333 2⁰.
977 2297 1086 2330 Motus
1113 2295 1257 2331 celeritas
1276 2296 1498 2340 undecumque
1515 2292 1659 2334 accidat,
1675 2291 1774 2339 pluri-

406 2358 493 2380 mum
502 2358 598 2394 auget
610 2348 694 2385 vires
706 2345 905 2386 estliiviorum
915 2375 923 2388 ,
935 2356 989 2379 aut
1005 2344 1180 2381 halituum:
1197 2357 1230 2379 ut
1242 2347 1276 2379 in
1288 2343 1427 2391 pulvere
1438 2342 1535 2388 pyrio
1548 2370 1557 2383 ,
1571 2343 1603 2375 in
1620 2352 1697 2374 auro
1714 2339 1780 2374 ful·

407 2395 570 2436 minante,
588 2397 620 2431 in
638 2395 770 2431 fulmine
784 2395 849 2444 ipso
866 2395 974 2431 videre
994 2393 1036 2428 est
1054 2406 1061 2427 τ
1080 2394 1204 2428 accedit
1226 2403 1301 2440 apta
1325 2389 1579 2439 corpusculorum
1597 2388 1696 2437 figura
1714 2416 1723 2432 ,
1741 2394 1775 2426 &

1870 450 1878 760 --—...——..-.—--—2
1872 213 1878 446 -...—„—*-..
1875 186 1878 190 r
1876 158 1878 162 r
1876 137 1878 143 .
