1878 2724
497 121 566 159 DE
600 118 986 157 POSSILIBUS.
1393 134 1420 158 ir

44 172 129 222 aqua
143 171 258 207 leviter
278 169 380 205 diluta
400 197 410 213 ‚
427 179 466 205 ex
483 182 546 217 qua
561 170 643 205 nihil
658 168 714 205 nisi
737 168 840 204 lutum
862 170 1013 217 emergit.
1031 166 1094 203 Sed
1117 164 1204 202 forte
1217 195 1226 210 ,
1241 178 1276 203 ut
1297 134 1424 205 videiur

44 225 217 258 Avicennae
230 248 240 263 ,
251 219 366 254 humor
383 220 424 254 est
443 218 579 255 viscosus
593 218 790 254 &terrestris
806 220 871 253 :ita
883 229 917 252 ut
932 218 1179 252 continuitatem
1200 215 1327 260 humor,
1342 229 1426 253 terra

41 270 191 318 largiatur
201 267 405 304 soliditatem.
415 270 544 303 Siccitas
557 279 648 302 tetrae
662 267 886 302 humiditatem
900 278 992 313 aquae
1008 264 1090 308 sistit,
1102 277 1144 300 ne
1152 263 1280 301 diffluat
1291 267 1426 310 3humor

47 316 267 355 minutiffimas
285 329 373 351 ‹errae
386 329 492 366 partes
504 316 692 352 commiscet
703 344 712 358 ,
728 320 760 352 &
771 316 883 352 nectit.
907 316 994 350 Hinc
1006 315 1107 349 lutum
1121 314 1305 350 induratum
1321 316 1361 350 ad
1379 315 1427 350 la-

43 367 127 416 pidis
142 365 336 401 soliditatem
347 367 482 401 accedit.
495 366 597 410 Qod
613 364 632 399 fi
644 365 760 400 humor
771 363 905 399 viscosus
919 369 953 400 &
964 375 1058 398 tenax
1079 376 1144 398 non
1156 362 1232 397 effer
1243 392 1253 406 ,
1269 366 1293 397 is
1313 364 1428 399 caloris

45 418 80 451 vi
95 417 161 450 cito
179 415 337 451 avolaret.
351 417 438 449 Hinc
447 427 517 462 quae
529 426 586 462 per
605 413 726 461 lapides
748 425 902 461 vagantur
924 424 1017 446 venae
1029 440 1038 455 ,
1052 411 1133 449 nihil
1155 411 1222 446 sunt
1238 424 1351 460 ptaeter
1369 425 1431 447 ter.

45 476 116 500 ram
129 463 311 498 exsiccatam
321 492 330 507 ‚
341 476 414 510 quae
429 463 523 498 facile
537 465 568 498 in
580 462 749 509 pulverem
766 463 992 496 comminuitur
1007 489 1016 503 ,
1032 461 1118 507 quod
1139 472 1176 492 ex
1190 473 1225 494 ea
1247 464 1352 496 omnis
1369 462 1429 496 hu-

46 525 118 550 mor
128 511 164 547 sit
178 512 358 547 exhaustus..
374 515 487 559 ltaque
504 511 627 559 lapides
641 523 677 544 ex
690 512 796 545 tenaci
806 510 875 545 luto
888 538 898 552 ,
910 509 963 543 vel
977 508 1066 542 succo
1078 508 1241 557 lapidifico
1253 511 1430 558 prodeunt3

50 561 154 598 lutum
168 562 210 595 est
222 590 231 604 ,
249 559 305 595 ubi
324 572 405 595 terra
417 558 574 608 copiosior
584 577 593 603 ·,
604 557 709 594 succus
721 587 730 600 ,
746 558 804 593 ubi
817 570 899 606 aqua
914 558 1110 593 dominatur.
1137 559 1212 592 Nec
1225 558 1311 592 forte
1330 558 1432 597 succus

49 609 227 659 Iapidificus
236 608 320 645 aliud
331 610 376 643 est
386 608 444 643 nisi
457 620 540 656 aqua
556 607 655 643 saxeis
667 611 819 643 ramentis
833 618 999 656 praegnans
1017 620 1024 641 :
1038 605 1100 640 five
1125 606 1177 640 hic
1198 618 1371 655 corporum
1386 606 1435 645 su,

47 658 128 694 beat
140 669 261 693 meatus
276 662 288 702 (
301 658 429 694 unde&
442 657 568 705 plantas
584 685 594 700 ,
612 657 808 693 &animilia
830 656 995 690 interdum
1015 653 1172 698 obducit,
1192 660 1224 690 &
1244 657 1407 700 incrusta13
1421 670 1433 709 J

48 706 104 743 seu
119 707 226 741 calore
241 704 349 741 sensim
361 708 556 749 contectus,
571 705 627 740 ubi
637 708 763 740 moveri
780 704 910 748 definit,
934 703 1039 738 statim
1061 715 1191 751 cogatur
1208 705 1242 739 in
1265 704 1406 754 lapidem
1426 734 1434 742 .

48 755 102 792 seu
117 755 201 790 forte
213 755 273 790 huc
285 767 415 803 quoque
425 756 578 803 principia
589 754 751 802 Chvmica
766 760 798 791 &
815 753 1000 788 mechanica
1008 751 1068 786 sint
1075 752 1272 787 accersenda.
1427 746 1437 762 ’

87 807 176 842 Nam
194 802 235 838 sal
250 815 307 838 aut
317 804 451 839 nitrosus
467 815 502 838 ut
513 806 546 839 in
560 803 661 845 calce,
678 814 733 837 aut
747 805 853 839 acidus
863 805 941 838 utin
953 800 1122 836 marcafitis
1134 829 1144 844 ‚
1157 812 1212 836 ant
1227 801 1315 837 forte
1330 801 1438 838 utrius-

51 866 119 901 que
129 855 364 900 temperatioin
378 852 536 901 plerisque
556 851 815 900 coagulationem
839 849 948 887 efficit.
974 852 1114 884 Materia
1126 852 1249 898 quippe
1262 854 1353 887 omni
1378 851 1440 887 sale

55 902 206 938 exhausta
221 901 391 950 lapidescet
407 913 579 949 nunquam.
601 902 689 936 Hinc
708 900 750 935 sal
770 900 947 936 metallicas
962 897 1136 935 solutiones
1150 902 1259 947 cogit,
1279 906 1312 938 δε
1327 902 1440 936 cuneta

55 951 325 998 indurat-corpora
340 962 498 994 3ovorum
512 950 615 993 testae,
628 951 750 985 marina
761 949 942 998 conchylia,
953 948 1083 984 corallia
1098 961 1137 982 ex
1153 947 1215 982 sale
1226 948 1347 984 nitroso
1357 949 1441 985 suam

55 1011 209 1048 repetunt
217 999 380 1035 duritiem.
399 1001 450 1035 Sic
462 1002 625 1036 nitrum&
641 998 790 1045 quaedam
803 999 913 1034 lixivia
927 996 1130 1046 lapidescunt.
1160 999 1321 1034 Unumex
1332 998 1448 1034 multis*

56 1048 220 1097 proferam
231 1050 500 1094 experimentum.
523 1049 610 1083 Cum
620 1048 667 1084 D.
682 1047 725 1081 du
737 1049 811 1082 Clos
824 1047 921 1082 salem
934 1048 1042 1082 tartari
1056 1045 1160 1080 multo
1175 1049 1257 1080 aceti
1269 1046 1379 1095 saepius
1391 1047 1444 1082 af.

40 1122 43 1124 -
58 1096 118 1132 fufi
132 1103 165 1134 &
184 1095 395 1131 distillatisale
410 1095 660 1145 imptaegnalset3
680 1107 778 1142 atque
793 1097 929 1143 experiri
946 1094 1048 1130 vellet
1061 1107 1101 1128 an
1126 1106 1165 1128 eo
1179 1094 1240 1129 sale
1262 1107 1445 1144 temperato

60 1146 166 1193 liquor
180 1143 357 1193 spirituosus
375 1146 520 1180 exstillari
534 1142 656 1193 posset,
675 1156 748 1178 cum
758 1142 870 1179 sabulo
892 1142 1070 1193 stampensi
1085 1143 1228 1186 miscuit,
1253 1150 1285 1180 &
1305 1147 1380 1192 igne
1394 1156 1446 1179 re..

60 1193 202 1230 verberii
218 1205 388 1242 perparum
400 1193 592 1242 phlegmatis
604 1195 752 1236 extraxit,
766 1191 895 1228 massam
911 1205 995 1241 pene
1013 1191 1111 1227 fusam
1127 1193 1144 1227 ὲ
1157 1192 1230 1226 vase
1247 1204 1332 1227 extra
1339 1196 1424 1229 &am
1436 1222 1445 1236 ,

62 1245 114 1278 cui
125 1243 237 1277 decem
251 1254 339 1290 aquae
352 1242 510 1278 ferventis
530 1241 626 1277 libras
637 1240 753 1277 affudit
765 1270 774 1284 ‚
792 1247 826 1278 &
845 1244 1070 1290 agitatam,per
1084 1241 1227 1275 chartam
1240 1240 1387 1277 bibulam
1399 1241 1448 1276 fil-

64 1293 162 1328 travit
174 1305 181 1326 :
193 1291 275 1326 hanc
288 1293 393 1326 omnis
407 1293 589 1326 acrimoniae
609 1302 776 1338 expertem
791 1319 800 1334 ‚
818 1295 852 1327 δί
879 1292 1005 1339 postero
1023 1291 1076 1323 die
1095 1289 1295 1338 coagulatam
1309 1293 1446 1326 invenit,-

62 1352 204 1387 cumque
215 1342 298 1388 ignis
307 1342 344 1376 vi
353 1352 469 1387 aquam
480 1339 593 1374 elicere
607 1350 763 1382 tentaret,
780 1337 873 1374 massa
884 1343 919 1374 in
939 1339 1087 1388 lapidei-n·
1094 1338 1244 1373 conversa
1260 1340 1318 1375 est.

100 1390 227 1426 Addam
257 1388 460 1424 artificialem
484 1391 566 1424 cotis
593 1390 858 1436 praeparationem
871 1418 880 1431 ‚
909 1401 1007 1436 quam
1030 1399 1096 1422 non
1125 1389 1168 1421 ita
1188 1388 1313 1434 pridem
1342 1391 1391 1425 D.
1410 1389 1450 1423 de

65 1439 100 1473 Ia
115 1440 197 1472 Hire
208 1440 241 1472 in
253 1438 426 1472 Academia
436 1436 744 1485 propofiiit‚quaeque
755 1437 931 1480 novaculae‚
947 1448 1001 1471 aut
1015 1434 1166 1483 scalpello
1177 1437 1364 1472 exacuendo
1383 1440 1448 1473 uti-

66 1487 105 1523 lis
123 1485 183 1522 effe
194 1487 306 1533 potest.
323 1489 462 1535 Lignum
476 1488 546 1533 pyri
564 1485 686 1519 arboris
700 1484 880 1533 oblongum
891 1515 900 1530 ‚
928 1492 962 1523 &
982 1484 1188 1532 sesquidigito
1210 1484 1311 1520 latum
1324 1488 1359 1519 in
1373 1486 1450 1521 oleo

64 1538 157 1573 nucis
169 1538 217 1570 cui
228 1535 418 1583 lithargyrus
435 1535 577 1569 incoctus
590 1532 782 1577 est,imbuit-,
795 1545 862 1569 tum
874 1533 1007 1569 exsiccat
1021 1563 1031 1576 ‚
1044 1538 1076 1570 &
1095 1533 1189 1568 frusto
1206 1535 1286 1568 vitri
1311 1535 1452 1583 expolit3

70 1596 182 1634 parum
192 1595 281 1618 terrae
292 1596 388 1631 quam
412 1583 553 1631 tripolim
571 1594 711 1625 vocant,
734 1595 871 1630 quaeque
886 1584 969 1630 aqua
986 1582 1098 1617 abluta
1114 1581 1180 1624 est,
1198 1581 1323 1618 allinit:
1341 1583 1398 1617 ubi
1410 1585 1451 1618 ad

69 1633 157 1669 usum
171 1631 343 1667 adhibetur
353 1661 363 1675 ,
377 1631 453 1666 oleo
470 1631 566 1666 olivae
578 1659 586 1673 ‚
615 1643 651 1665 ut
668 1633 767 1665 moris
780 1632 841 1674 est,
856 1631 999 1667 illinitur.

105 1684 179 1718 Nec
195 1680 311 1715 dubito
329 1683 409 1727 quin
428 1681 541 1715 eadem
557 1679 791 1728 coagulationis
811 1679 900 1714 causa
924 1681 964 1714 ad
976 1680 1131 1728 principia
1156 1679 1346 1714 Mechanica
1363 1693 1454 1716 com·-

71 1731 170 1767 mode
187 1729 299 1763 referri
319 1727 417 1777 poffit
429 1741 484 1772 ,ut
501 1741 539 1763 ex
556 1731 593 1762 iis
603 1741 673 1774 quae
685 1730 717 1762 in
737 1727 867 1776 Physica
882 1729 1024 1777 generali
1038 1728 1077 1762 de
1095 1726 1251 1762 firmitate
1269 1728 1355 1763 diota
1372 1729 1454 1774 sunt,

72 1778 170 1815 facile
188 1777 357 1826 colligitur.
378 1777 509 1824 Qibus
529 1777 549 1812 si
564 1777 721 1811 addideris
747 1790 818 1824 quae
840 1780 885 1813 D.
908 1778 1020 1811 Grevv
1037 1778 1068 1810 in
1092 1773 1324 1811 Differtatione
1344 1789 1453 1813 coram

73 1829 237 1863 Societate
250 1829 355 1875 Regia
372 1826 548 1872 Anglicana
557 1827 766 1874 pronunciata
782 1827 823 1860 de
841 1828 996 1861 mixtione
1007 1825 1170 1873 ingeniose
1181 1825 1355 1860 admodum
1365 1825 1455 1861 diffe-

71 1878 148 1919 ruit‚
160 1876 245 1911 forte
255 1875 325 1910 huic
336 1878 382 1909 tei
393 1874 586 1910 difficillimae
598 1875 649 1909 lux
667 1874 774 1921 aliqua
795 1875 936 1911 accedet.
951 1877 1151 1909 Mixtionem
1168 1887 1300 1909 omnem
1319 1877 1455 1921 partium

70 1926 230 1960 contactu
249 1926 411 1960 contineri
430 1924 535 1971 palam
559 1924 604 1957 est
623 1936 630 1958 :
654 1934 717 1957 tres
733 1934 840 1957 autem
861 1922 933 1959 sunt
951 1923 1121 1958 contactus
1139 1922 1224 1957 illius
1249 1923 1373 1971 gradus,
1391 1924 1457 1959 Vel

77 1975 168 2008 enim
184 1983 290 2019 partes
309 1971 370 2006 sese
389 1984 501 2006 mutuo
521 1970 606 2018 quafi
629 1974 661 2006 in
679 1972 804 2019 punffls
824 1984 976 2020 tangunt,
999 1983 1034 2006 ut
1054 1970 1152 2007 fluida
1169 1983 1304 2018 quaeque
1326 1974 1457 2008 onmia:

79 2021 156 2058 hinc
176 2032 291 2068 magna
303 2032 415 2054 eorum
430 2019 596 2055 mobilitas
609 2036 620 2062 ·,
635 2020 689 2054 vel
714 2019 884 2055 secundum
902 2020 1061 2068 planiores
1073 2018 1251 2067 superficies
1262 2018 1291 2054 se
1306 2031 1457 2068 tangunt,

80 2081 115 2105 ut
127 2069 203 2103 sales
219 2080 303 2115 pene
320 2080 449 2110 omnes·,
460 2067 512 2102 vel
532 2068 600 2102 aliae
610 2067 677 2101 aliis
689 2067 813 2103 intrusa:
834 2075 868 2106 &
885 2067 968 2116 quafi
983 2080 1197 2104 concenttatae
1205 2071 1333 2104 arffiori
1344 2071 1458 2104 vincu-

80 2118 115 2154 lo
127 2120 207 2152 inter
222 2117 251 2151 se
266 2118 506 2151 devinciuntur:
517 2129 587 2152 cum
610 2116 730 2150 scilicet
744 2129 814 2165 pars
829 2130 891 2153 una
901 2118 1000 2153 aliam
1018 2117 1102 2154 subit
1114 2146 1124 2162 ,
1139 2123 1173 2154 &
1186 2116 1273 2165 quafi
1295 2128 1458 2163 penetrat,

82 2168 158 2201 dum
178 2165 261 2200 illius
281 2167 454 2199 cavitatem
468 2163 567 2201 subitae

111 2214 222 2250 Causae
236 2226 344 2248 autem
357 2215 445 2262 hujus
458 2215 670 2248 concretionis
684 2216 848 2262 praecipuae
858 2214 929 2250 sunt
939 2244 947 2258 ,
968 2218 1076 2262 primo
1089 2217 1225 2262 partium
1237 2224 1310 2260 apta
1320 2213 1460 2263 configu-

82 2266 165 2299 ratio
179 2293 188 2306 ,
208 2269 240 2299 ἃ
250 2267 414 2311 coaptatio
429 2276 436 2296 :
455 2261 493 2296 fic
506 2262 697 2308 quadratum
706 2274 777 2298 cum
786 2264 941 2310 quadrato
958 2263 1052 2299 facile
1063 2264 1282 2309 conjungitur,
1293 2273 1328 2295 ut
1344 2264 1376 2296 in
1389 2263 1458 2298 sale

83 2314 247 2347 communi
262 2329 270 2355 ·‚
288 2325 468 2346 convexum
498 2313 578 2345 item
596 2323 678 2344 cavo
698 2323 774 2359 apte
789 2311 940 2347 inseritur.
970 2311 1113 2347 Secunda
1142 2310 1285 2357 ‚pondus
1310 2309 1410 2357 ipsum
1428 2314 1462 2347 in

73 2359 179 2398 fluidis
207 2373 346 2409 quorum
378 2372 485 2410 partes
499 2359 572 2396 satis
594 2360 678 2396 inter
701 2359 733 2395 se
757 2363 984 2406 conveniunt,
1005 2360 1052 2396 est
1075 2361 1246 2442 mixtioiiip·⁴
1266 2359 1462 2399 instrumen-

1159 2410 1181 2443 1²
1257 2410 1279 2456 ij
