1878 2724
631 143 773 180 PARS
811 142 1038 180 TERTIA.
1486 159 1526 182 ὀ

171 193 254 231 Haec
266 190 369 230 vesica
382 192 489 243 ampla
504 196 538 232 δε
548 204 632 243 pyro
645 207 712 229 non
723 192 878 230 diffiniilis
893 193 1012 242 duplex
1025 201 1268 227 excrementum
1280 160 1543 235 continetamuni

138 244 305 279 cinereum
315 272 326 288 ,
339 243 429 292 quod
444 245 479 279 in
488 243 592 279 fundo
602 241 731 278 subsidit
741 271 752 287 ,
769 248 803 280 &
822 254 986 278 excretum
1005 241 1180 277 concrescit
1194 240 1350 286 3alterum
1364 241 1472 275 mellei
1488 255 1543 277 co-

140 291 219 328 loris
231 323 241 338 ,
259 294 348 341 quod
364 291 569 340 supernatat:
583 304 622 328 ex
637 291 736 327 vesica
754 293 866 328 duetus
877 293 911 327 in
925 304 1022 327 anum
1039 302 1130 340 patet
1140 319 1149 335 ,
1160 291 1218 338 qui
1231 292 1444 325 excrementis
1456 303 1541 338 prae-

139 339 199 377 bet
213 344 345 379 exitum.
374 340 446 379 Ubi
464 339 609 390 primum
623 340 782 376 formatur
791 341 908 377 aurelia
919 368 928 384 ‚
947 343 1049 390 prima
1059 352 1196 375 ovorum
1210 340 1342 374 exordia
1358 338 1399 374 sui
1412 343 1540 388 copiam

137 389 283 435 faciunt,
297 397 332 429 δι
353 391 512 440 pleraque
525 401 601 427 ante
617 388 797 426 absolutam
808 390 981 439 papilionis
996 389 1295 426 conformationem
1310 393 1377 436 jam
1396 390 1542 438 perseCht

136 440 386 489 conspiciuntur.

170 490 243 525 Post
260 503 295 524 ιο
312 490 381 524 dies
396 499 451 523 aut
468 487 607 536 amplius
625 501 684 538 pro
697 490 786 523 varia
796 490 871 524 anni
883 499 989 536 tempe
997 488 1088 531 state,
1100 499 1138 522 ex
1153 485 1271 520 aurelia
1283 487 1393 534 prodit
1407 489 1540 535 papilio,

136 538 225 574 facta
241 541 272 574 in
282 537 375 574 dorso
387 567 398 582 ,
410 536 467 573 ubi
481 536 661 573 umbonem
680 537 740 573 effe
754 539 890 573 diximus
902 567 911 581 ,
930 543 963 574 ὃ(
973 539 1056 572 circa
1067 537 1188 571 alarum
1205 537 1371 570 exordium
1388 536 1509 572 scissura
1530 568 1540 583 ‚

135 588 258 635 pedum
280 592 313 625 &
334 586 456 623 alarum
471 585 584 621 crebra
600 590 794 636 agitatione,
807 588 978 630 demicus,
998 585 1113 635 quibus
1132 583 1368 620 involvebatur
1387 585 1516 622 sacculis
1529 617 1540 632 ,

136 637 275 672 humore
286 648 421 685 quoque
437 636 625 685 adjuvante.
642 638 687 672 Ex
699 639 736 671 iis
753 636 844 672 velut
854 635 1034 671 carceribus
1050 638 1084 671 in
1099 635 1204 670 lucem
1218 637 1409 683 prorumpit,
1430 647 1467 671 ac
1479 637 1539 672 du-

134 684 256 734 plicem
272 685 361 721 velut
372 685 533 721 senectam
549 687 581 720 in
592 684 742 721 folliculo
762 685 1055 733 relinquit‚aureliae
1069 686 1220 719 nimirum
1232 689 1265 720 &
1282 683 1471 733 bombycis:
1482 698 1539 721 ore

133 737 275 784 primum
294 734 480 770 uberiorem
499 734 658 782 liquorem
669 737 888 782 emittit,quo
902 734 1041 770 folliculi
1060 736 1185 781 apicem
1201 733 1384 781 perfundit,
1403 747 1473 770 tum
1485 747 1539 770 ca-

132 786 203 832 pite
217 781 334 819 sursum
352 785 514 833 proditore
533 795 692 819 texturam
716 784 852 820 folliculi
871 783 956 818 laxat
972 813 981 826 ‚
1007 788 1040 820 &
1066 783 1201 817 stamina
1225 784 1264 817 ad
1281 782 1380 818 latera
1399 785 1538 834 disjicit3

133 833 253 867 deinde
268 833 447 882 unguiculis
456 835 581 868 innixus
593 833 751 882 reliquum
762 845 876 882 corpus
888 832 1036 868 folliculo
1055 829 1205 867 inclusum
1223 832 1363 868 extrahit
1376 848 1383 868 :
1398 847 1465 868 mas
1475 837 1538 869 mi-

131 893 195 917 nor
210 882 343 930 quidem
353 882 398 917 est
409 910 420 927 ,
434 881 485 917 sed
499 886 668 931 vegetior;
696 882 837 919 foeminae
850 895 963 930 corpus
978 881 1126 930 oblongo
1149 885 1182 917 ἀ
1197 882 1327 930 turgido
1335 895 1470 931 corpore
1480 884 1538 919 do-

132 942 232 965 natur.

169 981 290 1026 Neque
305 976 429 1015 necesse
443 977 489 1014 est
503 990 540 1014 ut
556 977 690 1027 fingulas
701 977 876 1027 papilionis
889 989 993 1026 partes
1013 990 1226 1026 pertexamus.
1248 979 1375 1028 Corpus
1396 981 1436 1015 ad
1455 995 1536 1018 ova-

132 1027 198 1063 lem
210 1026 344 1076 figuram
361 1028 516 1062 accedere
533 1038 648 1062 notum
664 1027 710 1061 est
731 1043 740 1070 ;
758 1031 898 1074 majores
919 1024 990 1061 sunt
1003 1026 1111 1062 annuli
1131 1030 1164 1063 in
1178 1028 1287 1062 medio
1299 1056 1308 1071 ‚
1323 1040 1421 1077 caput
1436 1043 1536 1080 angu-

133 1077 218 1112 stum
228 1104 238 1119 ‚
254 1088 293 1111 ex
308 1087 375 1123 quo
387 1087 538 1111 antennae
549 1075 683 1121 duae,seu
694 1088 812 1111 cornua
823 1074 943 1111 flexilia
955 1081 987 1113 ὅ(
1001 1077 1096 1111 instar
1107 1075 1199 1112 filicis
1216 1076 1421 1114 conformata
1434 1092 1536 1116 emer.

131 1137 225 1175 gunt.
237 1128 281 1161 Ex
291 1136 431 1172 utroque
446 1124 546 1160 latere
556 1128 622 1161 duo
633 1128 822 1174 prominent
830 1124 926 1161 omli.
936 1125 1075 1161 Crurum
1085 1129 1281 1162 anteriorum
1298 1126 1467 1164 substantia
1488 1131 1534 1165 est

132 1174 340 1223 cartilaginea
353 1175 439 1210 intus
453 1186 659 1219 excavata‚ut
671 1177 705 1209 in
722 1175 887 1209 crustaceis
899 1192 908 1219 ·,
918 1186 1057 1222 quatuor
1068 1176 1216 1211 constant
1231 1176 1377 1224 partibus
1387 1176 1444 1212 sibi
1461 1192 1534 1214 mu-

134 1235 191 1259 tuo
201 1223 377 1259 articulatis
395 1224 416 1267 ςζ
434 1224 533 1272 pedes
551 1223 757 1272 subjiciuntur
771 1222 853 1259 binis
868 1223 1049 1273 unguiculis
1062 1227 1199 1270 muniti,
1229 1230 1263 1262 &
1283 1226 1455 1274 multiplici
1481 1241 1533 1264 ar-

133 1272 322 1308 ticulatione
341 1272 497 1309 devincti.
531 1273 603 1307 Alae
619 1276 652 1309 in
669 1284 869 1321 unoquoque
887 1272 986 1308 latere
996 1271 1081 1309 binae
1098 1273 1180 1318 sunt,
1194 1277 1317 1324 priores
1338 1276 1470 1324 quidem
1487 1277 1534 1313 la-

132 1323 356 1367 tiores3variis
368 1320 575 1357 solidiusculis
587 1321 676 1358 fibris
692 1325 881 1357 muniuntur
895 1351 904 1366 ‚
923 1334 994 1370 quae
1013 1322 1132 1358 osseam
1148 1335 1231 1372 pene
1251 1323 1376 1360 habent
1394 1324 1532 1363 firmita-

132 1382 212 1409 tem.
225 1373 335 1420 Spatia
349 1373 434 1406 inter
443 1383 496 1406 eas
507 1370 673 1407 solidiores
689 1371 786 1407 fibras
796 1373 975 1420 intercepta
987 1375 1079 1408 tenui
1090 1374 1229 1420 quadam
1245 1379 1278 1410 δι
1292 1375 1452 1422 diaphana
1467 1380 1531 1413 im-

130 1420 259 1469 plentur
270 1419 540 1468 substantia‚quae
556 1421 697 1471 lapidem
709 1420 1025 1470 specularemffrefert.
1042 1424 1131 1457 Tota
1146 1423 1268 1459 alarum
1279 1422 1448 1461 substantia
1465 1427 1534 1476 plu.

130 1469 224 1506 mulis
238 1471 354 1519 tegitur
365 1498 375 1513 ‚
388 1481 460 1516 quae
473 1470 539 1505 levi
556 1483 710 1507 manuum
733 1471 887 1506 contactu
900 1470 1063 1508 decidunt.
1086 1474 1184 1507 Hunc
1201 1472 1292 1508 velut
1313 1473 1481 1522 pulverem
1497 1479 1530 1514 in

132 1520 231 1554 tertio
247 1520 384 1554 traQatu
400 1518 544 1555 secundae
559 1522 657 1570 partis
670 1519 738 1556 tab.
751 1527 774 1555 1²
791 1517 1009 1568 expreffimus,
1040 1520 1179 1556 Colores
1193 1522 1277 1556 adeo
1298 1524 1430 1560 vividos
1441 1554 1452 1569 ,
1472 1530 1530 1574 qui

130 1569 164 1603 in
177 1567 235 1603 alis
245 1567 500 1616 conspiciuntur,
516 1582 583 1605 non
597 1569 726 1604 aliunde
744 1568 845 1616 quam
867 1567 909 1603 ab
935 1571 973 1603 iis
996 1569 1148 1617 plumulis
1166 1571 1299 1619 prodire
1330 1573 1462 1610 testatur
1485 1579 1527 1612 D.

130 1617 374 1651 vaamerdaem
388 1644 398 1660 ,
414 1620 471 1665 qui
487 1617 566 1653 alibi
580 1618 677 1654 docet
687 1617 794 1653 nullos
805 1620 837 1653 in
848 1617 905 1652 alis
917 1618 1118 1667 papilionum
1130 1631 1186 1655 aut
1201 1622 1360 1666 oendines,
1375 1635 1431 1659 aut
1445 1624 1529 1660 mus.

127 1665 218 1701 culos
230 1664 390 1714 conspici:
404 1664 455 1700 sed
476 1666 627 1716 plumulae
647 1667 714 1702 aliae
730 1667 800 1702 aliis
817 1666 1010 1704 incumbunt
1024 1697 1033 1711 ,
1049 1681 1120 1716 quae
1131 1670 1215 1704 miro
1229 1671 1374 1718 quodam
1387 1675 1487 1709 modo
1499 1674 1529 1709 se

129 1714 321 1762 expediunt,
332 1727 403 1750 cum
415 1715 471 1750 alae
488 1717 698 1765 explicantur.
725 1717 855 1765 Corpus
876 1716 976 1765 ipsum
994 1718 1066 1766 pilis
1082 1724 1114 1755 ὃ(
1127 1721 1242 1766 pennis
1264 1722 1393 1769 tegitur.
1412 1725 1529 1759 Pennae

129 1774 197 1798 non
209 1762 276 1798 alio
287 1776 373 1813 pene
381 1765 483 1800 modo
494 1765 592 1812 quam
606 1769 640 1802 in
661 1765 776 1802 avibus
795 1765 1042 1803 conformantur
1058 1783 1068 1811 3
1089 1768 1213 1804 calamo
1243 1771 1364 1819 quippe
1391 1770 1527 1809 firmatae

130 1809 292 1847 hincinde
314 1815 468 1850 emittunt
486 1814 657 1864 plumulas.

150 1862 189 1896 In
208 1860 357 1897 foeminis
371 1865 492 1898 ventris
506 1867 628 1900 cavitas
646 1867 760 1900 ovatio
771 1870 804 1903 δε
823 1865 893 1901 aliis
911 1865 1065 1910 impletur
1076 1866 1411 1912 visceribus-,ovarium
1422 1883 1528 1906 mem-

129 1906 303 1946 branosum
314 1911 390 1949 est&
397 1910 570 1957 firmum,in
584 1916 689 1949 varios
703 1915 817 1950 duCtus
831 1914 1039 1963 divisum,qui
1048 1916 1087 1950 ad
1099 1917 1241 1952 medium
1254 1915 1352 1964 usque
1365 1918 1462 1953 vetris
1474 1933 1528 1956 re-

128 1955 207 1992 flexi
216 1971 333 2007 magna
345 1974 485 1996 ovorum
499 1962 702 1998 multitudine
716 1969 749 2001 &
759 1964 895 2000 humore
905 1964 1213 2002 refertiintestinorfi
1222 1965 1360 2014 speciem
1370 1967 1526 2016 praebent.

128 2005 216 2041 Vafis
227 2006 361 2056 copiosis
374 2009 468 2044 instar
478 2013 552 2046 tetis
567 2012 717 2059 implexis
726 2015 946 2061 irrigantur‚ac
955 2025 1047 2049 motu
1057 2027 1191 2062 quoque
1201 2015 1394 2062 peristaltico
1402 2017 1528 2054 donan-

129 2058 278 2093 tur.Ova
290 2068 324 2092 ut
337 2056 513 2105 plurimum
523 2074 591 2107 400
601 2071 656 2095 aut
665 2074 725 2108 500
735 2063 832 2096 etiam
846 2061 985 2097 foemina
1000 2065 1133 2100 emittit.
1152 2065 1226 2100 Nec
1249 2064 1303 2099 diu
1328 2064 1436 2112 postea
1456 2068 1528 2102 vita.

128 2104 303 2153 papilionis
317 2106 418 2143 durat.
436 2107 522 2142 Curn
538 2109 622 2144 aestas
635 2110 680 2144 est
693 2109 853 2145 fervidior
862 2140 872 2156 ,
883 2112 936 2147 vix
946 2112 1108 2148 interdum
1121 2113 1270 2161 quintum
1282 2115 1414 2161 attingit
1425 2115 1525 2151 diem.

129 2155 267 2189 Ineunte
279 2154 388 2191 hieme
400 2157 440 2190 ad
451 2156 595 2193 mensem
609 2157 787 2206 aliquando
804 2163 872 2196 vita
892 2173 1005 2197 eorum
1022 2162 1222 2210 producitur.
1248 2165 1284 2198 In
1299 2160 1525 2199 subventaneis

129 2205 203 2238 ovis
215 2204 346 2239 citrinus
357 2204 446 2240 color
458 2218 570 2243 manet
582 2221 591 2243 :
608 2206 659 2242 sed
673 2210 698 2242 is
709 2220 851 2244 mutatur
868 2212 902 2245 in
912 2223 1109 2259 purpureum
1117 2222 1172 2249 aut
1183 2211 1363 2247 violaceum
1372 2224 1444 2247 cum
1456 2213 1524 2247 foe-

129 2252 230 2287 cunda
242 2251 321 2289 sunt.
337 2256 385 2288 Ita
403 2254 527 2300 linteo,
552 2267 608 2291 aut
624 2266 714 2292 terrae
731 2256 879 2306 subjeetae
895 2259 1062 2296 adhaerent
1075 2289 1086 2304 ‚
1109 2271 1144 2296 ut
1166 2263 1223 2296 vix
1238 2259 1397 2309 unguibus
1412 2261 1525 2298 divelli

130 2300 261 2349 poffint.
276 2303 392 2338 Ovum
405 2303 493 2339 luteo
505 2305 641 2341 humore
652 2305 802 2355 impletur
812 2337 822 2352 ‚
832 2311 888 2356 qui
906 2307 972 2344 levi
987 2308 1161 2345 elixatione
1175 2310 1360 2347 concrescit.

166 2351 371 2403 Incadavere
380 2354 559 2389 ventriculo
568 2353 685 2391 sursum
692 2357 832 2393 retracto
847 2386 857 2403 ,
872 2369 980 2394 uterus
993 2363 1028 2397 ὃς
1038 2364 1141 2408 major
1150 2363 1184 2397 &
1195 2358 1329 2395 solidior
1338 2387 1350 2404 ‚
1365 2362 1445 2395 aeris
1464 2371 1523 2397 ve-

129 2395 191 2435 fica
200 2401 348 2447 quaedam
362 2401 538 2439 admodum
555 2414 671 2453 turget.

294 2450 387 2486 Tom-
404 2453 424 2485 I
426 2453 452 2488 Ι.
1229 2459 1261 2492 V
1277 2471 1295 2495 u
1306 2474 1327 2497 u
1336 2471 1358 2496 u
