1878 2724
559 122 585 157 P
597 121 625 156 A
636 121 669 156 R
678 120 700 155 S
736 122 768 156 T
779 122 803 156 E
813 120 846 155 R
854 121 909 157 TI
923 121 962 157 A.
1441 134 1455 158 1

82 174 182 223 plent.
205 171 398 215 Contraffio
422 180 502 205 vero
523 181 562 204 ex
577 169 716 206 naturali
731 169 861 205 musculi
888 169 1114 205 constitutione
1134 169 1256 219 pendet
1275 183 1284 206 :
1301 137 1456 206 fibrani13n

81 220 304 257 tantummodo
314 220 468 254 relaxatio
485 219 527 253 est
537 216 711 267 spontanea
721 248 731 263 ‚
749 229 803 253 aut
815 217 1008 256 voluntaria.

118 273 209 319 Kasp.
232 271 314 304 Haec
331 281 396 303 non
416 267 581 316 ingeniose
604 268 702 302 modo
716 297 726 311 ,
755 267 805 301 sed
828 272 861 304 &
880 280 996 316 magna
1017 266 1248 315 probabilitate
1273 267 1356 302 dici:
1371 280 1455 314 quo-

81 321 183 354 minus
199 329 306 353 tamen
319 319 356 351 iis
366 318 501 351 omnino
516 315 860 358 alsentiamui·,obstant
878 328 915 350 ea
931 328 999 363 quae
1017 316 1178 350 attulimus
1189 345 1198 360 ,
1214 324 1252 351 1⁰.
1275 314 1368 350 fibras
1386 329 1456 351 car..

81 379 158 403 neas
171 365 330 409 contrahi,
344 365 544 408 &distendi,
559 377 625 400 non
644 363 836 400 tendinosas.
854 373 898 401 2⁰.
915 375 986 399 eam
1002 366 1256 400 contraistionem
1270 363 1309 399 fic
1325 363 1407 408 fieri,
1422 377 1458 401 ut

82 415 171 451 fibrae
182 414 314 450 musculi
325 427 446 449 carneae
460 411 539 449 fiant
556 412 733 457 craffiores;
749 425 801 446 eas
814 411 964 461 sanguine
973 418 1006 450 δε
1028 412 1115 447 succo
1126 425 1251 448 nerveo
1265 414 1456 449 intumesce-

81 476 137 507 re,
169 477 236 499 non
264 465 344 498 item
362 462 459 498 fibras
484 473 618 497 nerveas
633 490 644 505 ,
675 474 731 497 aut
758 460 937 496 tendinosas
957 478 967 504 ·‚
994 464 1252 496 contractionem
1275 462 1358 496 adeo
1378 462 1449 498 fieri

80 511 165 560 quafi
193 524 250 560 per
274 513 533 546 incuneationem
552 539 563 554 ‚
583 521 617 545 ut
644 510 821 558 loquuntur
837 538 848 554 ‚
873 513 1038 545 exterioris
1071 510 1256 547 substantiae.
1283 511 1370 546 Hinc
1402 511 1459 546 du-

81 561 203 596 tiorvfit
222 560 396 604 musculus,
411 566 444 597 &
468 558 557 594 fibrae
576 558 692 595 ard'titis
705 561 858 597 uniuntur
874 587 883 601 ,
896 571 930 593 ut
952 559 1006 594 fila
1020 560 1140 594 madidi
1155 559 1238 595 funis
1249 589 1258 603 ,
1275 559 1352 595 licet
1366 571 1457 595 exte-

82 612 145 645 tior
157 608 333 658 superficies
345 622 412 645 non
426 608 589 644 dilatetur.
600 607 723 643 Crescit
735 611 832 657 igitur
847 607 949 642 moles
962 607 1113 651 musculi,
1131 620 1167 643 ut
1184 610 1223 642 de
1236 609 1332 643 corde
1346 608 1399 643 suo
1409 609 1458 643 lo-

81 671 121 703 co
139 659 263 693 dicetur
280 686 290 702 ,
306 670 367 693 nec
388 659 570 693 contrafflo
592 656 662 691 fieri
676 658 779 705 potest
798 660 831 690 vi
847 656 939 691 solius
957 657 1118 692 machinae.
1135 670 1163 702 3³
1177 656 1278 691 Fibrae
1290 669 1413 691 carneae
1423 659 1458 692 in

83 707 213 755 longum
223 707 291 742 fere
310 707 528 755 producuntur
545 735 554 750 ,
579 704 635 741 nisi
652 707 732 740 iniis
751 705 979 753 musculis‚qui
1001 706 1222 754 penniformes
1234 710 1269 742 δε
1280 705 1392 740 radiosi
1408 706 1459 740 di-

82 768 216 800 cuntur,
232 755 276 790 ob
291 767 343 790 eas
358 768 428 803 quae
438 756 539 790 allatae
558 754 626 789 sunt
645 758 797 790 rationes.
815 754 981 789 Postremo
995 757 1042 789 vis
1062 755 1116 789 illa
1130 754 1284 789 machinae
1296 783 1306 797 ‚
1320 766 1374 789 aut
1390 754 1459 789 ela-

83 807 157 840 terii
166 807 199 840 in
219 803 361 840 musculis
375 803 512 839 debilior
522 805 585 847 est,
604 815 700 850 quam
712 815 749 838 ut
764 815 830 838 tam
846 803 968 838 validos
983 800 1105 838 efficiat
1127 815 1245 839 motus,
1265 805 1353 838 Hinc
1370 802 1459 839 flexo

83 854 187 901 digito
201 882 211 897 ‚
234 865 270 888 ut
285 857 348 900 jam
366 855 527 888 innuimus
538 881 548 896 ,
560 851 713 886 musculus
730 855 764 886 in
787 863 865 886 cava
880 851 963 886 illius
986 863 1077 900 parte
1096 852 1196 886 laxior
1211 853 1255 887 est
1268 880 1278 895 ‚
1292 857 1325 888 &
1344 851 1460 895 cessat,

82 908 219 949 tumque
235 902 429 951 antagonista
441 904 506 937 vim
523 900 608 936 suam
628 902 787 949 integram
801 911 949 934 exercere
962 899 1081 948 posset,
1094 906 1128 936 &
1142 912 1250 935 tamen
1267 901 1393 935 articuli
1409 902 1459 948 ip-

82 949 140 985 fius
153 950 283 986 obicem
305 962 372 986 non
392 952 492 986 vincit
506 978 516 993 ‚
533 949 589 985 nisi
609 950 655 985 vis
669 949 730 983 alia
748 954 781 986 δε
801 953 904 997 major
923 950 1061 984 accedat.
1084 951 1235 997 Cumque
1252 951 1285 984 in
1305 947 1460 994 brachio,

81 1011 138 1035 aut
157 1001 189 1035 in
205 1011 295 1034 crure
310 998 463 1033 musculus
483 998 630 1034 extensor
644 999 784 1033 tenditur
796 1027 805 1040 ‚
816 997 918 1032 flexor
928 997 1033 1035 cessat.
1063 999 1163 1035 Unde
1180 1000 1267 1033 aeno
1284 999 1409 1041 tonica,
1424 1000 1460 1033 ut

82 1059 202 1094 vocant
212 1076 221 1091 ‚
232 1060 368 1095 quaeque
384 1048 519 1096 impedit
530 1049 660 1082 nimiam
669 1045 770 1081 cubiti
780 1046 954 1081 flexionem
967 1075 977 1090 ,
995 1052 1028 1083 δε
1041 1046 1210 1082 articulum
1229 1047 1356 1093 dirigit,
1377 1047 1396 1082 ὲ
1414 1045 1462 1080 so-

82 1097 113 1132 la
124 1096 297 1144 extensoris
316 1098 471 1132 traffione
490 1096 611 1144 pendet
633 1123 643 1139 ,
659 1096 735 1129 citra
751 1095 962 1143 antagonistae
977 1096 1139 1131 actionem
1150 1095 1268 1130 ullam:
1285 1094 1460 1130 flexionem

84 1158 170 1194 genu
182 1145 324 1193 dirigunt
335 1144 474 1180 musculi
491 1142 671 1179 extensores
688 1155 769 1187 3nec
785 1145 871 1178 astio
896 1145 1003 1178 tonica
1023 1147 1057 1179 in
1075 1157 1159 1193 genu
1169 1144 1274 1178 locum
1295 1143 1395 1178 habet
1411 1143 1460 1178 ul-

84 1196 161 1231 lum.
175 1195 287 1241 Qare
298 1193 377 1228 nihil
389 1206 469 1240 opus
480 1193 527 1227 est
543 1193 662 1241 duplici
679 1194 810 1227 actione
825 1194 860 1226 in
882 1194 1104 1228 contractione
1123 1192 1336 1227 musculorum
1353 1221 1362 1234 ,
1378 1205 1438 1227 una
1449 1221 1459 1236 ‚

82 1255 154 1290 quae
163 1244 246 1276 vires
257 1243 459 1290 antagonistae
472 1242 645 1290 infringat,
665 1240 765 1275 altera
781 1253 855 1288 quae
873 1239 1036 1289 spirituum
1056 1243 1151 1290 copia
1175 1253 1323 1276 ventrem
1335 1241 1459 1275 muscu-

83 1292 107 1326 li
116 1291 285 1333 distendat.
296 1289 421 1326 Verum
433 1291 497 1326 haec
512 1290 628 1327 melius
645 1289 882 1338 intelligentur,
898 1301 970 1324 cum
988 1292 1140 1340 praecipui
1151 1301 1256 1325 motus
1270 1289 1460 1325 animalium

85 1339 202 1375 fuerint
219 1339 379 1388 explicati.

119 1390 202 1436 Opp.
217 1401 267 1424 ιο.
292 1387 428 1424 Musculi
454 1390 611 1424 contracti
636 1388 757 1422 molem
774 1401 842 1423 non
870 1386 931 1422 effe
955 1392 1119 1436 maj0rem.
1153 1388 1340 1436 Responderi
1357 1388 1460 1435 potest

84 1449 122 1472 ex
133 1439 245 1472 duritie
253 1437 285 1471 id
296 1437 417 1486 colligi,
431 1436 553 1472 molem
564 1435 624 1472 effe
634 1442 790 1485 majorem
802 1464 812 1480 ‚
831 1447 866 1471 ut
878 1438 913 1472 in
929 1436 1026 1470 corde
1036 1435 1239 1472 manifestum
1252 1437 1309 1473 est:
1319 1448 1394 1472 nam
1405 1448 1458 1470 ca-

85 1487 201 1521 vitates
225 1485 305 1521 illius
318 1498 387 1521 tum
400 1485 575 1533 implentur
585 1498 688 1520 carne.

121 1536 204 1582 Opp.
224 1549 264 1580 3⁰·
285 1536 381 1569 Hanc
394 1534 620 1569 ebullitionem
638 1533 721 1569 succi
740 1536 872 1576 nervei,
884 1544 939 1568 aut
951 1532 1117 1579 spirituum
1131 1545 1206 1568 cum
1233 1532 1384 1580 sanguine
1405 1544 1460 1567 aut

86 1582 153 1619 aliis
170 1582 349 1630 liquoribus
366 1583 454 1618 nullo
468 1582 555 1617 sensu
576 1585 708 1631 percipi.
745 1584 787 1620 R.
798 1593 871 1617 eam
885 1593 924 1616 ex
936 1580 1106 1616 effectibus
1123 1581 1235 1630 colligi
1253 1580 1356 1630 poffe,
1367 1583 1462 1617 nimi-

86 1644 157 1666 tum
175 1644 214 1666 ex
224 1631 356 1667 musculi
374 1630 616 1667 intumescentia
633 1637 666 1668 &
683 1631 798 1666 duritie
810 1658 820 1672 ,
838 1642 909 1677 quae
923 1629 1051 1665 aliunde
1068 1632 1144 1664 oriri
1165 1632 1219 1666 vix
1233 1630 1339 1679 potest
1361 1630 1461 1678 quam

86 1679 108 1715 ὲ
122 1680 263 1715 violenta
274 1679 516 1721 intrusione,aut
526 1682 750 1715 incuneatione
767 1679 894 1713 alterius
909 1681 1056 1725 corporis.

136 1730 198 1763 Sed
213 1758 223 1772 ‚
240 1731 390 1775 inquiunt
401 1727 666 1772 ,effervescentiae
680 1729 834 1776 chymicae
849 1726 967 1762 diutius
980 1728 1114 1772 durant,
1133 1726 1196 1762 haec
1215 1727 1261 1762 est
1279 1738 1462 1762 momenta-

88 1790 162 1820 nea,
176 1783 210 1813 &
225 1780 321 1812 toties
335 1789 507 1812 renovatur
518 1807 527 1821 ,
541 1780 667 1824 quoties
683 1778 840 1812 volumus.
863 1778 905 1812 R.
920 1778 1017 1811 Hanc
1042 1775 1320 1812 intumescentiam
1343 1777 1461 1811 idcirco

88 1825 150 1861 effe
160 1837 433 1869 momentaneam,
443 1828 517 1874 quia
526 1826 617 1861 citius
631 1824 836 1860 dilsolvuntur
849 1823 941 1868 succi,
953 1830 984 1861 &
996 1824 1108 1860 saltem
1116 1837 1195 1860 unus
1204 1836 1244 1859 ex
1255 1827 1293 1859 iis
1303 1822 1462 1859 consumi-

89 1886 157 1918 tur,
169 1886 204 1909 ut
222 1873 299 1910 fitin
319 1874 454 1922 pulvere
470 1877 575 1923 pyrio.
593 1878 666 1912 Nec
675 1877 790 1909 mirum
808 1873 832 1908 st
846 1877 877 1908 in
890 1872 1018 1908 diversis
1040 1873 1117 1908 locis
1135 1873 1215 1908 succi
1235 1873 1377 1922 permisti
1392 1873 1462 1908 diu-

90 1922 153 1957 tius
168 1923 441 1958 effervescentiam
460 1924 659 1971 protrahant,
670 1936 740 1958 cum
753 1921 919 1958 successive
937 1935 987 1957 ros
999 1922 1053 1956 ille
1067 1934 1202 1958 nerveus
1221 1921 1404 1965 instillatur,
1427 1933 1462 1957 ut

90 1984 161 2005 cum
179 1973 324 2019 repetitis
343 1970 465 2005 vicibus
476 1974 609 2006 nitrarus
625 1972 728 2020 pulvis
740 1973 921 2019 apponitur:
939 1974 1048 2008 Novae
1062 1973 1183 2019 quippe
1195 1976 1227 2007 &
1245 1969 1366 2005 crebrae
1377 1970 1462 2006 affu-

90 2017 190 2054 fiones
221 2019 362 2052 roriferae
384 2020 549 2064 spirituum
567 2032 684 2054 nervos
708 2022 852 2063 irritant,
869 2026 903 2056 &
915 2020 1155 2068 quodammodo
1171 2019 1370 2062 convellunt,
1380 2020 1462 2053 adeo

89 2079 125 2102 ut
138 2067 262 2102 arbitrii
276 2078 356 2101 nutu
378 2067 440 2101 illae
452 2066 666 2102 'ebullitiones
685 2066 898 2116 perseverent.

133 2117 230 2152 Unde
248 2117 471 2162 erg0,inquies,
484 2128 538 2150 cor
552 2115 694 2151 avulsum
708 2115 727 2151 a
739 2128 823 2159 rana,
838 2118 961 2165 vipera,
972 2117 1131 2152 testudine
1143 2117 1251 2152 tandiu
1264 2115 1382 2164 pulsat:
1398 2126 1463 2151 tum

91 2167 177 2201 enim
188 2167 264 2199 novi
276 2164 442 2211 spirituum
457 2162 593 2199 effluxus
603 2164 623 2199 ἒι
636 2164 769 2199 cerebro
781 2178 846 2200 non
856 2170 1005 2201 manant.'

127 2213 314 2261 Respondet
330 2212 469 2247 Borellus
484 2212 637 2260 spiritusa
651 2213 785 2248 cerebro
801 2216 883 2248 intra
900 2226 1016 2249 nervos
1027 2211 1214 2248 transmissos
1227 2240 1236 2254 ‚
1256 2216 1291 2247 &
1310 2210 1463 2260 sanguinis

91 2262 242 2308 reliquias
259 2264 293 2295 in
304 2261 400 2295 corde
415 2267 446 2297 δέ
461 2260 606 2296 musculis
624 2261 684 2296 esse
696 2261 884 2310 superstites,
893 2265 1012 2310 Neque
1024 2264 1056 2296 id
1068 2263 1184 2296 mirum
1199 2259 1219 2293 si
1239 2271 1344 2306 paucae
1356 2271 1463 2308 guttu-

93 2309 131 2344 lae
148 2309 310 2358 spirituum
337 2310 447 2344 tandiu
462 2311 597 2345 durant:
617 2323 690 2345 curn
706 2321 806 2345 unum
816 2323 870 2346 aut
885 2311 1022 2346 alterum
1042 2309 1160 2344 moschi
1183 2320 1319 2356 granum
1335 2319 1463 2343 tantum

95 2359 201 2393 odoris
211 2389 220 2403 ,
232 2365 267 2396 &
284 2358 406 2392 tamdiu
424 2358 564 2407 spargat,
575 2359 663 2407 quod
671 2361 705 2395 in
719 2359 937 2396 minutissimas
949 2371 1054 2407 partes
1066 2358 1234 2395 dividatur·
1253 2358 1348 2392 Nunc
1359 2357 1398 2391 de
1411 2359 1461 2392 in-

90 2407 171 2442 cessu
181 2407 366 2444 animalium
383 2406 573 2444 differamus
1162 2407 1220 2441 Xx
1230 2418 1246 2439 x
1271 2407 1292 2451 ij
