1878 2724
447 164 506 206 506
986 157 1010 191 P
1031 157 1065 192 Η
1082 157 1113 192 Y
1132 157 1153 190 S
1171 158 1185 191 I
1205 155 1236 192 C
1253 158 1292 191 Α

444 209 550 256 judicii
564 207 753 243 facultatem
767 208 933 252 requirant
949 218 956 242 ε
982 204 1039 240 nifi
1051 208 1139 242 enim
1161 205 1277 241 humor
1289 203 1368 241 adfit
1377 233 1386 248 ‚
1398 217 1561 254 nunquam
1571 210 1694 245 animus
1701 213 1763 247 rite
1783 212 1836 249 sua

443 256 516 291 obit
531 268 676 292 munera.
703 257 776 291 Nec
788 266 897 290 tamen
909 253 944 289 sit
955 256 1072 289 nimius
1082 282 1093 298 ,
1115 267 1158 290 ne
1170 255 1356 289 tarditatem
1367 284 1376 299 ,
1393 260 1424 292 ὃ(
1438 257 1599 304 stuporem
1612 260 1752 298 inducat.
1766 266 1836 298 Ve-

442 305 534 348 rum,
558 306 708 351 inquiunt
721 332 729 346 ,
745 306 800 351 qui
811 303 881 352 plus
898 305 1129 352 imaginatione
1141 303 1288 353 pellunt,
1299 305 1320 338 ii
1330 304 1522 353 plerumque
1532 307 1655 354 judicio
1665 307 1815 347 laborant
1825 341 1835 357 ,

440 365 478 387 ut
492 354 605 388 videre
621 353 666 387 est
689 355 721 388 in
736 355 852 389 Poetis.
868 352 969 389 Dabo
985 353 1064 387 illud
1083 365 1214 401 quoque
1226 381 1236 396 ,
1261 355 1530 402 imaginationem
1551 357 1583 390 in
1602 357 1709 391 Po'c'tis
1734 360 1834 408 pluri-

440 400 531 437 nium
546 402 654 437 valere
668 431 679 446 ,
697 414 797 450 atque
811 431 821 447 ‚
847 413 884 437 ut
899 402 1005 451 placet
1022 401 1149 438 Platoni
1164 431 1172 447 ,
1199 405 1331 438 Po'e'tam
1347 402 1469 438 bonum
1493 403 1558 439 sine
1578 405 1836 445 inflammatione

438 452 579 497 quadam
591 453 733 488 animi&
747 451 810 487 line
820 452 963 499 quodam
972 450 1084 487 afflatu
1096 451 1211 487 furoris
1222 451 1283 486 effe
1293 452 1603 489 neminemNenim
1622 453 1642 489 fi
1655 456 1763 504 judicii
1773 457 1834 493 ab-

436 499 472 534 sir
489 499 619 536 bonitas
631 530 642 544 ‚
655 513 817 548 nunquam
828 500 881 535 fibi
894 500 1051 536 constabit
1062 528 1071 540 ,
1081 501 1162 536 nihil
1173 504 1335 536 concinne
1348 529 1358 544 ,
1372 506 1406 538 δε
1423 513 1497 550 apte
1506 502 1711 539 distributum
1723 533 1733 548 ‚
1751 507 1834 543 nihil

411 577 418 581 .
435 547 542 585 fusum
558 555 592 588 δε
609 550 767 598 liquidum
781 580 790 594 ,
807 550 887 586 nihil
901 549 1060 599 aequabile
1074 551 1226 586 molietur
1241 563 1249 585 ε
1271 549 1323 585 sed
1344 561 1380 585 ut
1399 549 1481 585 feret
1499 553 1637 599 impetus
1651 581 1664 596 ‚
1677 553 1739 589 huc
1759 555 1834 593 illuc

434 609 509 634 euni
520 601 630 648 vagari
641 598 763 635 neceffe
775 599 821 634 est
839 614 847 635 :
866 612 941 636 narn
960 599 1178 648 [ibijudicium
1189 600 1272 635 deest
1287 628 1297 643 ,
1319 597 1367 634 ibi
1382 612 1448 634 non
1465 600 1510 635 est
1523 601 1690 640 eledtio&
1707 605 1829 641 modus.

434 646 538 693 Qiod
553 650 594 683 de
608 660 676 684 arte
695 651 823 697 poetica
833 650 918 694 dixi,
929 649 1017 685 idern
1030 649 1152 698 prorsus
1167 649 1208 684 de
1225 648 1417 696 eloquentia
1430 650 1632 686 intelledtum
1650 651 1729 687 volo
1744 667 1752 690 ε
1771 665 1832 690 nec

432 697 513 732 nnhi
528 696 702 745 persuadeo
727 700 814 733 viros
840 699 1034 747 eloquentes
1058 698 1128 747 plus
1138 699 1372 747 imaginatione
1384 727 1395 741 ,
1409 703 1442 734 &
1457 700 1615 735 memoria
1633 701 1731 748 quam
1745 703 1832 750 judi-

431 747 484 780 cio
498 745 595 795 polse.
612 749 702 783 Nam
715 759 751 782 ut
765 750 930 791 inventio,
949 753 983 785 δε
996 759 1246 796 extemporanea
1264 747 1394 782 dicendi
1413 746 1549 784 facultas
1567 749 1607 783 ad
1621 751 1830 800 imaginatio-

430 805 508 830 nem
520 824 530 839 ‚
557 798 601 831 ita
615 796 759 833 deleatis
775 796 950 832 verborum
962 825 972 841 ,
989 802 1023 834 ὃς
1034 799 1197 832 rationum
1212 825 1222 840 ‚
1233 807 1307 844 apta
1324 808 1430 831 rerum
1442 797 1617 833 collocatio
1630 826 1641 842 ,
1656 804 1723 846 ejus
1737 800 1829 849 quod

430 845 628 882 intendimus
641 845 845 881 confirmatio
857 859 990 889 ,eorum
1007 858 1077 894 quae
1097 857 1208 881 contra
1233 845 1383 881 dicuntur
1409 846 1591 883 confutatio
1605 876 1615 891 ‚
1642 859 1745 897 atque?
1766 850 1829 888 alia

428 905 532 942 prope
542 894 673 930 infinita
683 897 819 930 oratoris
835 907 969 930 munera
978 896 1055 929 citra
1065 895 1219 943 judicium
1231 894 1382 942 praeclare
1396 894 1465 930 fieri
1484 908 1660 944 nequeunt,

474 945 554 979 Non
565 944 717 991 equidem
731 946 849 993 ignoro
879 942 1017 979 diversas
1041 943 1103 979 effe
1120 945 1325 991 ingeniorum
1336 946 1546 992 proprietates
1559 974 1568 988 ,
1579 958 1617 980 ac
1629 957 1753 982 certum
1766 948 1828 984 stu-

427 991 556 1028 diorum
565 992 729 1028 delectum
743 993 804 1029 etse
820 992 1003 1028 faciendum
1015 1004 1132 1041 ,atque
1152 995 1185 1027 in
1199 992 1231 1026 id
1242 991 1458 1040 potiffimtim,
1484 992 1552 1042 quo
1570 995 1708 1030 tendunt
1729 998 1824 1046 inge-

425 1042 481 1075 nia
496 1068 507 1083 ,
525 1053 563 1075 ea
581 1041 653 1076 duci
674 1053 845 1090 oportere:
860 1041 912 1077 sed
930 1041 1019 1077 illam
1037 1044 1231 1076 varietatem
1253 1053 1290 1076 ex
1305 1041 1441 1076 ⁷diversis
1471 1043 1583 1077 caloris
1601 1071 1612 1087 ,
1630 1055 1686 1079 aut
1702 1043 1824 1082 fictiia-

424 1091 463 1124 tis
471 1089 623 1137 gradibus
633 1093 709 1126 oriri
727 1104 793 1126 non
806 1090 1078 1138 arbitror.Neque
1091 1092 1138 1125 ita
1148 1090 1290 1138 angustis
1303 1089 1461 1126 limitibus
1471 1103 1598 1127 mentes
1611 1093 1732 1128 nostras
1742 1095 1824 1132 defi.

422 1140 484 1174 niti
496 1150 658 1187 putem,ut
669 1151 771 1177 nemo
783 1139 926 1189 pluribus
941 1140 1046 1175 studiis
1062 1139 1283 1182 inservire-,aut
1293 1151 1355 1175 una
1365 1139 1535 1188 nonjposlit
1546 1143 1594 1176 vis
1607 1140 1671 1187 fine
1683 1143 1823 1191 reliqua-

422 1199 494 1224 rum
509 1188 677 1237 dispendio
691 1189 862 1226 excellere.
883 1191 959 1226 Nec
972 1190 1105 1224 demum
1119 1188 1328 1224 interdietum
1339 1188 1384 1223 est
1398 1188 1419 1224 ὲ,
1434 1200 1547 1225 natura
1569 1202 1604 1226 ut
1619 1189 1745 1240 singulis
1759 1193 1821 1230 ho.

421 1237 562 1272 minibus
581 1251 648 1275 non
661 1238 798 1286 amplius
813 1238 914 1287 quam
933 1237 1066 1287 singulas
1080 1249 1165 1272 artes
1181 1236 1268 1272 nosse
1281 1237 1387 1273 liceat.

446 1288 527 1337 Jam
541 1299 607 1322 non
626 1289 756 1323 excutio
777 1300 847 1336 quae
865 1290 982 1336 cuique
992 1286 1139 1322 facultati
1149 1297 1251 1329 arteS,
1277 1286 1330 1321 vel
1340 1286 1514 1335 disciplinae
1531 1290 1671 1325 maxime
1694 1301 1818 1326 conve-

419 1339 521 1372 niant.
534 1336 624 1371 Alius
640 1339 701 1371 erit
715 1338 791 1386 juris
802 1336 955 1380 scientiae,
973 1336 1051 1371 alius
1059 1335 1252 1384 Theologiae
1270 1335 1403 1371 idoneus
1414 1353 1423 1380 3
1435 1336 1512 1371 alius
1523 1338 1564 1371 ad
1579 1350 1711 1374 carmen
1725 1350 1817 1375 com-

419 1383 641 1434 pofitu5‚alius
654 1387 823 1422 medicina:
840 1387 926 1422 utilis
942 1385 1066 1423 :nihilo
1081 1396 1190 1421 tamen
1211 1383 1309 1419 secius
1331 1383 1389 1419 ubi
1415 1397 1507 1421 mens
1535 1386 1672 1422 humana
1690 1387 1817 1426 cerebri

417 1445 528 1482 aptam
543 1435 842 1471 conformationem
856 1464 864 1479 ‚
878 1441 912 1474 δε
927 1437 1119 1483 temperiem
1129 1433 1325 1476 offenderit,
1346 1433 1440 1469 nullis
1456 1436 1602 1470 terminis
1619 1436 1815 1472 circumseri.

418 1481 477 1518 bet
496 1489 546 1531 jus
572 1484 661 1519 suum
674 1513 683 1528 ,
694 1497 751 1534 per
761 1498 874 1520 omnes
885 1496 967 1520 artes
983 1484 1086 1519 libere
1095 1483 1276 1532 vagabitur.
1294 1483 1378 1518 Cum
1394 1486 1482 1520 enim
1503 1497 1618 1521 omnes
1639 1486 1812 1534 disciplinae

413 1530 475 1567 fint
491 1535 575 1568 inter
587 1532 671 1568 seira
683 1534 853 1579 consertae,
865 1546 899 1570 ut
911 1545 1038 1570 mutuas
1048 1532 1105 1567 libi
1117 1545 1231 1581 operas
1251 1533 1378 1567 tradant
1391 1561 1400 1576 ,
1418 1535 1476 1581 qui
1491 1546 1587 1569 unam
1614 1536 1648 1570 in
1672 1547 1736 1583 qua
1752 1549 1812 1572 ve-

415 1580 455 1616 lit
476 1582 636 1618 excellere
652 1612 662 1627 ‚
689 1581 837 1632 selegerit
853 1612 863 1627 ,
890 1584 1049 1632 reliquas,
1070 1582 1208 1617 fiminus
1224 1593 1259 1617 ut
1283 1584 1426 1630 proprias
1456 1581 1613 1631 poffideat
1629 1612 1639 1627 ‚
1665 1596 1752 1619 certe
1774 1597 1810 1622 ut

414 1630 535 1665 alienas
545 1631 802 1668 delibetneceffe
815 1634 868 1669 est.
883 1634 947 1669 Sed
964 1644 1034 1667 rara
1049 1633 1093 1666 est
1111 1631 1163 1666 illa
1174 1633 1378 1680 ingeniorum
1391 1631 1531 1667 felicitas
1552 1646 1561 1668 ε
1585 1631 1649 1668 sive
1669 1632 1809 1682 ipsorum

415 1682 598 1716 animorum
612 1680 670 1716 sint
689 1681 849 1718 naturales
863 1682 1010 1729 quaedam
1028 1680 1216 1718 differentia:
1232 1697 1241 1724 3
1266 1679 1334 1716 five
1356 1683 1462 1716 omnis
1480 1693 1519 1716 ex
1535 1694 1672 1731 corpore
1685 1684 1808 1719 otiatur

414 1728 586 1769 diversitas,
598 1731 753 1767 Profecio
764 1731 823 1766 ubi
835 1743 910 1779 apta
920 1729 1045 1765 cerebri
1058 1759 1067 1774 ,
1082 1736 1114 1767 &
1131 1732 1229 1765 totius
1243 1732 1386 1778 corporis
1399 1730 1589 1766 constitutio
1603 1732 1688 1766 deest
1705 1759 1716 1774 ,
1737 1744 1806 1769 tum

413 1781 533 1813 mentis
544 1778 732 1816 funetiones
746 1780 833 1815 illam
844 1794 909 1815 non
921 1778 1125 1828 affequuntut
1144 1778 1382 1828 perfe6ti01ieni
1400 1791 1495 1826 quam
1514 1779 1691 1824 haberent,
1708 1780 1728 1816 si
1747 1794 1806 1817 ex-

412 1826 524 1873 quisita
533 1827 588 1862 illa
599 1832 771 1878 temperies
789 1843 853 1864 non
866 1827 996 1865 abeffet.
1009 1830 1127 1865 Nimio
1140 1827 1247 1863 calore
1260 1829 1417 1875 imagines
1426 1841 1491 1864 non
1504 1827 1674 1872 ebulliunt,
1689 1841 1724 1864 ut
1733 1830 1805 1878 ple-

409 1874 515 1922 risque
531 1877 738 1921 videtur‚sed
749 1879 872 1926 spiritns
896 1878 1126 1912 tumultuantes
1136 1877 1290 1924 judicium
1310 1876 1502 1922 perturbant
1521 1892 1528 1913 :
1551 1877 1691 1912 humoris
1705 1881 1802 1926 copia

409 1924 569 1972 stuporem
583 1955 591 1968 ‚
604 1927 832 1962 &tarditatem
847 1927 969 1961 inducit
991 1939 999 1960 :
1019 1937 1119 1971 atque
1135 1937 1171 1959 ut
1185 1926 1326 1971 corporis
1338 1923 1465 1958 habitus
1480 1953 1488 1967 ,
1508 1924 1547 1959 iic
1558 1927 1658 1960 animi
1675 1927 1803 1963 indoles

407 1975 512 2008 nimio
521 1972 627 2008 calore
638 1974 689 2009 vel
699 1975 835 2010 humore
849 1973 1032 2009 offenditur.
1042 1974 1151 2023 Qre
1163 1973 1375 2008 vehementer
1390 1985 1482 2008 autor
1491 1974 1608 2009 fuerim
1619 2004 1628 2018 ,
1644 1987 1680 2010 ut
1693 1975 1803 2010 imbe-

408 2021 481 2057 cilla
492 2021 686 2070 potissimum
698 2026 827 2072 ingenia
844 2025 879 2058 in
892 2024 924 2059 id
937 2052 946 2066 ,
964 2024 1050 2070 quod
1061 2034 1157 2056 vocat
1167 2033 1280 2057 natura
1289 2051 1299 2066 ,
1316 2023 1481 2057 ducantur.
1497 2027 1544 2058 Ita
1554 2025 1642 2058 enim
1651 2025 1737 2071 qnod
1749 2025 1801 2060 so..

407 2070 473 2106 lum
484 2069 610 2119 poll'unt
624 2102 633 2116 ,
648 2072 765 2108 melius
783 2070 925 2108 efficient
942 2086 950 2108 ε
972 2072 1022 2106 sed
1040 2071 1098 2106 ubi
1115 2070 1280 2106 liberalior
1300 2071 1426 2106 indoles
1441 2074 1631 2121 contigerit,
1644 2073 1798 2110 omnibus

407 2119 599 2168 disciplinis,
616 2120 782 2158 &artibus
805 2121 909 2157 libero
933 2122 1066 2157 homine
1088 2121 1193 2169 dignis
1218 2120 1418 2169 perpolietur
1433 2149 1443 2162 ‚
1465 2134 1570 2157 reruni
1588 2124 1798 2159 maximarum

406 2167 571 2204 scientiam
588 2170 918 2218 consequetur‚neque
928 2170 971 2206 ab
985 2170 1172 2217 eloquentia
1183 2168 1377 2204 abhorrebit
1392 2183 1401 2206 :
1425 2171 1478 2206 lud
1489 2202 1492 2203 γ
1502 2183 1515 2206 t
1528 2172 1682 2213 carmine,
1697 2171 1798 2207 histo-

403 2220 454 2253 riae
465 2218 614 2254 ubertate
631 2220 792 2255 interdum
817 2232 852 2256 ut
873 2220 1112 2270 jucundioribus
1135 2218 1234 2268 epulis
1246 2218 1409 2254 reficietur
1420 2248 1429 2262 ‚
1446 2232 1544 2267 atque
1560 2221 1591 2254 in
1613 2222 1717 2255 varios
1734 2220 1794 2256 stu-

403 2269 532 2303 diorum
545 2267 674 2305 secessus
685 2270 865 2306 identidem
876 2281 1032 2305 excurret.
1044 2271 1132 2305 Nam
1143 2281 1179 2304 ut
1195 2268 1376 2303 stomachus
1385 2268 1534 2304 cibotum
1547 2269 1727 2304 diversitate
1741 2272 1793 2305 in..

404 2317 531 2351 terdum
550 2316 712 2363 reficitur,
734 2318 774 2354 sic
788 2322 910 2355 animus
923 2319 1098 2354 studiorum
1119 2318 1299 2353 mutatione
1313 2329 1484 2355 recreatur.
1510 2321 1562 2354 De
1586 2319 1682 2353 tardis
1700 2321 1792 2366 inge-

405 2368 464 2400 niis
477 2379 545 2401 non
557 2367 673 2415 loquor
686 2399 696 2412 ‚
713 2381 785 2418 qux
797 2372 903 2407 inuria
918 2380 955 2405 re
964 2367 1132 2418 separatim
1144 2366 1315 2403 elaborent
1323 2365 1441 2413 velim,
1463 2380 1504 2405 ne
1518 2379 1567 2404 tot
1576 2366 1671 2404 rebus
1681 2367 1792 2406 diver-

402 2412 438 2448 fis
451 2415 703 2456 confundantur.

1873 1638 1878 1776 ι

1872 2542 1878 2601 i
