1878 2724
376 124 750 162 -TRACTATUS
802 125 1124 164 SECUNDUS.
1386 145 1425 167 rw

44 179 214 230 pulverem
232 180 267 214 δι
282 173 436 211 exficcata
448 174 530 211 folia
545 186 783 222 contorquent:
797 187 873 210 nam
886 188 957 223 quae
971 175 1052 211 folia
1071 179 1104 212 in
1121 176 1222 212 altum
1238 175 1380 221 sustulit,
1394 155 1427 217 i'r}

44 227 161 264 orbem
178 225 218 262 fic
231 227 397 275 exagitat,
409 236 445 259 ut
454 222 585 260 eosdem
598 236 682 272 pene
699 223 837 259 circulos
851 224 1036 260 describant
1047 240 1054 261 t
1065 225 1116 260 sed
1127 239 1198 274 quae
1219 238 1335 261 terram
1355 240 1427 265 tan-

44 289 128 327 gunt
139 306 149 321 ,
168 279 200 313 in
212 274 308 325 spiras
320 276 392 311 aaa
406 273 540 310 tandem
557 275 592 309 in
603 273 715 308 medio
730 272 864 308 turbinis
879 276 1008 310 co'c‘unt.
1034 277 1114 311 Non
1138 274 1275 312 diffimssi
1297 276 1428 314 forfitan

44 329 172 361 ratione
190 323 303 374 gravia
323 335 460 372 quaeque
478 335 614 370 corpora
626 351 635 365 ,
650 334 721 356 cum
737 322 1083 360 aetheteaesubstantiae
1102 328 1205 359 motui
1223 322 1429 370 1·efistant,in

44 375 132 423 spire:
143 375 277 410 modum
296 371 444 408 deorsum
458 373 648 407 truduntur:
665 384 706 406 eo
718 370 840 407 scilicet
852 372 987 408 tendunt
1001 401 1010 416 ,
1029 372 1205 408 ubiminor
1220 374 1267 408 est
1287 377 1428 424 impetus

42 423 186 462 aethereae
196 422 387 460 substantiae.
407 423 488 457 Non
499 420 591 456 aliter
603 421 672 456 fere
681 433 724 455 -ac
734 420 852 469 globus
866 433 975 456 cereus
985 450 995 465 ,
1010 427 1097 470 cujus
1109 422 1199 470 supra
1209 425 1430 469 meminimus,

43 476 100 521 qui
111 471 230 508 scilicet
246 471 377 518 :equalis
390 469 426 505 fit
445 482 520 504 cum
538 481 622 517 aqua
640 470 811 516 ponderis:
829 481 905 504 nam
925 469 944 503 fi
962 482 1044 517 aqua
1058 473 1090 506 in
1105 470 1221 507 orbern
1232 474 1354 520 agitata
1374 474 1431 510 filo

43 534 102 570 per
117 522 260 558 medium
275 519 401 569 globuli
411 518 548 565 oblique
562 519 638 552 acto
650 546 659 560 ‚
678 522 712 554 δε
727 516 816 553 ιεηίὸ
839 529 946 552 motus
967 518 1052 553 illius
1067 520 1215 556 nonnihil
1227 522 1430 569 impediatur,

45 582 114 608 tum
128 570 286 619 paulatim
299 569 442 604 decidet:
460 567 550 614 quod
571 577 676 615 partes
704 579 796 613 aquae
815 565 952 603 celerius
972 579 1067 603 motae
1082 568 1251 616 globulum
1273 582 1313 604 eo
1327 571 1431 607 versus

44 619 241 668 propellant,
258 617 314 653 ubi
329 628 436 654 motus
451 628 543 663 aquae
555 616 599 650 est
614 614 749 653 tardior.
764 618 808 652 At
835 627 876 650 ue
889 628 929 651 ex
948 616 1010 651 hoc
1028 617 1181 666 exemplo
1200 630 1377 667 utcumque
1392 621 1430 655 li-

43 680 211 718 quet‚cut
229 669 340 716 gravia
360 668 469 714 potius
481 666 516 700 in
530 676 647 700 terram
662 693 671 707 ‚
687 677 784 712 quarn
803 629 957 700 {liorsum
972 666 1191 714 impellantur.
1213 670 1302 704 Nam
1314 668 1335 703 fi
1349 670 1430 706 nihil

44 719 149 753 motui
170 711 315 751 circulari
329 715 458 750 aetheris
472 726 688 763 repugnaret,
699 716 730 749 ci
746 716 850 750 motui
862 716 1000 751 omnino
1022 714 1277 763 obsequerentur
1289 746 1299 760 ,
1313 723 1346 755 &
1362 719 1431 755 eos.

43 766 120 800 dem
133 765 256 814 semper
269 764 404 799 circulos
420 763 623 799 delinearent
637 792 647 807 ,
663 774 700 797 ut
711 763 751 797 de
763 762 860 798 scobe
875 763 982 813 lignea
993 776 1085 813 aquae
1094 767 1261 801 innatante
1274 767 1410 804 diximus
1423 785 1431 805 ε

43 813 98 850 sed
117 826 190 850 curn
205 825 292 849 tanta
309 815 504 862 pernicitate
515 815 583 860 rapi
600 811 642 847 ab
659 812 778 847 aethere
792 826 858 848 non
870 812 989 861 poffint
1000 841 1010 855 ,
1032 814 1190 861 paulatim
1211 813 1252 849 ab
1265 820 1329 864 ejus
1347 819 1431 853 dire-

45 865 154 899 &ione
169 862 349 899 deflectunt
363 879 372 906 3
392 862 465 898 fere
482 874 518 896 ut
530 863 621 897 navis
632 874 723 909 ,quae
735 860 780 896 ob
795 861 1006 911 gubernaculi
1018 862 1361 911 obliquitatem,venti
1373 870 1433 904 im-

44 914 136 961 petui
147 918 179 949 &
196 913 462 947 determinationi
476 924 543 948 non
556 913 692 946 omnino
706 922 743 946 ut
752 923 849 947 antea
864 908 1071 960 obsequitur:
1091 913 1181 961 quod
1195 915 1284 951 navis
1297 915 1431 965 oblique

43 959 171 996 deflexa
190 960 388 1010 impressioni
408 963 498 995 venti
512 959 644 996 resistat.

102 1012 185 1046 Haec
198 1010 269 1047 sane
285 1023 353 1046 non
369 1009 531 1046 subtiliter
547 1010 666 1054 modo,
679 1015 712 1046 &
727 1008 892 1057 ingeniose
906 1009 1104 1053 admodum,
1121 1009 1173 1045 sed
1194 1014 1293 1047 etiam
1311 1013 1432 1061 proba-

43 1057 170 1103 bilitcr,
188 1065 222 1098 δε
243 1071 362 1096 natutae
379 1059 601 1107 phoenomenis
611 1058 684 1094 satis
697 1058 898 1093 cohaerenter
907 1061 1092 1108 excogitata
1104 1059 1229 1097 fateor:
1247 1060 1299 1096 sed
1323 1074 1433 1100 tamen

43 1120 119 1144 curn
131 1111 163 1144 in
182 1121 220 1143 ea
238 1107 409 1156 hypothesi
432 1108 534 1144 multa
550 1107 609 1143 fin:
629 1120 702 1154 qua
720 1105 901 1141 difficiliora
922 1108 1026 1142 videri
1041 1107 1180 1156 poffint,
1198 1122 1338 1159 quaeque
1356 1112 1432 1148 licet

44 1156 167 1193 fuerint
177 1156 218 1192 ab
236 1157 373 1192 authore
391 1169 490 1205 quam
508 1154 753 1206 diligentiffime
768 1155 929 1204 explicata
941 1169 1026 1199 ‚non
1038 1169 1076 1191 ea
1094 1156 1163 1192 sunt
1173 1169 1283 1195 tamen
1296 1173 1370 1208 quae
1389 1161 1432 1197 ab

45 1205 197 1243 omnibus
208 1206 349 1254 intelligi
368 1218 501 1254 queant.
529 1207 643 1240 Liceat
660 1204 757 1240 nobis
772 1204 957 1240 descensum
972 1207 1122 1253 gravium
1141 1218 1180 1240 ex
1194 1209 1341 1254 pondere
1360 1210 1434 1245 sub-

45 1254 108 1289 tilis
120 1257 200 1290 acris
218 1266 365 1303 repetere
378 1284 387 1298 ,
399 1255 626 1301 undecumque
650 1254 776 1302 pondus
799 1253 874 1288 huic
889 1255 1034 1288 materiae
1059 1253 1242 1290 access‘erit:
1266 1268 1327 1291 nec
1345 1258 1433 1294 forte

45 1301 206 1339 difficilius
222 1305 265 1338 est
285 1304 408 1352 pondus
423 1304 495 1339 huic
509 1305 651 1338 materiae
664 1302 705 1337 ab
726 1301 873 1338 Authore
893 1314 1011 1337 natura:
1030 1302 1215 1351 impreffum
1234 1306 1407 1354 agnoscere
1425 1337 1431 1347 ,

45 1365 144 1401 quam
160 1365 286 1388 motum
300 1351 475 1402 simplicem
490 1357 524 1388 ὅ(
542 1353 720 1387 naturalem
741 1351 854 1386 aetheti
869 1352 1062 1388 concedere.

94 1401 324 1449 Quamobrem
333 1413 369 1436 ut
381 1401 461 1437 nihil
477 1401 602 1435 videtur
615 1400 815 1448 probabilius
830 1412 929 1446 quam
940 1403 1050 1449 gravia
1063 1400 1212 1436 deorsum
1232 1402 1310 1439 ferri
1324 1403 1345 1439 ὲ
1358 1416 1433 1440 cau,

46 1449 78 1486 sa
90 1450 284 1494 extrinseca,
300 1449 557 1499 &impellente:
578 1448 618 1484 fic
638 1449 719 1486 nihil
737 1448 902 1497 explicatu
932 1450 976 1483 est
999 1448 1160 1487 difficilius
1172 1480 1182 1494 ,
1200 1464 1299 1498 quam
1318 1453 1432 1489 modus

46 1511 114 1548 quo
123 1500 191 1536 haec
207 1499 353 1548 impulsio
372 1498 546 1549 perficitur.
561 1501 608 1534 Ac
623 1497 643 1534 fi
661 1501 731 1548 quis
746 1511 786 1534 ex
798 1497 905 1533 multis
915 1496 951 1533 fit
961 1498 1126 1547 eligendus
1136 1528 1146 1543 ,
1172 1502 1198 1534 is
1217 1503 1298 1536 mihi
1325 1506 1434 1551 potior

46 1548 252 1597 videtur,qui
265 1548 373 1584 subtili
398 1551 466 1583 aeri
490 1548 642 1583 terrestria
662 1559 798 1596 corpora
817 1545 872 1581 suo
891 1548 1034 1595 pondere
1051 1553 1235 1596 prementi,
1251 1558 1279 1588 ἃ
1302 1556 1431 1595 ungenti

46 1609 174 1632 motum
186 1610 290 1632 rerum
303 1599 449 1644 gravium
459 1597 560 1632 refert
573 1608 743 1644 acceptum
759 1609 767 1630 :
786 1595 1013 1641 undecumque
1029 1608 1134 1630 motus
1151 1598 1204 1630 i-le
1217 1628 1226 1641 ‚
1244 1613 1301 1634 aut
1320 1593 1435 1648 impul-

47 1644 90 1681 fio
100 1646 176 1682 huic
193 1648 258 1681 aeri
271 1645 379 1681 subtili
391 1646 545 1688 accedat,
567 1644 621 1680 seu
643 1644 685 1680 ab
704 1644 842 1680 aetherea
856 1642 1036 1680 substantia
1055 1673 1066 1688 ,
1082 1658 1152 1693 quae
1168 1646 1259 1684 illum
1285 1649 1434 1685 deorsum

48 1696 158 1730 trudat
175 1724 184 1739 ,
202 1695 252 1730 seu
269 1694 311 1729 ab
326 1698 438 1730 innato
452 1695 609 1742 pondere.

35 1762 43 1774 .
87 1744 150 1778 Sed
165 1774 174 1788 ‚
189 1746 324 1792 inquies,
338 1743 422 1778 levia
434 1748 467 1779 &
483 1755 550 1777 rara
563 1753 700 1790 corpora
714 1771 723 1785 ,
738 1753 774 1777 ut
786 1741 982 1791 plumaenon
1003 1742 1122 1777 tardius
1144 1742 1377 1781 descenderent
1402 1751 1434 1783 in

47 1792 153 1830 subtili
166 1805 239 1827 aere
255 1805 353 1840 quam
366 1791 509 1828 densiora
520 1803 655 1840 quaeque
674 1803 820 1839 corpora.
842 1795 932 1829 Nam
944 1791 964 1827 si
979 1795 1146 1840 pauciores
1167 1792 1290 1828 habent
1315 1808 1437 1843 partes,

47 1844 152 1878 minus
167 1842 240 1878 huic
252 1841 432 1890 impul-sioni
445 1840 591 1877 resistunt
605 1858 613 1885 3
631 1853 691 1876 nec
707 1839 830 1876 subtilis
841 1854 898 1877 aer
911 1843 980 1877 vim
996 1840 1085 1876 suam
1101 1843 1268 1886 exerit,nisi
1282 1846 1315 1879 in
1326 1858 1434 1894 panes

48 1890 160 1928 solidas
180 1904 260 1939 quas
272 1903 440 1939 penetrare
455 1903 521 1925 non
537 1890 656 1938 potest.

85 1941 175 1988 Resp.
196 1953 254 1975 nos
270 1941 301 1974 id
316 1939 402 1988 posse
413 1951 586 1986 utcumque
600 1939 793 1976 concedere.
819 1942 909 1977 Nam
926 1941 959 1974 in
977 1939 1126 1976 machina
1143 1942 1435 1989 pneumatica,ubi

49 1999 103 2022 act
113 1987 238 2024 craffior
250 1988 416 2024 exhaustus
430 1988 482 2031 est,
501 1993 534 2024 &
547 1986 668 2023 subtilis
683 1999 808 2024 tantum
819 1999 1047 2034 remanet,tarn
1058 1991 1125 2024 cito
1138 1990 1207 2026 fere
1223 1992 1345 2028 decidit
1365 1992 1436 2043 plu-

52 2049 104 2072 ma
116 2066 126 2080 ,
139 2048 195 2071 aut
209 2036 280 2071 lana
295 2066 304 2079 ‚
321 2049 420 2083 quam
433 2036 609 2085 plumbum.

91 2086 154 2121 Sed
167 2085 255 2132 quod
270 2086 368 2120 etiam
381 2089 477 2132 quaeri
487 2086 611 2134 potest,
626 2088 711 2123 unde
723 2087 797 2123 huic
815 2087 923 2124 subtili
941 2093 1008 2124 aeri
1022 2090 1151 2140 pondus
1170 2089 1304 2125 accedat
1315 2118 1326 2133 ,
1356 2102 1397 2126 an
1415 2091 1435 2127 ὲ

50 2137 128 2171 Deo
161 2134 258 2169 fuerit
289 2133 474 2182 impreffum
498 2163 506 2178 ,
530 2135 562 2168 id
593 2148 652 2170 nos
673 2147 793 2172 terrere
815 2151 884 2173 non
897 2137 1009 2175 debet.
1046 2142 1136 2175 Narn
1154 2136 1211 2173 ubi
1232 2141 1434 2186 experimen-

51 2195 84 2219 ta
103 2212 112 2227 ,
133 2189 166 2221 &
185 2183 285 2218 sensus
297 2196 355 2218 nos
367 2183 517 2218 deserunt
528 2212 537 2226 ‚
551 2187 743 2232 conjecturis
756 2197 883 2222 tantum
900 2187 990 2222 locus
1012 2186 1073 2224 csse
1096 2188 1215 2237 potest.
1233 2189 1268 2221 Id
1285 2200 1363 2221 vero
1378 2200 1435 2221 ex-

50 2235 239 2282 perimentis
255 2233 421 2267 didicimus
433 2231 583 2267 subtilem
601 2231 661 2268 effe
674 2246 804 2278 aerem,
819 2238 874 2284 qui
889 2239 965 2271 vitri
980 2249 1077 2285 poros
1096 2247 1246 2285 permeet
1266 2252 1275 2278 3
1301 2235 1376 2271 huic
1401 2239 1436 2272 in

50 2283 200 2317 machina
213 2284 414 2328 pneumatica
429 2284 575 2331 gravium
585 2293 713 2317 motum
724 2282 794 2318 satis
808 2286 980 2321 commode
998 2285 1095 2320 tribui
1109 2284 1207 2331 poss'e.
1220 2286 1297 2332 Jarn
1310 2283 1332 2319 si
1354 2285 1436 2320 ulte-

50 2331 112 2366 r'ius
125 2334 322 2379 inquiramus
338 2360 347 2374 ‚
358 2331 442 2366 unde
458 2330 540 2366 illius
557 2331 681 2366 subtilis
699 2334 778 2366 aeris
798 2333 912 2381 prcffio
925 2361 935 2376 ‚
953 2346 1010 2369 aut
1027 2335 1150 2382 pondus
1175 2335 1297 2368 oriatur
1308 2362 1317 2377 ,
1340 2334 1435 2382 paulo

51 2381 188 2429 iniquius
195 2379 374 2462 7nobiscum
396 2383 499 2430 agitur
510 2409 521 2426 ,
538 2382 594 2429 qui
610 2382 728 2431 primas
750 2393 859 2419 terum
871 2381 996 2430 causare,
1009 2388 1042 2421 δε
1055 2384 1179 2432 primos
1198 2384 1347 2420 omnium
1360 2397 1435 2420 mo.

227 2443 285 2466 om.
315 2431 334 2463 I
336 2431 364 2466 I.
1235 2435 1269 2467 V
