1878 2724
380 160 433 200 380
677 155 965 195 PHYSICAE
1010 156 1151 192 PARS
1188 156 1497 195 SECUNDA.

377 208 468 241 Nam
486 217 654 254 erumpens
675 207 807 241 flamma
821 205 957 254 objedtu
967 207 1049 240 aeris
1070 204 1236 254 repellitur
1250 235 1260 250 ,
1277 208 1313 243 δέ
1324 209 1356 242 vi
1375 205 1426 242 sua
1444 207 1573 242 elastica
1596 203 1684 243 fimul
1699 217 1760 244 tot·

378 266 525 290 mentum
535 266 622 289 retro
634 254 743 303 pellit,
758 268 795 290 ea
815 253 944 290 forfitan
961 256 1106 297 ratione,
1123 265 1157 289 ut
1169 267 1324 302 quantum
1340 267 1538 292 tormentum
1563 258 1668 291 vincit
1679 269 1772 305 pon-.

379 304 454 338 dere
467 303 603 350 globum
617 303 859 340 bombardilem
872 332 881 347 ,
897 315 988 340 tanto
998 305 1100 338 minus
1117 303 1260 340 recedat.
1284 306 1337 338 Sic
1349 307 1381 340 in
1394 305 1562 354 pyrobolis
1579 304 1713 340 flamma
1729 307 1772 341 in.

375 363 482 386 aerem
494 364 553 399 pro
572 352 693 388 viribus
713 353 905 390 resistentem
926 356 1106 396 incurrens,
1122 365 1162 386 eo
1180 354 1281 388 utitur
1291 365 1326 388 ut
1342 353 1466 398 sulem,
1482 367 1550 403 quo
1563 354 1773 404 pyrobolurn-

377 400 527 435 nonnihil
542 412 628 436 retro
642 402 756 451 pellat,
769 413 807 438 ac
820 403 898 452 saepe
915 413 1066 437 contorta
1077 404 1236 450 vertigine
1254 401 1407 439 turbinat.
1425 405 1474 441 Ut
1485 415 1568 452 aqua
1584 405 1602 440 ὲ
1618 404 1689 439 vase
1703 416 1764 453 cy-

378 447 516 484 lindrico
531 478 539 491 ,
550 455 583 486 δε
598 450 739 500 suspenso
748 455 861 488 exiens
876 451 1095 500 perforamen
1107 452 1141 485 in
1164 451 1263 486 latere
1283 463 1384 501 prope
1403 451 1503 487 basim
1522 464 1669 502 aptatum
1683 481 1692 495 ‚
1707 465 1764 488 vas

379 495 480 544 ipsum
496 501 580 534 inter
594 500 793 537 effluendum
805 512 938 549 torquet
953 503 986 536 in
997 512 1132 549 gyrum:
1147 501 1236 548 quod
1254 500 1296 535 ab
1311 513 1385 536 aere
1401 502 1583 551 repellatur.
1601 505 1648 536 lta
1661 503 1775 537 ferme-

379 551 520 582 materiae
534 549 738 586 inflammatae
749 562 856 585 motus
873 550 970 585 instar
985 548 1120 585 turbinis
1141 551 1325 598 peragitur:
1344 551 1433 598 quod
1452 550 1589 599 oblique
1607 553 1639 586 in
1657 563 1775 586 aerem-

380 597 540 644 impingat
551 614 560 641 3
571 610 609 633 ac
619 602 762 648 priorem
779 598 919 634 flammae
931 611 987 634 eru
1014 601 1138 634 tionem
1161 597 1224 632 alia
1243 598 1348 634 statim
1372 602 1532 649 excipiat,
1556 612 1627 647 quae
1675 601 1775 635 rioris-

379 656 489 680 motus
502 646 718 684 directionem
727 659 843 685 mutat.
854 651 944 684 Hinc
955 648 989 683 fu
1005 649 1101 683 minis
1114 658 1220 682 motus
1234 645 1408 692 flexuosus,
1423 654 1456 686 &
1468 649 1636 684 undulanti
1649 613 1775 684 similisa

417 705 454 728 ec
469 693 601 744 fulguris
619 696 751 733 flamma
766 699 809 733 est
818 696 985 746 aequabilis
996 696 1216 733 &uniusmodi
1228 711 1236 733 :
1247 696 1298 731 sed
1310 710 1351 733 ex
1363 701 1458 733 variis
1480 698 1516 734 fit
1538 697 1767 733 coruscationi-
1803 737 1806 739 ,

381 742 595 791 bus‚quarum
613 758 676 782 una
691 747 787 783 aliam
799 748 904 783 statim
915 748 1138 794 excipit-Hinc
1153 746 1241 781 forte
1254 744 1349 782 sonus
1357 750 1528 796 crepitans:
1541 748 1630 795 quod
1640 746 1774 796 fingulae-

381 791 521 830 flammae
530 798 713 844 eruptiones
725 809 834 832 aerem
846 809 919 831 cum
937 795 1067 843 strepitu
1081 794 1269 844 percellant.
1293 798 1360 832 Vix
1376 799 1549 845 quicquam
1560 796 1687 845 fulgura
1697 808 1768 832 rna-

380 845 428 890 gis
439 845 594 891 exprimit
605 873 615 888 ,
633 844 733 893 quam
743 845 892 895 chalybs,
907 844 964 880 ubi
973 846 1007 879 in
1020 844 1097 879 foco
1106 845 1214 892 magni
1224 843 1361 893 speculi,
1373 845 1470 893 quale
1481 846 1525 880 est
1538 847 1572 880 in
1582 845 1772 889 Academia,

382 891 547 935 funditur,
566 903 635 929 tum
658 897 746 930 enirn
763 894 936 936 scintillat,
959 900 994 931 δε
1010 893 1099 928 mille
1115 894 1243 928 ‘emittit
1262 893 1421 942 fulgetra:
1437 895 1524 942 quod
1544 894 1630 929 forte
1650 893 1768 929 salibus

381 942 439 988 qui
451 940 598 990 chalybis
610 942 878 990 compositionem
889 942 1248 987 subeunt‚tribuendum
1268 943 1322 979 est.
1344 946 1419 980 Nec
1437 943 1599 979 diffimiles
1620 942 1690 980 sunt
1706 941 1770 978 ful-

381 992 564 1038 gurationes
583 991 759 1041 phosphori
781 994 960 1041 germanici
971 1002 1044 1028 cum
1058 991 1110 1027 vel
1121 991 1204 1026 illius
1226 992 1396 1040 granulum
1410 992 1514 1027 cultro
1530 995 1563 1028 in
1579 993 1688 1028 charta
1697 1003 1769 1041 pre-

382 1041 481 1074 mitur
491 1068 500 1083 ‚
511 1049 581 1075 tum
590 1043 679 1076 enim
691 1054 807 1091 magna
821 1044 853 1077 vi
869 1041 1011 1089 fulgurat
1024 1070 1033 1084 ‚
1047 1047 1082 1078 δε
1097 1040 1199 1075 obvia
1219 1053 1359 1089 quaeque
1371 1044 1502 1091 corripit
1521 1039 1748 1079 &inflammat
1758 1069 1769 1084 ‚

381 1088 465 1124 adeo
482 1099 591 1124 utnon
608 1089 811 1126 abhorreata
824 1089 986 1125 verisimili
998 1089 1208 1125 substantiam
1225 1090 1416 1139 phosphoris
1432 1091 1604 1139 analogam
1621 1091 1769 1126 cudendo

384 1136 512 1172 fulmini
530 1136 591 1172 esse
600 1139 892 1175 accommodatam.

426 1194 477 1228 3⁰.
505 1186 642 1222 Fulmen
661 1188 800 1224 multum
823 1190 904 1222 aeris
921 1187 1025 1223 secum
1048 1187 1170 1222 vehens
1192 1187 1295 1224 obvia
1312 1199 1447 1238 quaeque
1462 1189 1624 1224 interdum
1638 1188 1769 1224 sternit:

383 1235 473 1282 quod
486 1235 681 1271 incredibilis
692 1236 900 1272 inflammatae
911 1239 1050 1272 materiae
1059 1235 1218 1272 velocitas
1237 1237 1360 1274 efficit:
1376 1250 1513 1285 cumque
1526 1251 1626 1273 unum
1645 1250 1701 1272 aut
1722 1236 1771 1271 al-

385 1294 490 1318 terum
500 1287 590 1319 turris
605 1284 749 1334 lapidem
761 1285 837 1320 loco
846 1296 981 1328 movet,
1001 1285 1089 1320 simul
1105 1291 1138 1322 &
1150 1289 1259 1322 turrim
1277 1290 1392 1335 quarit-
1413 1288 1534 1333 Neque
1552 1288 1585 1321 id
1599 1286 1770 1322 intellectu

385 1330 516 1367 difficile
526 1334 671 1378 videtur,
684 1347 750 1382 quo
765 1334 891 1370 fulmen
905 1336 1004 1370 modo
1016 1347 1116 1369 unum
1134 1363 1143 1376 ,
1158 1348 1212 1370 aut
1229 1337 1366 1371 alterum
1384 1334 1412 1369 la
1437 1336 1524 1370 idem
1540 1335 1618 1370 locis
1644 1335 1702 1370 suis
1721 1335 1771 1368 di·

385 1390 540 1418 moveat:
559 1382 649 1431 hujus
666 1386 754 1419 enim
774 1383 934 1419 habemus
952 1383 1114 1430 specimen
1130 1385 1163 1416 in
1182 1380 1320 1427 testem,
1340 1395 1394 1419 aut
1408 1348 1523 1432 sc'rupis
1538 1383 1653 1432 quibus
1664 1383 1770 1419 solent

385 1430 494 1466 ludere
510 1443 563 1467 :ex
577 1434 612 1466 iis
622 1435 745 1482 quippe
755 1431 812 1467 sibi
825 1442 938 1468 mutuo
946 1429 1211 1467 incumbentibus
1223 1444 1304 1468 unus
1316 1433 1385 1467 aliis
1395 1432 1548 1481 subieQus
1567 1445 1658 1469 tanta
1667 1431 1771 1468 facili<

386 1490 454 1515 tate
468 1485 501 1516 &
516 1480 690 1516 velocitate
697 1481 839 1529 obliquo
850 1493 941 1516 motu
951 1480 1122 1530 expellitur
1132 1509 1142 1524 ,
1157 1492 1194 1514 ac
1206 1478 1225 1514 si
1234 1481 1372 1517 aliorum
1388 1482 1532 1531 pondere
1542 1496 1608 1518 non
1620 1493 1772 1531 gravare-

386 1537 449 1564 tur.
471 1531 552 1564 Fieri
569 1532 667 1566 etiam
685 1531 834 1580 potestur
843 1530 982 1566 fulminis
994 1531 1129 1565 materia
1137 1530 1234 1565 instar
1249 1530 1384 1566 turbinis
1397 1533 1518 1580 agitata
1529 1531 1679 1566 arborem
1689 1543 1770 1566 con-

389 1589 561 1625 torqueat,
582 1592 720 1627 cumque
738 1578 835 1615 arbor
858 1578 932 1616 fixis
957 1580 1016 1615 stat
1038 1578 1216 1623 radicibus,
1238 1590 1366 1614 truncus
1386 1580 1462 1628 saepe
1479 1582 1511 1615 in
1524 1579 1656 1629 longum
1670 1578 1770 1615 scissus

385 1639 550 1674 appareat.
567 1629 656 1664 Cum
671 1628 766 1664 arbor
783 1628 952 1674 evellitur,
967 1640 1037 1665 tum
1046 1641 1092 1664 eae
1107 1627 1215 1665 fiffurae
1225 1656 1235 1672 ‚
1246 1633 1280 1665 &
1289 1629 1365 1664 striae
1374 1639 1431 1664 aut
1443 1641 1525 1673 raro,
1535 1640 1590 1665 aut
1603 1641 1771 1677 nunquam

387 1687 572 1713 cernuntur.

426 1733 475 1771 40.
497 1726 652 1762 Fulminis
667 1729 801 1762 materia
815 1740 887 1762 cum
897 1737 953 1762 aut
968 1726 1097 1762 occursu
1112 1727 1182 1762 duri
1198 1728 1341 1774 corporis
1355 1756 1364 1769 ‚
1375 1738 1430 1762 aut
1440 1725 1531 1776 ipsius
1543 1729 1621 1762 aeris
1632 1725 1772 1762 refisten-

390 1776 434 1807 tia
445 1776 478 1808 in
494 1773 600 1822 plures
611 1787 717 1823 partes
735 1775 807 1811 abit
819 1804 827 1819 ‚
841 1788 908 1811 tum
920 1776 1024 1824 plures
1039 1787 1172 1824 quoque
1188 1781 1220 1813 ὅ(
1234 1777 1343 1811 varios
1358 1788 1504 1823 procreat
1519 1776 1662 1820 effeetus,
1679 1781 1712 1813 &
1723 1777 1772 1810 in-

390 1825 489 1856 varias
510 1825 674 1860 interdum
689 1824 837 1860 flammas
852 1854 862 1868 ,
880 1835 937 1859 aut
948 1824 1065 1872 globos
1077 1825 1138 1860 huc
1148 1824 1222 1859 illuc
1236 1823 1442 1858 discurrentes
1455 1825 1646 1860 distrahitur.

431 1878 481 1916 5⁰.
508 1874 609 1921 Qod
626 1875 666 1907 ad
685 1874 819 1910 εἨ-ἐἃυε
830 1873 973 1908 fulminis
986 1876 1104 1908 attinet
1115 1903 1125 1917 ,
1139 1876 1161 1907 ii
1180 1872 1279 1921 vulgo
1293 1871 1478 1908 afferuntur.
1496 1873 1592 1907 illaesa
1606 1876 1721 1922 vagina
1740 1876 1772 1909 in

391 1920 519 1954 terdum
530 1920 637 1955 ensem
648 1923 754 1956 fundit
765 1951 774 1965 ,
787 1934 884 1969 atque
894 1921 1052 1956 inviolato
1063 1922 1151 1970 ligno
1163 1951 1172 1965 ‚
1195 1933 1230 1956 ut
1240 1924 1286 1956 ait
1305 1923 1426 1956 Seneca
1437 1950 1446 1964 ,
1458 1925 1539 1957 circa
1558 1922 1624 1970 pila
1652 1922 1773 1957 ferrum

387 1980 487 2002 omne
503 1969 710 2014 distillat3aut
725 1970 837 2005 loculis
848 1973 977 2019 integris
990 1969 1149 2005 conflatur
1159 1981 1336 2019 argentum.
1355 1970 1389 2004 Id
1402 1970 1471 2006 sane
1489 1983 1528 2005 ex
1542 1969 1667 2007 summo
1686 1971 1773 2006 illius

390 2015 527 2051 flimmae
540 2018 655 2053 ardore
666 2047 675 2061 ‚
693 2024 728 2055 δε
741 2018 925 2054 incredibili
935 2030 1041 2054 motus
1051 2020 1217 2054 celeritate
1235 2017 1442 2068 proficiscitur
1457 2038 1465 2064 3
1480 2019 1549 2055 fere
1566 2031 1600 2055 ut
1615 2019 1772 2069 lampadis

388 2064 519 2100 flamma
533 2078 589 2113 per
605 2067 721 2102 tubum
729 2067 857 2103 vibrata
867 2072 997 2111 vitrum,
1015 2074 1047 2104 δε
1063 2068 1194 2104 metalla
1212 2069 1304 2104 fundi
1321 2066 1430 2106 solent.
1451 2071 1530 2104 Fieri
1546 2071 1644 2104 etiam
1655 2070 1774 2117 potest,

385 2124 425 2149 ut
441 2114 557 2149 halitus
575 2115 692 2159 niti-oli,
708 2121 743 2152 δε
755 2118 903 2152 volatiles
916 2116 1077 2153 duriffima
1088 2128 1222 2165 quaeque
1240 2129 1374 2166 corpora
1385 2130 1556 2166 penetrent
1568 2121 1653 2160 31'mo
1663 2124 1696 2154 &
1708 2118 1774 2153 fer-

389 2176 461 2198 rum
476 2164 616 2198 candens
626 2165 751 2201 vellevi
768 2165 922 2215 sulphuris
930 2167 1084 2201 contaCtu
1095 2167 1208 2214 liquari
1219 2165 1315 2203 solet.
1327 2168 1393 2201 Vix
1410 2167 1561 2201 autemid
1577 2167 1771 2202 crediderim

392 2212 496 2248 franito
516 2212 606 2247 dolio
615 2217 725 2251 vinum
736 2216 912 2263 aliquando
922 2218 986 2250 istu
995 2216 1138 2251 fulminis
1150 2216 1309 2251 incrustari
1323 2231 1332 2258 ς
1345 2227 1401 2249 aut
1411 2218 1509 2250 etiam
1522 2216 1683 2250 interdum
1693 2228 1773 2251 con»

393 2262 532 2310 glaciari.
544 2265 616 2298 Stat
628 2267 752 2312 ‚inquit
765 2267 885 2300 Seneca
896 2294 906 2308 ,
915 2267 998 2300 intra
1017 2265 1140 2299 dolium
1154 2268 1266 2300 vinum
1280 2283 1289 2308 3
1301 2264 1448 2299 necultra
1457 2265 1598 2299 triduum
1614 2267 1707 2312 vigor
1716 2264 1773 2300 ille

394 2313 497 2346 durat.
516 2313 565 2346 An
584 2312 670 2349 forte
684 2328 750 2350 non
760 2314 873 2349 eadem
885 2314 928 2348 est
941 2314 1084 2362 semper,
1103 2320 1135 2351 &
1156 2314 1338 2362 hujusmodi
1352 2312 1514 2347 exhalatio
1527 2343 1536 2356 ‚
1553 2326 1626 2361 quae
1647 2313 1771 2348 fulmen

395 2361 559 2397 accendit?
580 2364 613 2396 Si
632 2366 758 2414 pinguis
771 2363 871 2399 fuerit
884 2392 893 2406 ‚
910 2368 943 2399 &
965 2362 1071 2397 oleosa
1086 2393 1094 2406 ‚
1110 2364 1221 2399 mollia
1237 2373 1362 2397 tantum
1384 2361 1485 2396 adurit
1500 2375 1654 2410 corpora3
1672 2361 1693 2397 fi
1714 2371 1772 2411 per-

396 2419 523 2443 netrans
535 2416 568 2448 δι’
582 2411 705 2449 subtilis
719 2441 729 2457 ‚
739 2413 868 2449 cedenti
883 2414 1023 2447 materiae
1037 2424 1147 2460 parcet
1159 2441 1167 2456 ‚
1184 2411 1346 2447 obstantia
1360 2422 1492 2458 quaeque
1506 2411 1700 2461 perfringet.
1721 2413 1773 2446 Sic
