1878 2724
373 134 423 166 352
922 115 947 148 P
960 113 994 147 H
1008 114 1038 148 Y
1050 114 1070 148 S
1083 113 1096 147 I
1109 111 1139 148 C
1149 115 1187 148 ΑΞ

376 164 491 203 rituum
502 173 608 199 morus
622 160 825 209 perturbatus
842 163 1029 196 immutatur
1046 192 1054 206 ‚
1072 168 1104 199 δε
1122 162 1287 197 vellicatio
1300 159 1406 198 cessat.

421 219 507 252 Tum
520 228 550 244 vt
562 229 565 243 l
576 212 595 245 o
608 227 647 243 ›
665 223 774 255 usaue
786 211 926 256 quadam
941 211 1041 245 rael-‚us
1054 210 1259 260 perfunditur
1270 239 1280 254 ‚
1293 222 1367 245 cum
1377 209 1502 258 spiritus
1513 209 1637 260 placide
1647 216 1680 250 &
1691 223 1787 260 aequa

386 265 456 299 littei
474 259 571 295 difflui
592 261 679 293 nuni«)
693 259 785 292 obice
799 260 999 294 retardantur
1017 275 1027 303 3
1044 271 1100 295 aut
1117 259 1138 294 si
1156 259 1244 294 forte
1263 259 1361 308 paulo
1374 257 1603 294 vehementius
1620 263 1784 308 agitentur

387 326 421 347 ut
438 326 469 344 m
482 308 665 342 titillationi·
680 309 793 343 accidit
806 337 815 352 ,
831 319 940 343 tamen
954 311 988 343 in
999 309 1109 344 statum
1122 309 1303 345 naturalem
1317 320 1394 342 mox
1408 307 1610 344 restituuntur
1623 325 1633 352 ·,
1645 321 1699 344 aut
1710 321 1781 344 cer-

391 373 421 395 tc
438 372 508 392 cum
528 357 681 391 molestia:
696 356 785 392 causa
799 357 934 394 tollitur.
959 360 1047 393 Nam
1063 358 1211 406 voluptas
1238 358 1378 393 maxima
1404 356 1561 391 molestiae
1579 357 1781 393 detractione

390 410 575 443 continetur
590 435 599 449 ,
614 418 648 440 ut
658 409 689 440 in
698 407 815 441 morali
826 435 838 451 ,
852 419 925 442 cum
939 406 980 441 de
992 405 1163 442 affeffibus
1175 408 1274 442 animi
1285 417 1452 456 ageremus
1469 434 1479 449 ‚
1494 403 1624 441 uberius
1643 405 1783 454 explica-

399 469 469 492 tum
483 456 501 491 a
515 454 609 491 nobis
623 455 696 490 fuit.

430 508 512 540 Sunt
526 504 580 538 alii
595 503 728 539 affectus
741 534 750 548 ,
766 506 824 552 qui
842 504 882 538 ad
902 505 1008 540 tastfis
1022 516 1179 552 organum
1202 498 1348 552 [pediam
1360 533 1370 548 ,
1394 515 1532 552 quorum
1557 505 1785 540 tractationem

393 555 510 591 medici
521 552 576 588 sibi
594 555 781 597 vindicant,
797 553 919 603 physici
937 553 1016 590 vero
1025 558 1081 602 qui
1091 566 1196 588 rerum
1207 552 1314 588 causas
1332 553 1582 603 persequuntur,
1598 552 1781 589 summatim

392 616 448 640 eos
467 602 619 638 delibant.
642 605 666 636 Ii
685 615 801 652 magna
818 615 857 637 ex
873 614 963 651 parte
978 604 1016 638 ad
1034 602 1200 651 glandulas
1218 602 1358 637 miliates
1383 603 1578 638 referuntur.
1599 605 1686 640 Nam
1703 604 1786 639 cutis

417 665 465 687 ars
477 654 612 687 interior
623 663 692 686 tota
707 664 790 700 pene
804 650 990 700 glandulosa
1001 653 1044 686 est
1056 681 1066 695 ‚
1084 663 1118 686 ut
1134 654 1273 686 exterior
1283 651 1417 687 nervosa
1429 657 1462 689 &
1481 650 1600 686 crebris
1619 650 1788 687 foramini-

393 667 453 737 gns
465 698 602 749 pertusa·
618 703 678 736 His
691 712 726 735 ut
739 700 899 743 diximus,
912 704 1118 736 continentur
1132 701 1246 736 duetus
1270 699 1439 736 sudoriferi
1450 729 1460 744 ‚
1491 705 1525 737 δι
1549 704 1638 747 juxta
1663 699 1787 737 Clariis.

393 750 464 787 Mal
492 750 615 798 ighium
629 749 754 798 papilla:
765 749 978 797 pyramidales
987 748 1046 784 fibi
1056 761 1168 784 mutuo
1182 749 1341 798 parallelae
1353 779 1362 794 ‚
1382 762 1420 785 ex
1435 748 1552 797 quibus
1568 748 1788 784 innumerabi-

395 800 442 835 les
480 798 579 833 brillae
588 799 763 834 dimanant.
783 800 897 832 Fateor
911 798 1043 845 quidem
1058 798 1113 834 has
1121 798 1256 846 papillas
1275 798 1295 834 a
1311 797 1502 847 peritissimis
1517 799 1706 832 anatomicis
1717 811 1785 834 non

392 847 453 884 effe
467 847 670 895 conspectas,
685 849 730 881 uti
744 859 805 881 nec
818 846 962 881 valvulas
984 850 1018 882 i'n
1033 845 1110 881 vasis
1142 847 1340 890 (udotiferis,
1366 860 1400 882 ut
1413 848 1546 882 laticem
1564 843 1702 881 serosum
1733 846 1788 882 vel

394 895 526 932 liberius
548 895 740 938 effundant,
760 894 814 929 vel
842 897 1001 930 retineant
1023 909 1032 931 t
1055 906 1164 932 tamen
1190 907 1242 930 eas
1259 908 1377 944 negare
1399 909 1465 931 non
1482 893 1590 931 ausim.
1609 894 1788 930 Praesertim

395 958 467 981 cum
493 947 525 980 in
541 956 611 979 cute
627 944 809 992 elephantis
826 944 995 992 perspicuae
1015 944 1186 979 videantur
1203 944 1252 979 hae
1269 945 1394 992 papillae
1407 973 1417 989 ,
1435 956 1470 980 ut
1482 955 1534 978 eas
1547 945 1580 978 in
1597 941 1787 979 dilsectione

396 995 487 1043 hujus
504 993 649 1028 animalis
660 1004 736 1027 ante
754 992 921 1027 biennium
937 994 971 1027 in
988 993 1163 1027 Academia
1177 991 1324 1027 exhibuit
1345 997 1389 1030 D.
1407 992 1449 1027 du
1463 994 1500 1026 V
1498 1004 1604 1040 erney.
1631 992 1730 1028 Unde
1751 995 1786 1028 in

399 1042 580 1090 elephantis
597 1053 669 1077 cute
683 1052 820 1087 quatuor
833 1042 978 1076 distin-{ka
991 1052 1126 1089 corpora
1148 1039 1341 1076 ostendebat
1352 1070 1361 1084 ‚
1384 1055 1407 1077 ι.
1425 1051 1594 1075 cutaneum
1606 1068 1617 1084 ,
1641 1041 1730 1088 quod
1751 1043 1786 1076 in

398 1103 439 1126 eo
452 1089 583 1126 animali
598 1088 731 1125 densum
746 1101 816 1124 erat
832 1090 1008 1125 admodum
1020 1118 1030 1132 ,
1053 1101 1093 1123 ex
1112 1091 1285 1124 innumeris
1322 1102 1382 1124 ene
1398 1088 1487 1125 fibris
1507 1099 1617 1124 mutuo
1637 1089 1790 1138 implexis

398 1137 622 1187 compositum.
636 1141 683 1174 Ac
694 1136 781 1173 fibrae
795 1138 856 1173 illae
866 1150 983 1187 magna
995 1150 1033 1173 ex
1046 1149 1135 1186 parte
1149 1102 1322 1175 tendimns}
1331 1149 1490 1188 apparent
1502 1167 1513 1183 ,
1523 1139 1615 1173 venis
1631 1165 1641 1181 ‚
1652 1139 1779 1174 arteriis

398 1195 433 1227 &
446 1187 603 1236 glandulis
615 1186 794 1234 conspersae.

435 1251 463 1273 2.
474 1237 603 1284 Corpus
621 1235 777 1284 papillare
791 1264 801 1280 ,
818 1235 907 1283 quod
920 1237 952 1270 in
968 1246 1006 1269 ea
1021 1246 1093 1270 cute
1110 1233 1304 1282 apertissime
1316 1238 1454 1272 cernitur
1468 1250 1477 1272 ε
1500 1236 1584 1271 adeo
1593 1246 1629 1270 ut
1643 1235 1791 1282 quaedarn·

398 1285 526 1335 papillae
540 1289 630 1320 unius
646 1285 738 1320 lineae
756 1284 994 1333 longitudinem
1004 1313 1014 1328 ‚
1029 1289 1063 1321 δε
1075 1283 1166 1332 hujus
1180 1282 1335 1320 semiffem
1352 1288 1384 1321 in
1397 1284 1462 1321 basi
1475 1286 1578 1322 nastae
1592 1284 1762 1320 videantur
1774 1311 1786 1329 ,

399 1347 498 1383 atque
508 1346 620 1369 omnes
636 1334 705 1369 fere
721 1333 792 1368 sunt
805 1331 984 1368 uniusmodi
999 1360 1009 1376 ,
1026 1338 1059 1370 &
1074 1331 1118 1368 sui
1133 1331 1259 1368 ssmiles.

443 1396 473 1427 3.
491 1382 686 1419 Reticulatis
702 1381 891 1417 membrana
919 1394 958 1416 ex
975 1382 1074 1417 thecis
1092 1393 1164 1429 quae
1191 1381 1325 1430 papillas
1349 1382 1520 1418 involvunt
1538 1410 1549 1425 ‚
1575 1383 1619 1416 ita
1653 1393 1789 1430 compo-

402 1435 508 1477 nitur,
547 1443 582 1467 ut
607 1443 807 1478 unaquaeque
824 1430 920 1465 theca
941 1443 982 1465 ex
1018 1430 1089 1465 aliis
1117 1429 1274 1465 confletur
1292 1448 1301 1475 3
1322 1432 1405 1465 adeo
1423 1443 1456 1466 ut
1474 1443 1535 1466 una
1566 1429 1684 1478 papilla
1709 1442 1789 1465 ton..

401 1481 570 1530 duplicatis
579 1480 788 1529 &triplicatis
807 1479 908 1514 thecis
920 1508 930 1524 ,
940 1491 995 1514 aut
1008 1478 1182 1514 involucris
1194 1490 1329 1527 tegatur.
1339 1479 1506 1515 Postremo
1524 1478 1663 1514 cuticula
1678 1479 1762 1514 adest
1775 1507 1786 1523 ‚

400 1543 472 1578 quae
487 1542 560 1565 cum
572 1529 736 1564 reticulati
753 1527 940 1564 membrana
948 1528 1031 1562 adeo
1043 1529 1084 1563 est
1097 1527 1241 1563 conserta
1252 1557 1262 1572 ‚
1275 1540 1309 1563 ut
1321 1541 1395 1563 cum
1406 1541 1443 1563 ea
1458 1540 1541 1577 pene
1556 1527 1769 1562 confundatur
1778 1557 1788 1569 ,

399 1581 449 1614 uti
472 1585 506 1616 &
524 1577 676 1627 papillare
694 1590 808 1626 corpus
834 1590 907 1612 cum
925 1588 1072 1613 cutaneo.
1090 1579 1128 1612 In
1142 1577 1274 1612 homine
1293 1589 1402 1612 tamen
1427 1576 1563 1613 cuticula
1587 1575 1608 1611 ἐι
1631 1575 1791 1611 reticulari

401 1627 590 1663 membrana
603 1640 669 1662 non
679 1638 762 1674 aegre
773 1626 937 1661 divellitur
949 1654 958 1668 ,
980 1638 1018 1660 ac
1036 1627 1204 1674 praesertim
1217 1629 1298 1660 circa
1311 1626 1486 1674 digitorum
1500 1637 1632 1673 ungues·
1652 1626 1700 1660 Ac
1712 1625 1791 1660 licet

402 1680 517 1712 intueri
529 1687 641 1724 corpus
652 1688 822 1710 cutaneum
832 1677 926 1723 ungui
942 1674 1120 1724 subjectum
1131 1704 1141 1719 ‚
1158 1679 1243 1723 cujus
1257 1675 1381 1723 papillae
1392 1673 1519 1724 longius
1529 1673 1691 1722 produtstae
1706 1675 1790 1708 intra

402 1727 516 1774 unguis
529 1724 624 1760 fibras
638 1723 822 1760 inseruntur.
835 1725 961 1773 Unguis
973 1723 1038 1772 ipse
1048 1737 1088 1760 ex
1105 1723 1242 1759 cuticula
1262 1729 1295 1760 &
1306 1723 1466 1758 reticulari
1478 1735 1613 1770 corpore
1635 1722 1789 1757 induratis

403 1775 533 1809 constat.
548 1774 649 1821 quue
660 1772 762 1808 velex
781 1785 821 1807 eo
831 1773 953 1819 liquet,
970 1774 1060 1820 quod
1070 1775 1106 1807 iis
1120 1773 1270 1808 detraCtis
1288 1774 1401 1821 unguis
1415 1772 1529 1807 itidem
1542 1769 1726 1805 divellatur.

443 1823 507 1857 Sed
528 1833 690 1868 utcunque
705 1834 743 1856 ea
754 1834 802 1857 res
813 1821 891 1864 fit,id
903 1821 1003 1868 liquet
1015 1820 1163 1857 nervosas
1179 1820 1309 1856 fibrillas
1318 1823 1514 1868 praecipuum
1531 1819 1592 1854 esse
1613 1816 1719 1854 ῑειᾶὕε
1735 1831 1788 1853 οι·-

401 1869 665 1920 ganum3fingulis
680 1872 762 1917 poris
774 1898 782 1912 ‚
794 1869 962 1917 praesertim
971 1869 1146 1916 majoribus
1158 1868 1322 1918 glandulas
1338 1867 1455 1904 subeffe
1464 1879 1538 1902 cum
1548 1866 1625 1903 vasis
1639 1878 1788 1902 excreto-

404 1921 456 1954 riis
470 1947 479 1963 ‚
495 1930 567 1965 quae
584 1917 668 1953 forte
681 1917 814 1965 papillas
827 1918 1105 1953 nerveasmadore
1123 1917 1197 1961 suo,
1213 1929 1266 1952 aut
1280 1916 1379 1952 halitu
1396 1917 1602 1965 perfundunt.
1624 1918 1662 1951 In
1680 1915 1793 1963 plerif‘

403 1980 468 2015 que
481 1970 566 2015 poris
581 1965 753 2015 majoribus
763 1995 772 2009 ‚
792 1978 847 2012 per
863 1978 945 2012 quos
959 1963 1051 2001 sudor
1064 1977 1195 2001 emanat
1205 1994 1215 2009 ‚
1230 1965 1367 2014 pilorum
1383 1966 1504 2000 radices
1518 1963 1637 2001 insunt.
1658 1967 1684 1999 li
1699 1976 1789 2000 mea-

405 2028 453 2051 tus
465 2019 547 2051 inter
557 2027 649 2063 rugas
662 2014 805 2050 cuticulae
817 2012 900 2062 quafi
913 2014 1057 2063 paralleli
1074 2014 1283 2063 disponuntur
1298 2033 1307 2059 3
1323 2026 1419 2062 atque
1432 2026 1542 2049 eorum
1555 2011 1725 2050 intervalla
1738 2015 1788 2048 in-

403 2066 544 2101 numeris
563 2065 648 2111 poris
667 2063 864 2107 minoribus,
887 2061 971 2109 quasi
983 2065 1109 2111 punffis
1124 2064 1267 2099 distincta
1284 2075 1448 2112 apparent.
1481 2061 1567 2098 Cum
1587 2063 1658 2112 pori
1674 2073 1794 2097 omnes·

403 2114 538 2148 humore
547 2112 690 2160 quodam
706 2112 814 2148 oleofo
829 2113 1018 2160 implentur,
1035 2124 1103 2148 tum
1116 2112 1202 2160 pleni
1219 2118 1252 2150 &
1263 2112 1340 2148 tenfi
1360 2114 1459 2147 cutim
1477 2111 1590 2146 laevem
1609 2116 1643 2148 δι
1659 2109 1788 2158 planam

403 2161 546 2197 effitiunt
560 2172 611 2195 :at
623 2161 775 2196 exhausto
787 2174 825 2195 eo
837 2162 970 2196 humore
983 2173 1056 2204 ‚aut
1066 2162 1175 2196 alieno
1185 2160 1338 2196 subeunte
1355 2191 1365 2205 ,
1381 2162 1462 2195 cutis
1479 2160 1588 2208 aspera
1605 2159 1734 2194 videtur
1753 2163 1795 2195 &¹

402 2209 513 2258 rugosa
527 2225 534 2246 :
560 2222 596 2244 ut
611 2223 682 2244 cum
694 2209 807 2244 lixivio
818 2210 964 2244 lavantur
973 2212 1096 2246 minus:
1111 2222 1179 2245 turn
1193 2212 1281 2245 enim
1291 2222 1377 2259 rugae
1396 2209 1486 2244 velut
1499 2208 1573 2244 sulci
1588 2208 1670 2244 fiunt
1686 2211 1787 2253 majo-

403 2272 462 2295 res.
490 2261 624 2293 luterim
645 2258 803 2294 meatibus
823 2270 958 2293 externo
973 2258 1094 2306 frigore
1110 2257 1239 2294 occlusis
1259 2271 1392 2307 vapores
1413 2260 1498 2294 intus
1523 2258 1650 2293 co'e‘rciti
1678 2266 1788 2289 cutem

403 2307 557 2343 attollunt
569 2322 576 2344 :
590 2308 663 2344 hinc
673 2320 784 2344 manus
797 2309 938 2344 exterior
950 2306 1128 2356 superficies
1147 2307 1259 2358 frigori
1279 2307 1419 2358 expofita
1435 2308 1542 2344 statim
1570 2304 1679 2342 scabra
1701 2302 1739 2339 fit
1751 2307 1796 2340 δι’

405 2355 520 2403 aspera.

1635 2400 1783 2449 Plerique
