1878 2724
485 120 864 160 ‘TRACTATUS
903 121 1139 160 1>R1Mus
1482 144 1509 176 ,ι

122 171 225 211 sensus
238 169 384 222 ipfi'sunt
406 169 591 207 confialendi
605 200 615 215 ,
634 175 668 208 &
685 173 801 207 acriter
816 173 1009 208 intuendum
1028 184 1102 221 quae
1116 172 1175 209 sint
1194 171 1248 207 illa
1265 177 1422 223 principia
1438 206 1444 220 ,
1474 190 1508 213 in

122 234 195 272 quae
207 232 343 270 corpora
355 219 475 256 ultimo
491 218 706 256 resolvuntur.
723 222 803 256 Haec
817 220 981 257 elementa
998 223 1063 258 dici
1080 222 1185 258 solent
1198 250 1209 265 ,
1231 234 1315 259 terra
1333 227 1483 260 nimirum
1499 255 1509 270 ‚

121 282 225 319 aqua,
239 283 312 313 aer,
334 274 367 307 δι
381 271 465 317 ignis
476 298 486 314 ‚
503 269 543 304 cle
558 268 676 316 quibus
691 282 775 305 nunc
791 271 952 320 agendum
965 299 976 315 ‚
993 283 1030 307 ut
1054 270 1225 307 rniscibilia
1242 271 1330 317 sunt,
1360 278 1394 310 ἃ
1412 274 1509 310 rebus

121 318 278 355 omnibus
296 317 438 368 subjeeta
448 320 610 355 materies.
624 319 714 354 Nam
729 330 764 354 ut
776 327 885 368 partes
900 318 1123 357 sunt‘univerfi
1134 350 1144 365 ,
1166 319 1225 355 suis
1250 321 1434 370 regionibus
1458 325 1510 358 di..

120 369 245 404 stinctae
256 368 296 403 ad
310 366 476 417 Phyficani
488 367 660 416 specialem
676 370 853 416 pertinent.
867 371 1072 418 Hocitaque
1086 369 1165 405 loco·
1180 370 1222 403 de
1245 370 1415 407 elementis
1435 385 1510 409 cum

120 416 311 461 universim,
335 428 404 453 tum
414 416 595 465 sigillatim3
615 417 656 450 de
672 419 835 464 principiis
850 418 1085 465 Chyrnicorum
1096 448 1105 462 ‚
1121 419 1161 453 de
1179 420 1338 455 mixtione
1350 449 1361 464 ,
1377 426 1410 458 δ(
1425 421 1511 457 reso-

121 466 250 502 latione
269 478 442 515 corporum
461 463 653 500 differemus.
678 464 780 512 Qod
797 464 817 499 fi
835 466 932 513 paulo
949 467 1108 513 prolixior
1118 466 1154 502 fit
1165 466 1356 516 disputatio,
1379 482 1417 504 ea
1434 483 1509 506 cum

119 517 302 564 argumenti
331 514 560 561 magnitudine
585 517 620 549 δε
637 513 777 548 utilitate
798 525 986 562 comparata
1004 514 1142 551 fortaffis
1166 518 1264 552 etiam
1298 518 1430 553 brevior
1459 523 1510 555 vi-

120 564 262 599 debitur.
294 565 376 600 Haec
393 564 482 597 enim
502 559 602 596 libros
621 561 797 597 Aristotelis
813 563 855 597 de
878 574 974 610 ortu,
995 566 1177 603 &interitu
1194 593 1204 609 ‚
1232 578 1268 601 ac
1293 565 1393 602 multa
1418 567 1438 604 ὲι
1458 581 1509 604 re.

123 611 323 649 centioribus
348 614 483 648 inventa
497 610 754 659 -compledketun
769 638 773 641 -

653 711 684 746 C
704 711 732 746 A
751 712 781 747 P·
796 710 832 747 U
854 710 891 747 T'
947 713 994 749 1:-

534 810 590 844 De
601 811 782 845 Elementis
798 812 832 844 in
859 809 1053 857 univerficm.

160 921 166 929 ·
188 907 383 943 L'ementum
406 905 525 941 dicitur
546 918 659 956 corpus
677 905 809 955 simplex
830 908 917 956 quod
941 910 974 944 in
995 918 1102 956 partes
1119 908 1371 959 heterogeneaS,
1394 911 1445 948 seu
1461 913 1509 948 di-

118 909 281 995 Eversae
295 955 410 1004 speciei
422 968 488 991 non
500 954 679 993 resolvitur.
710 958 764 990 Sic
779 969 864 1005 aqua
880 958 924 992 est
954 957 1159 993 elementum
1179 973 1187 995 :
1209 972 1284 994 nam
1299 959 1383 995 illius
1403 974 1510 1010 partes

119 1005 191 1042 sunt
211 1003 351 1052 ejusdem
364 1007 492 1052 generis
506 1017 581 1040 cum
604 1017 676 1041 toto
698 1022 707 1050 ς
729 1011 762 1043 &
778 1009 989 1054 quantumvis
1001 1007 1121 1042 caloris
1145 1010 1177 1042 vi
1195 1010 1226 1042 in
1246 1020 1381 1058 vapores
1398 1009 1509 1054 abeat‘,

120 1054 155 1090 hi
173 1066 285 1090 tamen
307 1053 470 1088 alembico
489 1057 620 1103 excepti
646 1054 767 1090 rursum
787 1058 821 1091 in
845 1068 962 1104 aquam
979 1055 1127 1094 redeunt.
1150 1057 1234 1104 Qae
1251 1069 1361 1093 autem
1383 1057 1451 1094 sunt
1475 1062 1509 1095 in

119 1101 318 1138 resolutione
332 1101 449 1137 ultima
462 1131 471 1146 ,
498 1112 636 1151 quzr‘que
654 1103 743 1139 nulla
757 1106 839 1153 ignis
861 1107 915 1148 vi,
933 1117 989 1140 aut
1004 1104 1066 1139 alia
1090 1107 1216 1141 ratione
1227 1109 1342 1141 mutari
1357 1107 1507 1155 potsunt,“

121 1152 188 1187 haec
202 1152 339 1186 dicimus
353 1150 527 1188 elementa.
551 1155 594 1188 Ea
611 1151 680 1187 sunt
699 1152 905 1201 homogenea
921 1181 931 1196 ,
953 1166 1024 1188 nec·
1037 1156 1070 1188 in
1088 1164 1195 1201 partes
1219 1154 1325 1202 specie
1345 1157 1485 1192 diversas
1499 1188 1508 1201 ,

119 1198 174 1235 sed
197 1211 327 1235 tantum*
344 1202 378 1234 in
391 1211 497 1248 partes
522 1199 660 1247 ejusdem
675 1203 810 1236 rationis
824 1230 834 1245 ,
859 1206 894 1238 δε
912 1203 1325 1250 integrantesdividuntur.
1352 1207 1441 1240 Hinc
1466 1206 1508 1241 ab

121 1248 296 1285 Aristotele
307 1247 459 1284 definitur
475 1248 672 1284 elementum
685 1278 695 1293 ‚
710 1250 747 1284 id
761 1263 802 1284 ex
816 1263 876 1297 quo
888 1253 1029 1298 primum
1043 1250 1135 1296 infito
1151 1279 1159 1289 ‚
1185 1263 1223 1284 ac
1235 1252 1510 1303 indivtssbilispe-

121 1300 168 1332 cie
180 1296 311 1345 aliquid
328 1300 536 1347 componitur.
560 1300 642 1334 Sunt
656 1299 753 1334 enirn·
764 1297 929 1334 elementa
940 1311 975 1334 ut
986 1298 1192 1334 ‘resolutione
1209 1299 1322 1334 ultima
1337 1330 1345 1343 ‚
1368 1301 1406 1336 sic
1422 1316 1509 1338 com-

119 1345 279 1395 positione
296 1347 410 1395 prima.
439 1348 526 1382 Hinc
541 1359 599 1396 per
613 1347 837 1395 metaphoram
855 1348 977 1383 litteras
1000 1360 1039 1383 ex
1056 1347 1175 1396 quibus
1194 1348 1276 1384 fiunt
1298 1348 1426 1398 syllaba:
1442 1381 1451 1395 ‚
1473 1365 1508 1388 ut

120 1408 159 1430 ex
177 1393 306 1445 syllabis
329 1395 508 1440 dictiones,
531 1397 694 1432 elementa
710 1409 829 1432 vomm
843 1402 875 1434 &
894 1399 1076 1432 dictionum
1089 1400 1287 1434 vocitantur.
1308 1424 1309 1427 ,

155 1446 200 1480 Ex
215 1445 258 1478 iisv
269 1443 373 1490 liquet
387 1444 551 1480 elementa
570 1445 717 1493 quaedam
734 1444 795 1480 effe
813 1459 948 1494 corpora
961 1446 1043 1481 adeo
1054 1445 1205 1494 simplicia
1219 1477 1228 1491 ,
1255 1458 1290 1482 ut
1310 1449 1343 1483 in
1360 1448 1425 1484 alia
1434 1449 1508 1486 fim-

118 1493 253 1542 pliciora
272 1492 389 1529 resolvi
405 1507 470 1529 non
488 1493 614 1542 poffint.
649 1497 811 1540 Quamvis
823 1494 1017 1532 forte-nulla*
1030 1508 1096 1539 ars,
1120 1496 1207 1530 nulla
1224 1496 1379 1532 industria
1396 1499 1508 1534 huma-

83 1576 87 1580 ,
118 1548 160 1578 ria
174 1542 241 1577 haec
256 1544 358 1590 prima
374 1545 524 1578 omnium
542 1555 678 1592 corpora
696 1545 729 1578 in
746 1543 851 1578 lucem
873 1544 1019 1592 proferre
1040 1544 1134 1592 poffit
1149 1558 1156 1578 :
1176 1545 1226 1579 sed
1243 1544 1315 1580 satis
1330 1546 1426 1582 fuerit
1439 1547 1459 1582 fi
1474 1552 1505 1584 in

120 1602 160 1625 ea
177 1591 312 1625 tandem
329 1589 578 1626 abeant‘mixta
593 1602 727 1639 corpora
738 1620 748 1634 ‚
776 1593 809 1627 in
827 1592 946 1640 quibus
974 1594 1085 1639 prima·
1101 1592 1266 1628 elementa·
1288 1594 1506 1634 dominentur.

119 1640 272 1686 Cumque
283 1648 397 1674 natura
413 1641 446 1674 in
463 1638 626 1675 infinitum
636 1640 860 1687 progredinon
874 1639 988 1689 poffi13
1003 1640 1171 1676 fatendum
1183 1641 1309 1676 est'haec
1320 1642 1379 1677 esse
1394 1656 1506 1693 corpo-

119 1699 153 1722 ra
164 1686 313 1735 simplicia
328 1716 337 1730 ,
358 1699 493 1735 quaeque
507 1689 618 1724 inalia
636 1687 830 1736 simpliciora
841 1689 945 1724 dividi
961 1701 1148 1737 nequeant:
1169 1703 1239 1737 quae
1265 1690 1344 1726 vero
1369 1691 1421 1726 illa
1447 1694 1506 1729 fine

118 1747 272 1785 corpora,
291 1740 324 1773 &
343 1748 412 1783 quo
427 1749 465 1771 ea
479 1749 617 1772 numero
634 1739 862 1773 contineantur
878 1768 888 1782 ,
909 1751 975 1774 non
994 1738 1091 1774 facile
1106 1739 1157 1773 est¹
1170 1739 1402 1776 demonstrare.
1424 1743 1505 1791 Qo

119 1796 231 1820 autern
246 1784 298 1819 lux
311 1784 423 1832 aliqua
437 1788 469 1820 in
484 1798 573 1822 tanta
591 1797 698 1822 terum
711 1785 908 1823 obscuritate
920 1786 1016 1823 nobis
1029 1787 1196 1836 affidgear,
1210 1787 1506 1839 prinio'quotuplex

119 1833 156 1869 fit
166 1834 384 1877 elementum,
402 1834 520 1870 deinde
540 1846 655 1870 utrum·
667 1834 829 1871 elementa
851 1840 988 1872 omnino
1003 1836 1062 1873 sint
1081 1840 1264 1885 incorrupta
1276 1867 1285 1880 ‚
1307 1849 1367 1872 nec
1388 1841 1419 1874 in
1442 1840 1506 1876 sele·

118 1885 263 1918 invicem
287 1893 471 1918 commeare
486 1882 601 1933 poffint
611 1913 620 1928 ,
649 1886 876 1934 expendemus
905 1887 989 1922 Cum
1005 1897 1115 1921 autem
1130 1884 1276 1934 plerique
1288 1899 1325 1921 ex
1338 1893 1502 1925 recentio-

120 1931 206 1966 ribus
222 1944 322 1967 unum
338 1960 348 1975 ‚
370 1932 426 1967 alii
443 1933 536 1981 plura
554 1932 718 1969 elementa
734 1934 916 1971 induxerint
938 1950 947 1973 :
973 1947 1009 1970 ut
1021 1947 1113 1970 certo
1133 1936 1247 1971 ordine
1267 1937 1477 1984 procedamus
1492 1969 1501 1983 2

121 1980 248 2028 singulae
265 1980 552 2018 eorum-sententiae
570 1981 714 2019 breviter
729 1983 798 2020 sunt
819 1985 1076 2036 perstringendae,
1093 1987 1141 2021 Sit
1150 1986 1253 2034 igitur-

660 2084 776 2119 Prima
793 2083 964 2129 Conclufio„
981 2110 988 2115 .

159 2178 240 2214 Non
255 2189 373 2221 unum,
393 2176 444 2211 sed
460 2177 628 2226 multiplex
650 2180 697 2214 est
712 2179 924 2219 elementum.
944 2208 947 2211 -

163 2227 247 2261 Haec
265 2225 423 2262 conclusio
437 2227 480 2262 est
489 2238 600 2262 contra
607 2228 760 2275 quosdam
773 2231 975 2279 Chymicos,
993 2234 1050 2280 qui
1066 2231 1249 2268 'obsoletam
1262 2233 1409 2268 Thaletis
1430 2238 1500 2283 opi-

123 2276 257 2312 nionem
268 2286 482 2320 renovantes,
507 2289 624 2324 aquam
641 2275 702 2312 esse
719 2281 868 2315 omnium
888 2293 1060 2330 corporum
1079 2283 1294 2330 principium3
1323 2287 1356 2318 δε
1372 2285 1405 2317 in
1426 2296 1497 2318 eain

126 2326 240 2360 cunsta
254 2324 369 2359 resolvi
379 2326 592 2373 pertendunt:
607 2338 704 2373 quam
717 2328 828 2373 utique
845 2332 1035 2378 opinionem
1054 2330 1164 2365 falsam
1183 2330 1255 2374 eise,

156 2372 252 2410 Pr'ob.
272 2374 374 2420 Quod
388 2373 526 2412 fi-unum
539 2375 693 2413 duntaxat
711 2373 787 2411 effet
805 2377 1007 2421 elementum
1017 2405 1027 2423 ,
1046 2378 1136 2415 nulla·
1148 2381 1282 2424 minio,
1299 2381 1388 2416 nulla
1405 2381 1505 2417 fieret-

1268 2432 1296 2464 G
1323 2433 1342 2474 ij
