1878 2724
377 120 426 195 ἐν)
450 153 563 203 Negat
572 164 644 188 eum
656 148 749 187 visua
759 147 977 198 adstringente
988 148 1099 186 febres
1113 149 1226 198 fugare
1234 172 1246 189 ,
1267 145 1342 181 cum
1351 145 1479 182 nullum
1490 155 1531 182 ex
1543 146 1753 196 adstringens

353 186 439 240 tibus
457 215 496 237 ea
514 205 545 237 vi
562 202 675 236 donari
694 197 883 234 observarit.
1569 227 1572 230 Α

384 259 425 297 5⁰.
448 254 498 288 Ut
508 255 575 298 jam
593 251 777 292 innuimus,
793 260 870 283 eum
888 249 1042 283 corticem
1065 247 1163 306 Paulo
1179 255 1255 283 ante
1266 243 1494 294 paroxysmum
1515 257 1582 280 non
1604 243 1743 280 exhibet

351 300 441 349 quod
455 303 481 335 is
497 299 604 333 obstet
620 299 797 346 quominus
817 299 950 332 materia
969 297 1096 333 febrilis
1123 309 1180 346 pet
1198 290 1432 331 intermiffionis
1446 304 1575 342 tempus
1596 293 1744 341 congesta

351 347 501 384 consueta
526 360 647 383 naturae
665 346 824 383 methodo
845 346 1024 395 expellatur
1039 362 1047 383 ε
1063 348 1149 383 unde
1164 341 1281 382 inclusa
1296 354 1415 391 aegrum
1433 345 1468 378 in
1488 345 1564 378 vitae
1575 341 1747 377 discrimen

352 398 492 434 adducit.
508 397 738 444 Qiamobrem
751 398 857 444 primo
871 397 924 430 die
935 396 955 430 ὲ
967 395 1164 445 paroxysmo
1174 394 1358 442 pulverem,
1376 404 1432 427 aut
1440 393 1553 428 vinum
1567 420 1579 435 ,
1592 393 1647 438 qui
1658 390 1746 426 infu-

351 445 398 484 sus
416 447 460 481 est
475 476 484 490 ‚
493 448 618 495 praebet
627 476 636 491 ‚
650 457 764 494 quater
776 447 809 480 in
822 446 888 481 die.
910 446 1012 492 quue
1021 447 1141 493 repetit
1154 456 1253 479 etiam
1264 441 1397 477 devicto
1413 441 1534 477 morbo
1545 441 1616 490 post
1626 455 1645 485 7
1659 441 1724 475 dies
1736 468 1746 483 ‚

352 508 395 533 ne
406 496 539 531 morbus
558 494 765 542 recrudescat.
787 495 949 529 Recidiva
966 507 1074 530 autem
1084 494 1156 543 post
1172 507 1208 540 ¹4
1223 493 1290 527 dies
1307 490 1499 540 plerumque
1514 492 1648 535 evenit,
1659 489 1748 538 quod

352 544 479 593 sanguis
492 559 558 581 non
571 545 642 580 satis
656 543 850 579 exsaturetur
865 546 983 579 virtute
1001 544 1093 593 hujus
1105 542 1272 591 febrifugi.

378 596 480 642 Qod
493 597 580 629 enim
591 592 887 629 lucidisintervallis
900 596 1042 628 materiae
1055 594 1240 642 congestum
1254 589 1342 633 est‚id
1352 589 1544 639 plerumque
1554 588 1679 625 sudores
1693 600 1751 637 pa-

353 644 545 693 roxysmum
562 643 713 680 finientes
727 642 912 678 eliminant:
926 641 976 676 sed
990 654 1102 678 manet
1115 639 1401 677 morbiseminium
1411 651 1558 688 tempore
1571 639 1626 674 suo
1640 649 1749 674 rnatu-

353 694 492 729 randum
507 721 516 736 ,
533 692 589 728 nisi
610 693 642 728 id
663 695 803 741 perimat
819 703 930 726 cortex
948 695 1141 739 peruvianus
1153 719 1164 735 ‚
1186 691 1265 725 dum
1280 691 1465 738 fugientem
1490 687 1713 736 paroxysmum
1732 686 1755 723 ὲ

354 747 447 791 terg‘o
464 742 649 789 insequitur.
672 741 773 779 Unde
787 753 823 776 ut
843 752 910 776 tuta
923 739 959 775 sit
977 742 1156 776 medicatio
1175 768 1186 784 ,
1205 739 1305 788 longo
1324 738 1396 787 post
1415 739 1580 773 devictum
1601 735 1753 772 morbum

355 801 505 840 tempore
520 792 609 827 idem
622 791 802 826 remedium
813 790 997 825 iterandum
1006 801 1107 839 putat.
1122 790 1225 837 quue
1236 790 1380 824 maxime
1389 786 1411 822 fi
1422 786 1546 836 sanguis
1558 786 1578 822 ἐι
1600 785 1756 835 praegres.·

355 839 392 875 sis
403 840 669 875 evacuationibus
681 840 784 874 fuerit
796 838 984 874 debilitatus
997 868 1006 882 ,
1017 851 1073 873 aut
1094 851 1178 886 aeger
1187 840 1342 873 incautius
1352 835 1382 872 se
1394 838 1462 871 aeri
1475 836 1593 885 frigido
1603 833 1758 884 exposue-

357 891 409 926 rit.
426 893 529 924 Vetat
542 901 652 923 autem
663 901 704 923 eo
718 899 866 934 tempore
877 887 1095 922 cardiacorum
1103 886 1192 921 usum
1207 914 1217 928 ,
1238 891 1272 922 &
1284 897 1418 920 omnem
1429 883 1606 920 catharfim.

405 937 592 974 Infantibus
611 938 688 972 duas
699 936 825 971 veltres
836 934 1004 969 drachmas
1018 937 1051 970 in
1063 937 1131 970 vini
1152 934 1272 969 Gallici
1285 933 1366 968 libra
1383 945 1446 968 una
1464 933 1562 980 usque
1578 933 1620 967 ad
1637 943 1757 980 quattae

359 990 458 1037 partis
469 986 750 1034 consumptionem
765 985 935 1030 excoquit,
949 983 1192 1030 percolativini
1205 995 1305 1016 unum
1325 981 1380 1016 vel
1391 981 1526 1016 alterum
1540 981 1686 1017 cocleare
1706 980 1757 1016 bis

359 1049 414 1072 aut
430 1048 479 1071 ter
489 1046 689 1083 unoquoque
701 1034 754 1068 die
766 1031 913 1068 exhibet.
931 1032 1020 1066 Cum
1039 1043 1196 1079 quartana
1212 1029 1318 1078 saepius
1338 1032 1492 1073 recurrit,
1514 1030 1604 1077 quod
1628 1042 1758 1078 perraro

360 1086 499 1129 accidit,
515 1096 586 1120 tum
598 1095 694 1132 negat
708 1082 784 1118 huic
794 1080 954 1116 methodo
964 1082 1157 1128 pertinacius
1176 1078 1397 1122 insistendum,
1412 1077 1465 1113 sed
1482 1079 1655 1115 decoctum
1669 1090 1759 1115 ama·

361 1147 432 1172 rum
444 1134 634 1170 tentandum
652 1133 816 1167 admonet.
837 1129 1018 1174 Qodnam
1029 1141 1109 1164 vero
1125 1129 1203 1164 illud
1216 1127 1252 1164 sit
1267 1141 1332 1163 non
1350 1126 1499 1175 explicat.

397 1185 433 1220 Id
445 1196 555 1219 tamen
565 1195 604 1217 ex
617 1182 771 1217 centaurii
785 1180 932 1223 minoris,
941 1179 1049 1213 cardui
1062 1178 1239 1222 benedicti,
1249 1176 1440 1213 camomillae
1455 1175 1590 1213 floribus
1608 1189 1664 1213 aut
1674 1177 1759 1214 sum-

363 1232 530 1270 rffltatibus
541 1237 574 1269 &
584 1232 691 1267 radice
699 1231 858 1281 gentianae
869 1227 930 1265 effe
941 1227 1154 1278 compositum
1164 1231 1271 1278 paucis
1281 1226 1401 1264 abhinc
1411 1225 1523 1262 diebus
1538 1238 1577 1262 ex
1590 1229 1670 1264 Viro
1681 1227 1759 1264 Cla·

363 1281 422 1319 tiff.
441 1285 631 1331 accepimus.

400 1335 512 1380 Negat
524 1331 689 1381 postremo
707 1332 830 1366 Auctor
844 1329 966 1380 Anglus
980 1329 1152 1366 arcendum
1163 1327 1224 1364 esse
1235 1339 1353 1377 aegrum
1364 1326 1384 1363 ὲ
1396 1325 1472 1362 cibo
1482 1331 1516 1363 &
1528 1336 1622 1374 potu3
1636 1325 1761 1363 fructus

363 1384 509 1419 horarios
522 1387 553 1418 δε
563 1381 698 1429 frigidos
709 1379 851 1427 liquores
862 1378 1020 1428 prohibet
1034 1392 1043 1414 2
1062 1377 1207 1414 carnibus
1222 1377 1415 1413 vescendum
1427 1406 1436 1420 ,
1457 1387 1525 1424 quae
1538 1374 1596 1411 fint
1605 1377 1700 1411 coctu
1709 1376 1762 1412 fa-

364 1432 441 1467 ciles
457 1461 466 1475 ‚
479 1433 556 1466 vino
571 1430 745 1466 utendum:
765 1430 924 1472 vitandae‚
942 1430 1070 1476 inquit,
1088 1426 1159 1464 sunt
1181 1429 1431 1470 evacuationes‚
1445 1438 1516 1473 quae
1530 1427 1563 1459 in
1580 1424 1688 1459 morbi
1704 1423 1762 1460 dis-

365 1484 487 1516 crimen
497 1480 669 1514 adducunt.
684 1481 754 1526 Qi
763 1490 872 1514 autem
884 1478 971 1513 aliud
983 1488 1099 1526 praetet
1109 1478 1264 1512 idoneum
1275 1475 1462 1511 vehiculum
1476 1475 1585 1508 cortici
1599 1475 1766 1522 adiiciunt,

365 1533 386 1565 ii
401 1560 410 1573 ‚
430 1531 553 1578 iuquit,
569 1540 626 1563 aut
641 1541 682 1564 ex
695 1530 1024 1577 ignorantiapeccant
1039 1556 1049 1570 ‚
1066 1538 1122 1561 aut
1143 1525 1223 1561 dolo
1240 1525 1336 1560 malo.
1364 1526 1443 1559 Hoc
1469 1534 1695 1572 argumentum
1722 1523 1764 1558 de

365 1579 419 1615 usu
437 1580 564 1615 corticis
578 1579 764 1620 Pcruviani‚
781 1576 924 1626 eleganti
933 1575 1019 1611 libro
1029 1587 1104 1611 ante
1113 1575 1238 1623 aliquot
1247 1586 1348 1610 annos
1359 1573 1568 1623 pertractavit
1576 1574 1636 1608 Vir
1645 1569 1767 1607 Claris-

367 1627 472 1664 fimus.
490 1628 578 1663 Cum
595 1638 702 1662 autem
724 1629 874 1662 omnium
890 1637 976 1675 pene
996 1624 1195 1659 eruditorum
1214 1623 1363 1659 manibus
1385 1633 1527 1664 teratur,
1544 1621 1659 1656 frustra
1671 1633 1710 1657 ex
1723 1632 1766 1656 eo

367 1691 440 1725 quae
452 1675 602 1712 omnibus
614 1688 691 1711 nota
709 1674 779 1710 sunt
790 1705 800 1719 ,
817 1675 1034 1723 excerperem.
1048 1673 1130 1708 lllud
1142 1685 1255 1721 praetet
1269 1684 1384 1707 caetera
1398 1671 1486 1707 fafitu
1500 1672 1662 1719 optimum
1673 1681 1770 1719 puto,

369 1727 390 1763 fi
401 1730 425 1762 is
435 1738 546 1761 cortex
559 1725 665 1760 musto
682 1738 755 1760 cum
779 1724 1017 1768 fermentescit,
1037 1723 1226 1758 infundatur
1240 1736 1248 1758 ε
1265 1722 1297 1756 id
1314 1724 1404 1757 enim
1425 1722 1459 1754 vi
1477 1721 1606 1755 corticis
1627 1721 1770 1754 maxime

368 1776 539 1812 imbuitun
551 1778 594 1811 Ex
603 1788 671 1822 quo
684 1774 748 1809 haec
760 1775 921 1809 edidimus
932 1803 942 1817 ,
955 1785 1109 1808 arcanum
1132 1772 1209 1807 illud
1228 1771 1355 1806 Medici
1373 1769 1471 1819 Angli
1493 1769 1659 1817 vulgatum
1675 1768 1738 1804 fuit
1758 1781 1770 1804 ε

370 1824 424 1861 sed
442 1828 474 1860 in
488 1823 639 1860 omnibus
655 1837 722 1858 non
741 1823 890 1859 succedit.
914 1824 1059 1858 Cotticis
1072 1823 1243 1856 Peruviani
1262 1823 1296 1855 in
1311 1832 1444 1854 tenuem
1464 1818 1634 1866 pulverem
1651 1813 1770 1852 concifi

369 1876 494 1919 uncia,5
506 1884 560 1907 aut
572 1879 593 1907 6
606 1872 693 1907 libris
704 1874 770 1906 vini
780 1870 878 1905 affiila
889 1884 944 1919 per
955 1871 1035 1904 duos
1046 1881 1101 1903 aut
1116 1881 1179 1904 tres
1191 1870 1257 1902 dies
1268 1867 1449 1903 lenicalote
1463 1868 1665 1916 digeritur‚&
1676 1866 1770 1901 iden-

371 1923 474 1958 tidem
489 1921 601 1969 lagena
611 1923 756 1968 agitatur.
774 1922 897 1955 Vinum
908 1917 1091 1966 percolatur
1103 1946 1112 1961 ‚
1128 1918 1210 1954 &ad
1221 1916 1310 1951 usum
1328 1915 1502 1951 adhibetur
1513 1945 1523 1959 ‚
1551 1927 1592 1949 eo
1607 1927 1674 1961 quo
1688 1915 1771 1950 dixi-

372 1983 442 2008 mus
456 1971 563 2006 mo'do.
587 1968 697 2005 Potest
710 1971 824 2003 iterum
836 1968 922 2002 idem
935 1967 1038 2016 pulvis
1052 1968 1175 2001 recenti
1195 1968 1273 2000 vino
1289 1967 1439 2014 imponi,
1466 1964 1519 1999 scd
1539 1964 1683 1998 dimidiae
1699 1975 1774 2000 tan-

370 2020 542 2056 tummodo
557 2021 624 2054 vini
636 2017 701 2053 dofi
713 2013 771 2062 ,‘ut
783 2016 885 2051 tribus
898 2016 998 2051 libris.
1015 2017 1050 2050 Id
1067 2028 1155 2051 enim
1167 2018 1339 2051 tincturam
1357 2015 1496 2063 pulveris
1512 2019 1546 2050 δε
1558 2012 1705 2061 saporem
1715 2013 1774 2047 de-

371 2071 475 2118 cerpit
491 2097 499 2111 ,
516 2074 547 2105 &
560 2081 635 2103 cum
654 2066 837 2115 paroxysmi
849 2065 1007 2101 desierunt
1019 2094 1028 2108 ,
1045 2065 1168 2100 utiliter
1179 2065 1362 2100 adhibetur.
1386 2062 1515 2099 Licebit
1538 2065 1638 2097 etiam
1655 2062 1775 2110 pulve-

372 2132 440 2154 rem
454 2130 525 2153 cum
539 2119 617 2152 vino
628 2115 761 2151 miscere
773 2145 781 2159 ,
794 2122 827 2152 &
841 2116 989 2160 lagenam
1006 2117 1068 2149 rite
1083 2114 1243 2149 occlusam
1262 2127 1352 2158 aqua:
1371 2113 1515 2149 ferventi
1532 2114 1700 2159 imponere
1713 2141 1722 2155 ‚
1736 2121 1773 2146 ue

372 2171 486 2203 vinum
499 2169 582 2201 intra
591 2169 680 2201 unius
692 2165 779 2200 horae
792 2162 925 2213 spatium
936 2164 1080 2198 ebulliat.
1102 2166 1154 2198 Sic
1167 2167 1255 2198 enirn
1264 2162 1360 2198 citius
1369 2174 1498 2210 paratur
1508 2190 1518 2202 ,
1535 2172 1594 2195 nec
1609 2162 1714 2195 minus
1725 2171 1773 2194 tu-

373 2229 420 2253 to.
431 2218 536 2263 quue
552 2215 732 2264 optandum
750 2214 792 2248 est
804 2227 837 2248 ut
849 2214 932 2248 aliud
945 2212 1084 2261 ejusdcm
1095 2215 1222 2247 virtutis
1238 2213 1417 2247 remedium
1429 2240 1438 2254 ‚
1459 2211 1547 2257 quod
1563 2209 1672 2244 saltem
1691 2221 1772 2256 pau-

372 2265 502 2314 peribus
513 2265 592 2300 utile
603 2264 664 2299 effe
680 2262 776 2312 poffit
788 2293 797 2307 ‚
816 2265 1010 2299 inveniatur.
1037 2266 1089 2299 De
1103 2276 1168 2310 quo
1183 2263 1319 2310 quidem
1340 2275 1407 2296 non
1429 2259 1661 2308 desperandum
1683 2269 1770 2305 puto.

362 2317 444 2366 Jam
456 2314 510 2351 diu
520 2315 562 2353 est
573 2314 664 2364 quod
678 2314 698 2350 a
716 2315 789 2352 viris
802 2312 866 2352 fide
877 2313 984 2364 dignis
1002 2315 1185 2362 accepimus
1197 2340 1208 2359 ‚
1223 2311 1289 2349 alni
1309 2312 1466 2347 corticem
1489 2307 1647 2345 radicibus
1662 2308 1775 2356 proxi,
