1878 2724
613 139 684 180 DE
720 140 1062 179 POSSILIBUS.
1399 151 1447 183 ‘2

111 186 198 241 Rssst).
207 190 279 228 Nos
297 191 430 226 minime
440 189 575 226 inficiari
587 220 595 234 ,
609 195 687 239 quin
697 192 856 240 explicatu
870 190 905 227 sit
919 189 1059 226 difficilis
1069 188 1184 225 modus
1194 189 1248 226 ille
1260 203 1325 240 quo
1341 159 1466 231 ferrqnnz

76 243 108 277 in
121 251 305 289 magnetem
315 240 480 276 ruitzillud
501 252 608 276 tamen
627 242 732 289 liquet
745 241 824 276 nihil
841 239 891 276 hic
914 252 1080 274 occurrere
1094 251 1209 288 praeter
1227 254 1354 277 motum
1376 242 1465 277 loca,

77 289 163 332 lem,
177 291 233 337 qui
246 287 310 323 sola
331 287 367 323 fit
377 289 561 337 impulsione
574 318 583 333 ‚
600 302 636 325 ut
650 288 718 324 fuse
735 291 945 326 ostendimus.
966 293 1046 326 Eum
1065 288 1145 323 vero
1164 288 1224 324 else
1242 291 1412 338 impulsum
1433 294 1465 328 in

76 349 261 386 magnetem
274 365 283 378 ‚
302 350 340 372 ex
358 338 420 373 hoc
438 341 536 373 etiam
559 338 713 388 colligere
727 337 885 386 possumus
904 351 941 372 ex
969 341 1136 373 erimcnto.
1171 339 1271 384 Qiod
1287 339 1308 374 li
1328 340 1462 376 duorum

75 398 263 435 magnetum
278 386 370 433 polos
386 400 450 422 non
465 387 839 435 cognomineslimaturae
853 351 1001 434 chalybis
1020 389 1192 435 immergas
1210 415 1220 431 ,
1241 400 1306 422 tum
1328 388 1464 424 infinitae

61 468 63 470 .
75 435 169 471 velut
183 434 308 469 aciculae
324 436 465 485 disicetae
477 434 716 484 uniuscnjusque
729 438 887 484 magnetis
899 435 977 483 polo
993 434 1226 483 insistent-lam
1237 438 1375 472 admove
1388 452 1464 486 pro-

96 482 144 518 ius
161 483 238 517 duos
250 493 415 532 magnetes
429 513 438 528 ,
458 496 524 519 tum
536 484 598 518 illae
612 483 742 519 aciculae
756 484 993 518 contrahentur.
1010 487 1052 519 At
1063 483 1082 518 fi
1094 487 1304 533 cognomines
1318 486 1409 533 polos
1425 488 1463 522 si-

74 496 107 567 fii
118 533 258 568 invicem
270 533 447 569 admoveas
459 562 468 577 ,
485 545 552 567 tum
562 545 674 568 omnes
687 533 814 567 aciculae
831 532 919 566 velut
928 531 1051 581 segetes
1071 533 1171 567 flante
1191 545 1293 569 vento
1307 534 1462 583 depressas

72 580 211 617 videbis,
227 581 328 626 Qiod
340 593 426 616 certe
441 581 629 630 impulsione
643 583 782 630 quadam
799 580 971 629 perficitur.
985 584 1063 617 Non
1073 581 1210 616 diffiniili
1223 586 1347 617 ratione
1364 584 1383 619 fi
1396 597 1464 620 ma-

72 641 152 678 gnes
165 629 281 664 chattae
296 658 305 671 ‚
320 632 354 665 in
369 642 466 677 quam
481 629 577 666 effiisa
597 631 640 664 est
661 632 808 665 limatura
819 629 967 678 chalybis
977 659 986 673 ‚
996 630 1154 678 subjectus
1166 630 1273 666 sensim
1286 633 1463 668 admovea-

73 687 124 713 tur
136 706 146 721 ‚
169 677 321 713 limaturae
339 679 474 714 aciculas
492 690 604 714 omnes
625 681 656 714 in
669 679 805 714 eandem
821 690 946 726 partem
963 680 1123 727 deprimet
1143 697 1150 721 ς
1170 685 1203 716 &
1225 683 1256 716 in
1268 685 1463 717 contrariam

72 726 434 776 parteriiinfleQentur,
460 727 515 762 ubi
529 738 660 776 magnes
672 726 820 776 opposito
841 739 933 762 motu
950 727 1079 762 feretur.
1103 731 1189 774 Qae
1206 727 1278 764 sane
1304 732 1381 765 citra
1406 744 1464 767 ve-

72 787 141 810 ram
159 775 381 824 impulsionem
393 779 450 812 vix
464 776 601 824 intelligi
613 776 748 825 poffiint.
767 777 973 824 rounque
986 777 1086 811 modo
1096 789 1139 811 ‘ea
1152 776 1363 826 fiatimpulfio
1383 795 1390 815 :
1409 780 1462 817 seu

48 824 49 827 ’
71 836 179 860 motus
192 825 323 871 quidam
340 825 395 859 ille
405 828 549 874 magneti
563 825 633 860 insit
643 855 652 869 ‚
664 825 716 860 seu
728 826 748 860 a
767 825 852 860 ferro
865 826 1365 874 determinetur,utdegravitate
1376 842 1462 866 non·-

71 873 151 909 nulli
161 873 231 908 satis
242 873 458 921 probabiliter
472 874 631 917 sentiunt3
644 874 696 908 seu
714 876 903 922 magnetica:
917 874 1003 908 illius
1014 873 1190 909 substantiae
1203 875 1293 910 velut
1310 889 1462 913 concate.

71 933 146 957 nata
159 921 254 957 series
265 951 274 965 ‚
287 921 344 956 ubi
355 922 477 958 ferrum
491 925 674 971 penetravit
685 951 695 966 ,
708 923 748 957 ad
763 934 951 970 magnetem
962 952 971 966 ,
992 935 1030 957 ex
1048 935 1114 970 quo
1131 923 1248 972 egresla
1270 925 1317 959 est
1332 956 1341 969 ,
1354 939 1463 962 rever.

66 971 296 1014 ,tatur,&una
306 971 410 1006 secum
424 970 542 1006 ferrum
558 971 660 1020 ipsum
678 971 818 1007 advehat
834 987 843 1014 3
864 970 915 1006 seu
935 972 1077 1018 denique
1088 1001 1098 1016 ‚
1118 985 1154 1007 ut
1169 973 1277 1021 placet
1296 976 1439 1012 Cartefio
1451 1007 1463 1023 ‚

71 1031 125 1055 aer
134 1022 192 1067 qui
207 1021 238 1055 in
248 1022 315 1068 jugi
327 1033 418 1055 motu
429 1021 547 1069 politus
560 1024 650 1056 omni
659 1032 701 1055 ex
714 1030 807 1069 'parte
820 1049 830 1063 ‚
843 1025 875 1056 ὃ(
885 1019 1083 1067 aequabiliter
1093 1024 1124 1056 in
1144 1035 1176 1057 m
1185 1034 1328 1071 :gnetem
1342 1027 1461 1074 impin.

70 1068 194 1117 gebat,
215 1068 270 1103 ubi
284 1068 327 1103 'ob
347 1072 506 1118 magnetis
523 1069 719 1117 praesentiam
733 1069 849 1103 cedere
860 1072 1001 1117 cogitur,
1016 1074 1080 1118 jam
1094 1071 1212 1105 ferrum
1225 1071 1266 1106 ab
1280 1077 1463 1109 aereinter-

68 1119 156 1166 je&o
168 1119 272 1152 minus
281 1119 438 1166 premitur
449 1146 458 1162 ‚
470 1123 602 1165 acjuxta
613 1129 731 1153 naturae
740 1117 828 1166 leges
839 1129 880 1152 eo
891 1119 992 1152 fertur
1004 1146 1013 1160 ,
1029 1117 1086 1153 ubi
1100 1121 1206 1154 minor
1216 1121 1263 1154 est*
1274 1125 1358 1156 aeris
1374 1121 1461 1171 pres-

71 1165 125 1203 sio.
141 1168 226 1202 Cum
243 1179 352 1201 antem
366 1167 505 1202 duorum
522 1179 709 1216 magnetum
723 1167 788 1215 poli
807 1169 1016 1215 cognomines
1028 1166 1084 1202 sibi
1100 1180 1212 1203 mutuo
1227 1169 1463 1216 obvertuntur,

71 1226 141 1250 tum
155 1214 284 1250 effluvia
294 1217 477 1263 magnetica
496 1215 636 1250 occlusos
648 1216 743 1250 velut
752 1227 874 1250 meatus
886 1215 989 1250 fubire
998 1229 1062 1251 non
1075 1216 1204 1264 possunt
1218 1235 1226 1260 3
1250 1231 1287 1253 ac
1300 1219 1411 1256 frustra
1428 1225 1463 1258 in

70 1276 126 1299 eos
136 1265 318 1314 impingunt
335 1277 343 1299 :
362 1263 412 1298 sen
427 1262 552 1298 fibrillae
570 1265 737 1312 rigidiores
755 1276 809 1299 aut
821 1266 980 1312 magnetis
992 1277 1047 1300 aut
1057 1265 1133 1300 ferri
1145 1264 1273 1301 obstent
1293 1285 1301 1311 ;
1320 1267 1371 1303 seu
1389 1273 1461 1317 pori

69 1312 119 1349 his
130 1313 269 1348 effluviis
281 1326 347 1347 non
360 1311 418 1347 fint
435 1314 673 1348 accommodati
687 1327 694 1348 :
710 1325 811 1361 quare
826 1325 957 1361 magnes
975 1326 1163 1363 magnetem
1178 1316 1306 1363 repellit
1316 1346 1325 1360 ,
1342 1330 1409 1353 non
1417 1321 1459 1354 ad

71 1361 102 1398 se
115 1361 290 1398 convertit.
305 1364 412 1408 Atque
423 1375 459 1396 ea
470 1362 601 1397 Cartesii
616 1361 771 1397 sententia
782 1361 821 1396 slC
832 1363 991 1410 explicata
1006 1375 1170 1410 utcunque
1193 1364 1324 1400 defendi
1341 1369 1442 1415 potest
1450 1379 1460 1412 ,·

71 1413 176 1447 donec
190 1411 303 1459 aliquis
322 1409 523 1459 probabilius
535 1412 688 1458 quiddam
704 1410 865 1446 attulerit:
886 1412 973 1458 quod
986 1410 1069 1455 sane,
1091 1424 1127 1446 ut
1141 1412 1220 1447 mihi
1236 1415 1376 1459 videtur,
1395 1417 1461 1451 cla-

71 1460 130 1496 till]
143 1463 313 1509 Hugenius
327 1459 467 1508 praestitit
482 1474 490 1496 ε
508 1459 560 1495 sed
572 1459 658 1496 suam
669 1461 710 1494 de
731 1471 880 1507 magnete
895 1460 1073 1504 theoriam,
1093 1460 1208 1505 brevi,
1222 1474 1256 1497 ut
1270 1462 1358 1511 spero
1369 1494 1378 1508 ‚
1398 1479 1459 1514 pu-

71 1508 149 1544 blici
169 1512 241 1558 juris
264 1509 373 1544 faciet.
400 1511 532 1543 Interim
556 1521 593 1543 ea
617 1522 687 1556 quae
715 1520 757 1544 ex
772 1508 838 1557 ipso
863 1509 1026 1544 attulimus
1036 1539 1045 1552 ‚
1075 1523 1208 1557 quaeque
1234 1523 1273 1546 ex
1292 1525 1460 1550 commen-

73 1560 161 1594 tariis
175 1558 529 1607 Regiae-Academiae,ut
539 1557 600 1592 alia
615 1557 825 1606 permulta,ad
838 1557 1001 1604 publicam
1015 1558 1192 1593 utilitatem
1209 1565 1242 1595 ὃ(
1259 1560 1470 1605 scientiarum=

72 1619 282 1657 augmentum
299 1607 463 1641 attulimus
480 1635 489 1650 ,
502 1619 570 1641 non
581 1608 704 1655 ingrata
713 1607 785 1641 fote
801 1605 1089 1656 confidimus‚Jam
1105 1606 1237 1643 difficile
1251 1623 1317 1645 non
1339 1613 1401 1646 erit
1420 1615 1458 1648 iis

71 1669 145 1705 quae
157 1667 269 1691 contra
278 1655 375 1689 allata
392 1656 462 1691 sunt
476 1654 680 1703 respondere.
703 1680 706 1681 ν

116 1703 227 1741 Primo
238 1707 324 1739 enirn
343 1718 408 1740 non
423 1707 552 1753 proprie
564 1716 617 1738 aer
630 1704 770 1753 expulsus
779 1704 801 1741 ὲ
814 1716 903 1754 tergo
914 1705 1058 1750 ferrum,
1080 1716 1137 1740 aut
1153 1718 1340 1756 magnetem
1355 1723 1458 1760 urget:

72 1752 125 1789 sed
135 1766 208 1789 cum
224 1753 386 1800 inaequalis
407 1752 443 1788 fit
461 1751 651 1801 compreffio
670 1756 750 1788 aeris
767 1783 777 1797 ,
808 1767 849 1788 eo
871 1766 1022 1789 movetur
1040 1754 1160 1790 ferrum
1180 1785 1189 1798 ‚
1217 1769 1283 1804 quo
1297 1760 1403 1794 minor
1415 1763 1460 1796 est

72 1801 207 1852 pressio,
227 1814 262 1837 ut
274 1803 315 1836 de
327 1814 408 1849 aqua
427 1805 460 1838 in
484 1802 589 1837 antliis
607 1801 659 1836 suo
678 1801 752 1837 loco
771 1804 918 1839 diximus.
953 1802 1104 1839 Secundo
1126 1803 1264 1841 effluxus
1285 1820 1335 1842 ma
1362 1811 1459 1844 netici

71 1865 146 1888 cum
161 1851 401 1899 porosidoneos
412 1850 597 1894 offendant,
615 1850 695 1886 nihil
714 1853 757 1886 est
767 1851 865 1886 causae
879 1865 934 1886 cur
957 1852 1079 1887 ferrum
1098 1855 1289 1901 protrudant
1304 1884 1314 1899 ,
1332 1821 1383 1891 fied
1398 1871 1459 1906 po-

74 1903 133 1936 tius
147 1900 223 1935 illud
242 1899 345 1935 secum
356 1901 523 1936 adducent.
546 1899 663 1935 Tertio
676 1929 685 1944 ‚
707 1914 772 1935 non
790 1903 908 1936 mirum
927 1902 970 1935 est
985 1900 1005 1935 si
1023 1901 1145 1937 ferrum
1165 1915 1264 1938 vento
1280 1933 1290 1947 ,
1314 1918 1369 1941 aut
1383 1906 1460 1943 flatu

74 1950 236 1984 dimoveri
249 1948 322 1983 loco
330 1962 395 1983 non
405 1947 522 1996 poffit:
542 1962 616 1984 cum
629 1948 750 1997 ubique
764 1952 845 1984 aeris
859 1979 868 1993 ,
887 1949 938 1985 seu
953 1950 1167 1998 atmosphaerae
1183 1952 1306 2000 pondus
1324 1953 1434 1991 obstet
1449 1971 1458 1992 ς

72 1997 126 2032 sed
150 1998 284 2045 disjesto
307 2009 381 2031 aere
413 1999 605 2044 intercepto¹
629 1999 712 2033 inter
737 2010 904 2047 magnetes
930 2028 941 2042 ,
978 2005 1044 2046 jam
1066 1999 1191 2035 tollitur
1214 2002 1432 2048 aequilibrium
1447 2035 1458 2050 ,

74 2051 109 2084 &
123 2046 241 2081 ferrum
255 2046 274 2081 ἐι
288 2057 378 2093 tergo
390 2045 526 2092 pellitur.
538 2048 719 2095 Qomodo
734 2059 842 2082 autem
852 2050 1023 2097 magnerici
1038 2046 1170 2083 effluxus
1185 2050 1363 2099 interpositi
1374 2052 1460 2090 hunc

74 2107 199 2130 motum
218 2108 285 2130 non
303 2096 501 2142 impediant,
523 2094 576 2130 sed
602 2097 707 2143 potius
728 2096 902 2144 adjuvent,
927 2101 993 2146 Jam
1029 2098 1208 2133 identidem
1239 2100 1457 2147 exposuimus.

74 2144 137 2179 sed
148 2156 202 2178 cur
214 2173 222 2185 ‚
244 2145 369 2190 inquies
381 2172 390 2186 ‚
407 2155 463 2178 aut
473 2143 591 2179 ferrum
603 2173 612 2186 ,
624 2155 677 2178 aut
691 2157 804 2191 corpus
816 2145 1020 2182 leviusculum
1032 2176 1041 2190 ‚
1056 2150 1143 2192 quod
1156 2149 1187 2182 in
1204 2151 1365 2197 magnetis
1380 2151 1459 2186 ³vor-

75 2195 136 2228 tice
147 2194 302 2235 occurrit,
316 2204 375 2226 nec
390 2194 494 2226 motui
505 2192 646 2236 obsistit,
662 2195 793 2228 vorticis
812 2207 903 2230 motu
918 2209 983 2231 non
993 2195 1150 2243 abripitur
1160 2198 1192 2231 in
1211 2209 1264 2230 eas
1281 2208 1408 2244 partes,
1424 2202 1458 2236 in

57 2286 61 2288 ῃ
73 2254 151 2289 quas
162 2243 296 2275 materia
311 2243 440 2275 vorticis
453 2242 552 2277 fertur
562 2271 571 2285 ‚
590 2253 625 2276 ut
637 2255 769 2287 corpora
777 2256 867 2290 aquae
882 2247 1058 2279 innatantia
1068 2244 1205 2279 secundo
1220 2244 1352 2279 flumine
1365 2247 1459 2284 defe-

74 2302 196 2327 runtur.
212 2292 298 2324 Huic
312 2289 492 2337 objectioni
505 2304 575 2338 quae
584 2294 686 2326 menti
695 2291 800 2326 statim
813 2295 949 2327 occurrit
961 2323 969 2336 ,
986 2292 1142 2341 aptissime
1159 2292 1328 2340 respondet
1340 2296 1458 2342 Huge-

76 2340 143 2373 nius
158 2368 166 2381 ,
178 2352 244 2373 non
260 2339 325 2374 solo
336 2338 454 2374 effluxu
466 2342 652 2388 magnetico
666 2369 676 2384 ,
703 2339 753 2374 sed
766 2353 838 2375 aere
853 2354 983 2388 quoque
997 2347 1030 2379 ὅ(
1043 2341 1161 2375 :ethere
1183 2353 1219 2374 ea
1238 2354 1371 2389 corpora
1394 2335 1457 2380 cir..

76 2388 217 2424 cumdari
228 2417 239 2434 ‚
255 2388 275 2424 ἑ),
287 2388 405 2437 quibus
418 2392 451 2426 in
464 2389 523 2425 suis
540 2401 681 2438 quaeque
695 2388 772 2425 locis
794 2392 986 2428 retinentur.
1011 2392 1092 2430 Non
1104 2391 1193 2427 enim
1205 2388 1373 2475 effllrluilium
1387 2407 1457 2431 nia.-

1211 2441 1246 2476 n
1334 2442 1354 2488 ·1·
