1878 2724
280 135 342 174 <3536
773 133 801 175 P
824 135 860 176 Η
879 137 911 176 Y
934 138 955 176 S
975 138 991 175 ἵ
1009 134 1040 175 C
1061 136 1102 176 ὦ

279 189 313 222 in
329 186 499 223 elementis
510 215 519 229 ,
535 196 592 222 aut
606 184 640 221 in
660 184 730 221 aliis
745 189 936 238 corporibus
950 189 1126 225 delitescat.
1158 185 1258 237 Qod
1282 187 1359 225 cuni
1379 186 1434 224 vix
1453 188 1608 226 credibile
1623 189 1663 227 [ἴτ’
1675 201 1693 238 3«

280 236 383 271 multo
396 235 595 284 probabilius
609 236 735 271 videtur
753 252 886 275 omnem
903 254 986 289 pene
1002 242 1254 290 generationem
1269 238 1331 275 effe
1344 241 1538 284 univocam,
1559 246 1593 278 δε
1616 244 1689 280 ani..

277 296 402 320 mantes
415 284 458 319 ab
472 285 541 320 <iliis
557 286 703 335 ejusdem
718 302 854 324 ommi-«o
868 293 996 339 generis
1010 291 1180 339 procreari.

314 335 390 368 Hoc
400 336 499 369 eti-im
510 335 620 370 multis,
640 340 872 385 experimentis
884 341 971 374 idem
985 341 1108 376 AuCtor
1122 337 1284 375 conficere
1299 338 1436 374 videtur.
1446 337 1537 380 Cum
1546 336 1624 375 vafis
1634 341 1684 374 via

279 384 353 417 treis
365 384 427 418 rite
445 383 575 419 occlusis
592 398 721 421 carnem
735 391 1005 438 corrumpendam
1021 387 1234 432 conclamet,
1251 401 1292 424 ne
1304 391 1423 423 vermis
1434 390 1570 437 quidem
1584 401 1626 424 ex
1643 401 1684 424 ea

274 432 459 481 putrefac‘ta
474 434 556 468 visus
571 435 615 469 est
636 449 801 486 emergere
819 452 828 474 .-
844 452 984 487 cumque
1004 439 1083 475 velo
1099 439 1324 487 Neapolitano
1354 451 1410 473 vas
1442 441 1475 474 in
1495 451 1562 486 quo
1583 437 1684 486 posita

274 493 345 516 erat
359 494 434 516 caro
443 512 453 526 ‚
466 483 506 518 sic
520 483 700 520 obduxisset
714 516 723 529 ,
737 499 772 522 ut
781 500 836 522 aer
850 490 983 536 quidem
996 488 1113 532 subire,
1124 488 1234 523 muscae
1245 500 1325 523 vero
1333 500 1390 523 aur
1400 488 1567 524 vermiculi
1576 490 1683 536 ingre-

274 531 307 564 di
316 545 383 566 non
396 532 530 580 pnlsent,
541 547 578 568 ex
589 547 682 569 carne
694 547 843 586 corrupta
857 538 963 573 nullus
976 541 1097 573 vermis
1114 539 1245 587 prodire
1260 536 1344 575 visus
1362 538 1426 574 est?
1439 536 1560 574 tametfi
1571 536 1685 574 muscae

243 581 246 584 ”
274 592 420 625 vermes,
438 594 494 618 aut
507 597 570 618 ova
586 585 617 619 in
636 584 712 619 velo
735 586 803 634 ipso
822 587 1026 636 reliquerint.
1597 618 1602 622 ·

306 632 422 678 Iraque
438 632 517 668 illud
532 635 636 668 minus
659 647 770 670 verum
784 648 896 684 putat,
913 639 1003 686 quod
1018 636 1284 687 vulgoereditum
1297 637 1343 672 est
1357 666 1367 680 ‚
1391 641 1427 675 &
1447 636 1589 685 exempli
1607 636 1682 674 loco

271 678 380 714 afferri
401 679 482 717 solet
496 712 505 725 ,
529 695 606 731 apes
626 695 667 719 ex
683 686 873 732 putrefaffis
887 690 966 722 tauri
981 689 1129 722 carnibus
1146 687 1240 724 nasci.
1259 690 1314 724 Ne
1331 687 1385 721 illa
1398 687 1532 734 quidem
1544 699 1620 721 vera
1634 686 1706 725 esa-‘f

270 727 302 762 se
319 733 478 779 comperit
487 761 496 775 ,
506 744 574 779 quae
586 733 628 766 de
638 733 783 770 crinibus
802 737 975 772 mulierum
991 739 1025 772 in
1035 737 1230 772 vermiculos
1241 735 1400 772 conversis
1412 766 1421 780 ‚
1435 747 1490 770 aut
1500 736 1540 770 de
1549 734 1681 785 serpen-

272 776 357 813 tibus
377 792 414 814 ex
425 781 583 816 cadavere
592 781 747 831 serpentis
757 786 996 833 prodeuntibus
1009 787 1110 822 refert
1126 785 1260 822 Doetiff.
1274 788 1441 823 Kirxerus.
1466 787 1559 834 Qin
1580 788 1681 822 etiam

269 840 368 875 negat
383 841 422 864 ex
434 831 592 866 cadavere
603 843 731 867 vermes
744 834 827 869 nasci
839 865 848 878 ,
863 835 1020 873 nistforte
1033 849 1146 871 eorum
1159 834 1280 871 semina
1295 836 1425 872 aliunde
1438 835 1632 872 accesserint.

308 880 362 912 Sic
372 878 493 914 fructus
504 885 537 916 ὃ(
549 880 657 916 herbae
667 895 794 917 vermes
811 897 983 930 procreant
992 914 1002 928 ,
1012 884 1069 919 ubi
1081 887 1146 919 aeri
1157 897 1364 933 exponuntur
1375 902 1384 928 ;
1403 897 1503 933 atque
1518 887 1550 919 in
1564 886 1678 920 eadem

268 927 468 975 quandoque
500 928 611 976 planta
629 930 721 977 plura
742 930 941 968 inseeiorum
964 946 1084 983 genera
1114 944 1294 979 cernuntur.
1317 935 1362 968 At
1379 934 1450 969 fi-in
1469 933 1680 982 vafis'plantae

267 977 313 1010 ita
326 976 447 1011 fuerint
457 977 632 1022 conclusae,
643 990 678 1013 ut
691 979 797 1015 nullus
810 984 876 1015 aeri
892 993 1002 1029 pateat
1019 983 1121 1016 aditus
1132 1011 1142 1024 ,
1167 982 1273 1017 nullos
1295 983 1412 1018 itidem
1426 995 1553 1018 vermes
1576 985 1678 1020 etiam

268 1036 341 1059 cum
354 1027 537 1073 putruerint
548 1055 557 1070 ,
570 1026 701 1064 dabunt.
718 1030 775 1065 Ne
786 1029 891 1064 caseus
912 1031 1045 1078 quidem
1061 1033 1095 1066 in
1112 1030 1184 1066 vase
1199 1032 1303 1066 vitreo
1319 1034 1381 1066 rite
1405 1031 1531 1066 occluso
1548 1044 1685 1076 vermes·

268 1074 407 1122 profert.
966 1123 970 1125 Π

302 1126 416 1171 Itaque
432 1124 508 1160 illud
524 1125 723 1174 probabilius
739 1127 1004 1171 videtur,muscas
1023 1132 1059 1166 in
1072 1127 1163 1167 caseo
1185 1144 1249 1168 ova
1263 1130 1313 1167 sua
1325 1130 1485 1167 interdum
1500 1130 1686 1179 deponeree'

267 1171 355 1208 Cum
368 1186 478 1209 autem
492 1177 625 1210 interior
636 1175 717 1211 casei
728 1177 872 1213 medulla
888 1182 1073 1225 verminat,
1091 1181 1271 1217 mustarum
1301 1193 1427 1217 vermes
1444 1193 1500 1229 per
1516 1179 1676 1218 hiscentes

266 1222 405 1258 subeunt
425 1224 555 1260 rimulas
574 1254 584 1269 ‚
609 1230 643 1263 &
663 1225 761 1262 altius
781 1228 981 1276 quandoque
1002 1242 1175 1278 penetrant
1188 1261 1198 1276 ,
1216 1231 1307 1279 quod
1330 1230 1487 1280 pabulum
1515 1228 1604 1265 suum
1626 1230 1675 1265 se-

265 1284 418 1319 quantur.
435 1274 540 1322 quue
557 1277 603 1310 ita
622 1274 692 1310 fieri
711 1275 810 1325 longe
827 1276 1025 1313 verisimilius
1045 1282 1193 1323 videtur,
1218 1281 1321 1329 quam
1348 1288 1475 1316 vermes
1501 1282 1556 1327 qui
1582 1280 1673 1315 foliis

265 1320 441 1358 herbarum
458 1328 585 1359 inerant
596 1354 607 1368 ‚
637 1327 669 1359 in
696 1325 789 1361 caseo
804 1339 960 1375 apparere
973 1358 983 1372 ‚
1006 1329 1126 1378 eosque
1143 1343 1202 1379 per
1225 1342 1274 1365 tot
1291 1342 1450 1368 venarum
1472 1329 1648 1365 mereatum
1662 1359 1673 1374 ‚

264 1376 299 1407 δε
311 1370 451 1408 aliorum
463 1373 610 1410 vasorum
627 1374 793 1424 capillares
805 1376 916 1414 dudkus
928 1376 1042 1414 illaesos
1054 1380 1181 1416 inlaete
1194 1393 1323 1420 manere
1334 1409 1345 1425 ‚
1356 1382 1405 1416 uti
1417 1378 1520 1415 visum
1531 1380 1580 1415 est
1591 1377 1674 1415 Gas-

264 1420 371 1456 sendo.

294 1470 375 1506 Illud
393 1474 492 1507 etiam
506 1474 608 1508 minus
619 1474 747 1511 videtur
758 1475 931 1524 probabile
946 1507 955 1522 ‚
973 1491 1065 1515 ranas
1077 1480 1274 1529 quandoque
1292 1478 1423 1528 pluere:
1440 1478 1495 1514 sed
1515 1478 1596 1529 saepe
1617 1488 1673 1515 ac.·

262 1521 382 1556 ciditut
403 1522 517 1557 ranulae
531 1524 566 1557 in
580 1522 665 1558 fossis
683 1554 692 1569 ‚
709 1537 766 1561 aut
782 1526 851 1561 aliis
869 1529 902 1561 in
925 1527 1004 1565 locis
1021 1534 1088 1576 jam
1106 1541 1191 1565 natae
1208 1532 1291 1566 adeo
1304 1529 1362 1565 fint
1384 1531 1540 1575 minutae,
1561 1541 1598 1566 ut
1612 1529 1671 1565 sub

261 1570 373 1605 oculos
385 1585 452 1607 non
467 1573 604 1609 cadant:
623 1585 696 1609 cum
710 1587 753 1609 eae
769 1585 901 1612 careant
909 1577 1047 1625 pedibus
1060 1609 1070 1624 ‚
1090 1585 1124 1617 &
1139 1579 1285 1629 longiore
1296 1579 1397 1614 cauda
1409 1577 1467 1614 lint
1489 1579 1673 1623 instruikae,

259 1621 357 1667 idque
369 1633 426 1669 per
440 1620 560 1656 multos
572 1623 637 1656 dies
651 1636 659 1656 ε
692 1637 800 1672 neque
814 1625 882 1661 ullo
893 1628 993 1663 modo
1010 1641 1102 1665 ranas
1116 1629 1258 1665 referant
1272 1644 1280 1666 :
1299 1627 1457 1677 paularim
1471 1627 1551 1665 vero
1570 1630 1670 1678 pedes

259 1681 398 1704 exerunt
408 1700 417 1714 ‚
427 1682 464 1705 ac
477 1671 609 1706 tandem
620 1684 743 1709 exuunt
760 1674 905 1711 caudam<
920 1678 971 1711 Sic
984 1678 1090 1713 aestate
1105 1681 1189 1713 inter
1202 1679 1335 1714 dumeta
1355 1683 1389 1715 &
1402 1677 1518 1713 herbas
1538 1676 1670 1714 delites-

260 1730 339 1753 cunt
350 1748 359 1762 ‚
378 1732 437 1754 nec
450 1719 546 1756 facile
556 1721 575 1756 a
587 1720 722 1768 pulvere
734 1722 868 1760 discerni
877 1737 1004 1773 queunt
1017 1741 1024 1762 :
1042 1727 1094 1763 sed
1107 1727 1181 1763 cum
1191 1729 1298 1764 aestate
1310 1727 1403 1776 pluit,
1416 1727 1606 1776 plerumque
1618 1730 1670 1763 vi-

261 1768 380 1804 dentur
393 1782 568 1818 emergere
580 1771 666 1806 Cum
684 1774 716 1808 in
727 1784 837 1809 earum
850 1776 1034 1812 ventriculo
1048 1776 1157 1813 cibum
1167 1807 1176 1822 ,
1190 1789 1290 1826 atque
1304 1780 1336 1813 in
1347 1775 1419 1826 ipsis
1437 1777 1591 1812 intestinis
1611 1787 1670 1813 esr-

260 1830 427 1854 crementa
441 1818 522 1868 saepe
537 1821 698 1856 invenerit
711 1824 831 1858 Auctor
841 1826 875 1861 in
893 1827 1090 1873 experiendo
1104 1826 1341 1869 solertiffimus‚
1359 1829 1486 1875 optime
1501 1825 1668 1862 concludit

261 1878 353 1902 ranas
369 1880 437 1904 turn
464 1872 622 1919 temporis
645 1883 711 1907 non
731 1872 887 1910 formari:
911 1874 1054 1910 sedscum
1068 1882 1134 1926 jam
1149 1877 1202 1911 diu
1219 1889 1295 1913 ante
1307 1887 1391 1911 natae
1410 1875 1530 1920 essent,
1547 1887 1670 1925 repen·-

263 1927 296 1950 te
316 1918 462 1961 prodires

296 1965 380 2012 Ορρ.
393 1969 430 2001 In
440 1965 598 2002 fluetibus
608 1967 846 2004 &animalibus
864 1982 992 2007 vermes
1007 1975 1083 2008 oriri
1099 1977 1154 2022 qui
1164 1975 1290 2011 ex'aliis
1304 1974 1389 2010 nasci
1403 1986 1469 2010 non
1478 1973 1671 2021 potueruntl

261 2014 350 2057 Qid
364 2017 453 2051 enim
463 2045 473 2059 ,
489 2017 641 2063 inquiunt
652 2046 661 2061 ,
671 2030 712 2052 an
723 2030 795 2064 qua:
807 2021 840 2053 in
853 2019 933 2056 casei
943 2020 1108 2071 superficie
1119 2035 1184 2059 tam
1195 2022 1363 2060 numerosa
1375 2021 1587 2071 microscopio
1596 2036 1672 2059 cer-

260 2076 378 2099 nuntur
388 2065 580 2100 animalcula
592 2095 601 2108 ,
628 2066 782 2102 omnibus
800 2065 860 2103 suis
870 2071 1013 2118 partibus
1023 2084 1101 2122 apte
1114 2074 1286 2118 instru&a‚
1306 2072 1349 2109 ab
1365 2073 1433 2108 aliis
1454 2073 1596 2122 ejusdem
1604 2086 1669 2123 ge⁴

258 2116 343 2148 neris
356 2116 515 2163 originem
526 2114 611 2151 suam
629 2116 806 2155 duxerunt?
818 2119 905 2155 Cum
916 2120 1004 2159 forte
1019 2136 1087 2159 non
1104 2123 1184 2159 alibi
1198 2124 1299 2173 quiam
1315 2126 1348 2160 in
1372 2121 1467 2158 caseo
1485 2123 1668 2159 vetustiore

260 2174 432 2199 cernantur
448 2174 458 2199 2

297 2212 385 2261 R‘JJV·
404 2212 560 2249 Dubitari
572 2229 638 2251 non
648 2214 734 2264 posse
752 2220 832 2264 quin
842 2232 879 2254 ea
889 2221 1080 2257 animalcula
1093 2221 1229 2258 subinde
1245 2224 1308 2258 alia
1316 2233 1474 2268 generent
1486 2236 1493 2258 :
1507 2234 1579 2257 curn
1593 2228 1667 2258 mass

257 2273 356 2309 gii-un
374 2262 484 2299 alvum
496 2266 657 2301 interdum
671 2278 806 2315 gerant,
827 2281 926 2317 quam
940 2270 1116 2322 probabile
1127 2272 1172 2308 est
1183 2272 1293 2308 multis
1308 2272 1386 2323 saepe
1406 2274 1482 2309 ovis
1503 2271 1563 2307 effe
1577 2284 1668 2321 prae..

257 2322 424 2358 guantem.

299 2361 365 2395 Sed
377 2363 454 2407 quid
468 2364 611 2400 dicemus
623 2366 664 2400 de
678 2366 715 2403 iis
723 2367 926 2405 animalculis
936 2383 1003 2419 quae
1014 2373 1046 2407 in
1056 2384 1138 2420 aqua
1150 2374 1203 2407 cui
1212 2374 1303 2421 piper
1313 2371 1421 2407 triduo
1434 2370 1573 2406 infnfiJm
1585 2370 1663 2416 fuit,

258 2411 455 2455 pereruditus
471 2416 529 2451 Vir
545 2417 581 2451 in
596 2417 731 2468 batavia
742 2417 947 2471 microscopii
967 2435 1031 2472 ope
1045 2421 1184 2459 detexit?
1199 2425 1297 2472 Aqua
1312 2421 1369 2459 illa
1385 2423 1418 2458 in
1439 2418 1587 2458 tubulurn
1611 2423 1664 2463 vie
