1878 2724
435 137 502 172 DE
538 134 711 170 MOTU
751 130 1034 168 SIDERUM.
1411 140 1457 173 3¹9

66 185 158 222 instar
167 182 322 233 ellipsium
336 181 545 233 oblongiores
558 181 825 218 cernuntur.Aliae
836 180 904 216 sunt
917 179 1138 227 inequalitates
1152 189 1221 224 quae
1230 187 1267 211 ex
1279 179 1455 225 motuJovis

65 238 146 270 circa
159 233 324 277 solem‚aut
341 245 380 268 ex
394 245 486 268 motu
500 232 572 268 solis
581 244 691 268 annuo
709 231 868 281 pendent.
881 228 1007 266 Verum
1023 229 1084 264 istae
1097 226 1258 276 explicatu
1279 226 1375 276 paulo
1390 225 1456 262 sunt

67 281 274 318 difficiliores.

94 331 175 367 Illud
192 331 277 368 forte
294 331 335 365 ad
351 331 534 366 institutum
545 333 686 380 pertinet
696 330 809 377 magiS‚
826 338 863 362 ur
905 337 1017 374 erpau-

64 391 103 416 ca
113 381 152 415 de
164 378 332 429 hypothesi
348 383 388 415 D.
400 382 526 415 Romer
535 381 618 414 circa
641 379 876 415 instantaneam
899 377 1017 409 uminis

67 427 419 466 diffiifionemdicamus
437 443 444 465 :
465 431 517 463 vix
532 430 618 464 enim
634 430 810 474 quicquam
826 422 1017 472 ingeniosius

48 480 172 526 -Potuit
187 479 373 526 excogitari.
385 481 435 513 Sit
451 477 507 512 Sol
527 479 559 512 in
571 477 680 511 medio
697 477 725 511 A
736 503 744 518 ,
761 473 868 508 orbita
882 483 972 506 tertae
983 474 1018 506 Η

67 529 121 561 FE
133 528 177 562 H.
206 529 278 563 Nec
298 539 395 574 porro
408 527 587 573 quidquam
611 524 742 560 interest
760 533 863 558 utrum
884 520 1016 569 systema

67 575 243 622 Copernici
253 605 263 619 ‚
275 587 330 610 aut
343 576 511 622 Tychonis
521 573 704 622 usurpemus
717 601 726 615 ‚
742 583 777 606 ut
788 569 851 619 ipse
868 570 901 604 in
916 581 1014 617 pecu-

67 623 138 658 liari
154 621 304 671 opusculo
316 623 516 658 demonstrat
537 637 544 658 :
566 635 641 657 nam
657 623 690 656 in
710 619 890 668 Copernici
907 618 1016 666 hypo-

68 671 147 707 thesi
175 683 256 706 terra
291 674 326 706 H
357 674 488 719 propius
521 671 562 705 ad
586 672 724 718 jovem·
741 668 866 703 accedit
884 695 900 713 p,
940 679 1014 702 curn

58 722 189 769 Jupiter
209 717 266 755 soli
280 719 443 768 oppositus
458 719 587 754 videtur
607 730 665 763 ·‚ut
681 720 713 753 in
729 717 896 765 Tychonis
915 714 1014 763 syste-

51 780 155 804 -mate
167 768 210 803 sol
224 767 422 818 ipseJovem
441 767 482 803 ad
496 780 554 803 nos
568 766 652 814 quasi
665 766 823 808 advehit3
841 763 893 799 sed
907 767 939 799 in
952 764 1014 812 hy-

67 815 190 865 pothefi
202 818 426 866 Copernicana
439 829 488 851 res
500 816 625 851 facilius
637 815 1012 862 intelligiturDiameter

67 864 147 901 vero
160 865 248 900 orbis
260 869 358 901 annui
377 869 401 901 E
412 867 446 901 H
468 879 571 901 zoooo
600 865 711 900 saltem
726 865 900 898 diametros
921 873 1010 896 terrae

66 914 389 963 complectitutmdeo
398 925 435 949 ut
450 926 533 949 terra
544 925 638 949 tanto
647 912 820 948 intervallo
832 910 867 946 fit
876 913 1008 960 propior

59 965 137 1012 jovi
150 965 181 998 in
195 963 395 1012 oppositione
406 966 454 1007 H,
469 963 569 1010 quam
587 965 622 998 in
639 962 866 1010 conjunffione
878 963 911 996 E.

94 1019 129 1047 2⁰
148 1013 271 1047 Primus
282 1014 378 1061 Jovis
397 1011 522 1047 satelles
541 1013 571 1047 C
587 1015 620 1046 in
633 1009 784 1045 omnibus
801 1009 892 1044 velut
913 1011 1007 1044 novi-

68 1060 160 1095 luniis
170 1089 179 1103 ,
192 1072 244 1095 aut
256 1060 442 1108 pleniluniis
460 1059 600 1108 eclipsim
615 1058 713 1094 efficit
724 1087 734 1101 ‚
752 1069 805 1093 aut
819 1060 936 1105 patitur
952 1072 959 1092 :
973 1068 1048 1091 curn
1072 1059 1158 1091 enim
1170 1059 1255 1093 inter
1270 1058 1380 1094 oculos
1398 1068 1458 1091 no-

69 1109 148 1144 stros
166 1115 199 1145 &
214 1111 333 1157 Jovem
351 1110 553 1156 intercipitur
567 1138 576 1152 ‚
592 1120 659 1142 tum
670 1118 795 1155 partem
809 1106 949 1154 aliquam
957 1106 1051 1152 Jovis
1069 1103 1216 1139 obscurat
1232 1121 1239 1143 ς
1254 1107 1306 1142 sed
1322 1105 1377 1141 ubi
1392 1117 1458 1138 um-

70 1156 163 1192 bram
179 1160 211 1192 D
222 1159 252 1193 C
267 1158 465 1206 ingreditur,
480 1168 546 1192 tum
558 1156 656 1192 oculis
674 1154 858 1191 subducitur
876 1171 886 1198 3
903 1154 957 1190 illa
975 1152 1156 1188 defeffloni
1176 1152 1249 1190 solis
1265 1183 1275 1199 ,
1297 1155 1362 1190 haec
1374 1154 1456 1189 lunae

69 1205 176 1254 eclipsi
191 1205 296 1241 similis
310 1207 363 1241 est.

53 1283 55 1285 -
105 1263 138 1298 3⁰
148 1253 167 1290 ἐι
179 1256 403 1303 conjunffione
415 1256 439 1289 E
449 1254 489 1288 ad
499 1252 739 1302 oppositionem
751 1255 785 1289 H
795 1282 804 1296 ,
830 1252 881 1287 seu
897 1251 1038 1300 quandiu
1056 1261 1140 1285 terra
1157 1248 1200 1284 sui
1214 1251 1304 1288 orbis
1317 1251 1458 1287 semicir-

68 1302 176 1338 culum
191 1307 214 1339 E
227 1306 247 1338 F
261 1305 294 1338 H
312 1304 468 1351 percurrit
478 1331 488 1346 ‚
505 1302 663 1350 eclipseon
679 1304 769 1337 initia
784 1331 794 1346 ‚
813 1300 865 1336 seu
881 1299 1097 1337 immersiones
1108 1300 1141 1333 in
1155 1301 1303 1336 umbram
1315 1301 1412 1349 jovis
1424 1300 1458 1332 in

68 1352 319 1400 Cconspicimus
334 1368 343 1394 3
357 1350 410 1386 sed
422 1349 612 1386 emerfiones
623 1353 656 1386 in
672 1353 704 1386 D
716 1352 817 1385 videri
828 1363 893 1385 non
905 1347 1031 1397 possunt
1046 1363 1054 1384 z
1074 1346 1095 1381 sl
1119 1349 1254 1395 quidem
1264 1362 1302 1385 ea
1316 1360 1386 1398 pars
1404 1359 1456 1382 or-

55 1398 148 1434 -bitae
159 1399 301 1436 satellitis
311 1429 321 1443 ,
338 1403 370 1434 in
382 1412 445 1447 qua
456 1399 492 1434 fit
502 1397 636 1434 emersio
648 1428 658 1442 ,
677 1411 762 1447 pone
775 1411 889 1446 corpus
900 1400 995 1448 Jovis
1012 1394 1180 1432 delitescit.

105 1449 192 1484 Cum
205 1460 314 1485 autem
326 1460 408 1483 terra
418 1449 566 1497 pervenit
576 1448 614 1482 ad
630 1448 787 1496 punCtum
802 1449 836 1482 H
853 1476 862 1490 ‚
877 1459 947 1482 tum
968 1458 1073 1493 neque
1088 1447 1218 1481 initium
1231 1476 1240 1490 ,
1263 1456 1370 1494 neque
1384 1443 1458 1479 finis

70 1496 224 1545 eclipseos
236 1497 430 1545 conspicitur
444 1511 452 1532 ε
468 1508 640 1543 utrumque
657 1496 772 1532 enimin
784 1495 885 1544 globo
897 1497 992 1544 Jovis
1010 1496 1128 1542 tegitur
1141 1511 1150 1537 3
1166 1507 1328 1530 extremos
1342 1495 1458 1528 dunta-

58 1548 222 1595 >:cat-Jovis
240 1549 398 1594 margines
411 1545 533 1580 satelles
550 1547 584 1580 in
594 1543 660 1591 ipso
670 1544 802 1593 ingressu
820 1549 853 1580 &
869 1547 956 1578 exitu
970 1545 1103 1591 attingit
1122 1572 1132 1586 ,
1151 1548 1185 1579 &
1198 1544 1292 1578 instar
1304 1542 1457 1577 tubercu-

57 1593 95 1628 ·li
106 1594 208 1629 limbo
227 1595 412 1630 inhaerentis
438 1604 579 1641 apparet.
601 1592 725 1628 Verum
745 1591 800 1627 ubi
811 1604 892 1627 terra
905 1591 1008 1626 versus
1031 1594 1057 1626 L
1074 1593 1177 1639 coepit
1196 1591 1367 1639 progredi,
1393 1594 1457 1638 jam

71 1641 196 1677 satelles
208 1656 275 1678 non
285 1655 322 1677 ex
333 1642 399 1691 ipso
411 1641 613 1690 limbojovis
623 1671 632 1684 ‚
654 1641 704 1676 sed
716 1645 747 1675 in
756 1640 863 1688 aliqua
874 1639 916 1674 ab
930 1653 970 1675 eo
981 1639 1130 1674 distantia
1146 1642 1233 1674 exire
1245 1638 1434 1687 conspicitur
1446 1667 1458 1682 ‚

60 1701 208 1738 *turrique
222 1690 356 1726 emersio
366 1703 407 1726 ex
426 1689 541 1725 umbra
557 1691 586 1725 C
597 1694 627 1726 D
637 1720 646 1733 ,
657 1689 790 1725 seufinis
800 1688 922 1737 eclipsis
938 1687 1208 1737 conspiciturmmi
1221 1686 1382 1722 immersio
1395 1689 1451 1720 cir.

74 1750 121 1774 tra
142 1741 171 1774 C
188 1755 195 1776 ε
212 1752 246 1774 ea
267 1743 387 1789 quippe
405 1739 484 1773 latet
495 1744 528 1775 ὃ(
539 1741 724 1788 retroJovis
735 1751 846 1785 corpus
861 1737 960 1786 posita
973 1737 1017 1772 sui
1027 1739 1154 1784 copiam
1164 1750 1231 1772 non
1248 1737 1327 1771 facit
1338 1738 1369 1770 in
1384 1746 1456 1770 toto

73 1786 271 1824 semicirculo
285 1792 319 1825 H
331 1790 395 1824 LK
406 1791 445 1830 E,
462 1787 516 1822 seu
529 1786 570 1822 ab
586 1787 889 1836 oppositionejovis
912 1787 952 1820 ad
970 1786 1052 1820 illius
1071 1798 1145 1821 cum
1161 1784 1225 1820 sole
1250 1784 1456 1832 conjunffio—

72 1849 150 1873 nem
162 1840 197 1873 in
208 1839 232 1872 E
245 1851 252 1873 :
267 1843 299 1875 ὃ(
313 1840 459 1872 maximae'
473 1836 603 1883 quidem
616 1836 687 1872 sunt
697 1836 853 1871 distantia:
870 1832 1087 1870 evanescentis
1109 1839 1143 1871 &
1160 1835 1293 1870 restituti
1313 1832 1459 1868 satellitis

75 1884 184 1932 &Jove
194 1914 204 1930 ‚
218 1899 293 1921 cum
306 1887 352 1921 est
365 1889 399 1921 in
409 1884 478 1934 ipsis
491 1885 689 1932 quadraturis
699 1915 709 1929 ‚
721 1898 794 1920 cum
804 1884 926 1920 >scilicet
943 1895 1026 1918 terra
1037 1884 1080 1918 est
1095 1885 1178 1917 circa
1197 1884 1316 1932 punita
1327 1884 1356 1917 K
1367 1887 1400 1918 &
1412 1883 1434 1914 F
1450 1896 1458 1916 :

73 1931 144 1968 finit
153 1934 240 1969 vero
247 1937 390 1970 minimae
403 1964 413 1978 ‚
431 1946 504 1968 cum
517 1944 600 1968 terra
611 1937 692 1969 circa
704 1937 820 1983 puncta
832 1935 866 1970 H
879 1939 912 1970 &
922 1935 946 1968 E
960 1943 1199 1968 commoratur:
1224 1943 1293 1967 tum
1313 1933 1399 1966 enim
1413 1929 1457 1964 sa-

75 1980 266 2029 teliesJovis
276 1982 414 2018 limbum
424 1984 611 2029 contingere
626 1984 842 2032 videtur.Jam
860 1982 923 2017 illae
938 1981 1069 2030 eclipses
1085 2010 1094 2024 ,
1109 1987 1143 2018 &
1153 1981 1356 2016 durationum
1374 1991 1457 2014 tem-

76 2040 154 2076 pota
167 2039 234 2064 tam
251 2041 397 2066 accurate
407 2031 450 2065 ab
471 2033 648 2066 exercitatis
664 2031 895 2075 observantur,
914 2043 948 2066 ut
961 2033 1013 2067 vix
1027 2030 1153 2078 aliquot
1163 2031 1292 2065 minutis
1315 2027 1456 2063 secundis

76 2081 160 2113 inter
175 2077 205 2112 se
223 2078 414 2127 discrepent.

108 2133 148 2174 4⁰
165 2127 256 2162 Hinc
268 2126 407 2174 sequitur
420 2129 529 2164 lumen
539 2141 622 2176 pene
634 2130 666 2164 in
675 2130 800 2164 instanti
808 2128 922 2163 saltem
937 2129 1130 2164 diametrum
1139 2139 1230 2163 terrae
1241 2157 1250 2170 ,
1267 2127 1330 2160 hoc
1351 2125 1396 2159 est
1410 2124 1459 2159 fe·

74 2186 113 2210 re
126 2188 207 2218 3000
221 2175 325 2210 leucas
342 2177 510 2212 decurrere
529 2177 632 2213 :adeo
646 2189 682 2212 ut
698 2177 807 2212 frustra
822 2177 971 2212 Galilaeus
987 2182 1020 2214 δε
1033 2176 1089 2211 alii
1107 2180 1210 2211 varias
1228 2175 1458 2221 excogitat-int,

76 2230 112 2261 &
121 2222 272 2260 difficiles
286 2229 424 2260 rationes
439 2256 448 2269 ‚
469 2225 750 2273 quibusexplorari
761 2225 853 2274 poffit
864 2237 1018 2272 quantum
1031 2226 1184 2271 temporis
1199 2222 1308 2256 lumen
1321 2221 1458 2256 insumat

80 2275 113 2307 in
127 2273 237 2321 aliquo
252 2285 342 2308 terrae
360 2273 460 2322 spatio
476 2275 685 2311 decurrendo.
702 2277 752 2309 Sit
766 2277 853 2309 enim
873 2286 954 2309 terra
968 2274 1070 2309 versus
1092 2275 1114 2306 F
1132 2283 1232 2318 prope
1251 2270 1456 2318 primamJo-

79 2324 127 2356 vis
138 2323 364 2368 quadraturam
376 2352 385 2364 ,
402 2330 434 2361 δε
447 2323 587 2357 satellitis
601 2325 696 2368 primi
706 2321 870 2357 immersio
888 2321 994 2357 versus
1006 2323 1035 2356 C
1051 2349 1060 2362 ‚
1088 2319 1275 2354 observetur
1294 2333 1301 2354 :
1320 2318 1386 2366 post
1399 2332 1422 2363 4
1436 2330 1452 2350 2

70 2369 167 2406 *botas
178 2379 254 2406 cum
271 2370 390 2406 semisse
403 2400 413 2415 ,
432 2375 548 2407 iterum
559 2370 706 2406 umbram
714 2373 807 2421 Jovis
822 2370 1021 2418 ingredietur
1035 2397 1045 2412 ,
1056 2380 1190 2415 tumque
1205 2378 1287 2401 terra
1298 2378 1389 2403 motu
1402 2378 1462 2409 ang
