1878 2724
389 130 457 171 4124
703 116 1139 157 PHYSICAEPARS
1177 117 1460 155 SECUNDA.
1763 160 1768 168 ι

388 179 422 210 ὃς
437 171 498 206 alia
508 171 599 218 hujiis
618 171 743 219 generis
767 168 904 216 plurima
927 166 1023 201 facile
1046 167 1086 200 ad
1107 166 1293 201 mech-nica
1310 168 1466 215 principia
1492 163 1690 202 referuntur:
1705 168 1768 201 ne'c

386 218 510 257 necesse
522 220 565 253 est
585 217 774 264 qualitatem
791 215 949 250 occultam
961 243 971 258 ‚
992 227 1062 262 quae
1081 214 1161 249 nihil
1180 214 1317 263 explicat
1330 243 1339 258 ,
1351 227 1405 250 aut
1421 214 1562 250 formam
1579 213 1768 250 substantia-

390 269 455 305 lem
473 266 651 302 obtendere
662 293 671 308 ,
688 276 757 299 non
780 267 881 312 magis
896 276 993 310 quam
1015 263 1263 312 intelligentiam
1276 264 1436 311 quandam
1452 262 1650 298 comminisci
1666 276 1674 298 :
1692 275 1771 298 cum

390 319 477 352 enim
493 312 625 350 effecius
636 324 756 348 natura:
769 314 929 360 explicare
940 312 1106 355 volumus,
1123 323 1281 359 quantum
1299 311 1368 347 fieri
1384 312 1491 360 potest
1512 340 1523 356 ,
1541 312 1710 360 quaerenda
1725 312 1771 347 est

389 362 476 400 causa
489 391 497 401 ‚
514 367 600 410 cujus
617 362 688 396 idea
701 361 785 395 clara
793 359 828 395 sit
839 389 848 406 ,
863 374 929 396 non
943 359 1108 395 obscurior
1121 359 1187 409 ipso
1198 362 1283 408 qnod
1297 363 1478 408 quaerimus.

427 414 536 459 Atque
547 412 622 445 hinc
655 422 702 444 ars
719 410 819 445 altera
830 439 839 453 ,
855 422 957 457 eaque
967 412 1124 458 praecipua
1138 408 1347 444 conclusionis
1355 409 1547 453 ostenditur,
1560 421 1625 444 non
1635 411 1769 445 trafflo„

389 474 443 505 ne,
457 461 509 496 sed
518 459 616 507 impul
631 471 705 493 ione
716 457 786 493 fieri
799 471 834 493 ut
851 458 971 493 ferrum
983 470 1015 492 in
1030 469 1217 506 magnetem
1232 470 1314 493 ruat.
1335 457 1432 494 Nulla
1443 460 1562 506 quippe
1571 458 1616 492 est
1630 460 1663 493 in
1674 458 1772 493 nobie

390 510 474 545 clara
487 538 496 553 ‚
513 514 546 545 ὃ(
566 508 714 542 distincta
731 509 934 543 atttadlzionis
960 507 1031 541 idea
1044 535 1054 551 ,
1087 505 1143 542 nisi
1162 519 1199 540 ea
1220 519 1294 541 cum
1321 505 1510 554 impulsione
1537 505 1770 554 fitconjunfika.

390 561 443 597 Ut
454 571 527 592 cum
540 568 642 604 equus
655 557 895 592 trahitcurrum
916 573 925 601 3
952 568 1086 603 quaeque
1102 558 1135 591 in
1146 555 1255 590 antliis
1268 583 1277 595 ,
1297 555 1461 604 syphone‚
1477 560 1511 592 δι
1528 555 1597 590 aliis
1616 555 1772 590 machinis

392 609 542 643 traffioni
557 605 654 654 vulgo
665 605 861 649 tribuuntur,
878 618 916 640 ex
929 617 1004 639 vera
1020 606 1101 639 aeris
1113 603 1301 652 impulsione
1321 604 1391 640 fieri
1402 633 1412 648 ,
1429 617 1495 639 non
1507 603 1680 652 probatum
1698 617 1774 640 mo-

391 658 449 698 do,
466 656 518 690 sed
531 655 781 689 demonstratum
793 654 813 690 ἐι
825 653 918 689 nobis
931 653 1000 689 fuit.
1018 654 1099 689 Uno
1112 652 1217 689 verbo
1233 665 1302 688 non
1317 653 1381 688 alia
1404 653 1490 688 forte
1504 653 1550 687 est
1571 653 1723 687 aura-{tio
1739 655 1774 689 in

393 716 505 741 natura
525 732 534 746 ,
549 702 604 738 nisi
619 703 658 737 ad
672 702 784 751 populi
799 702 917 738 sensum
931 701 1089 749 usurpata.
1110 702 1196 736 cum
1209 703 1294 737 enim
1313 713 1427 750 corpus
1444 713 1579 737 movens
1599 703 1691 749 praeit
1705 730 1715 745 ,
1739 706 1774 739 δε

393 765 508 802 corpus
523 763 647 787 motum
658 750 854 799 subsequitur
866 766 873 787 :
885 764 920 786 ut
932 764 1007 786 cum
1017 763 1129 799 corpus
1143 750 1222 786 fune
1234 750 1442 794 adducimus3
1458 762 1527 785 tum
1541 751 1691 785 attractio
1704 750 1775 786 vul-

393 815 437 851 go
451 803 637 837 nominatur
647 829 657 844 ‚
669 800 746 836 licet
759 813 801 836 ea
814 799 849 835 fit
869 813 942 836 cum
956 812 1033 835 vera
1046 798 1235 847 impulsione
1248 801 1447 846 conjuntsta..
1469 799 1582 846 Qare
1601 796 1623 832 si
1640 797 1774 835 effeetus

394 852 569 898 magnerici
588 861 644 898 per
668 849 890 898 impulsionem
913 849 1062 897 explicari
1079 846 1218 896 poffint,
1239 848 1351 883 frustra
1367 850 1557 883 recurrimus
1575 847 1615 882 ad
1631 850 1698 883 vim
1711 860 1777 883 tra-

396 901 528 935 &ricem
540 899 675 945 ,quae-in
692 909 725 932 re
735 896 843 932 saltem
860 899 932 932 vitae
956 903 989 934 ὅ(
1009 895 1112 931 sensus·
1121 908 1252 944 experte
1274 899 1400 946 concipi
1424 896 1514 932 nullo
1541 897 1641 931 modo
1654 897 1773 945 potest,

395 947 451 984 nisi
467 947 551 983 forte
560 959 600 981 eo
610 959 677 993 quo
691 947 825 980 diximus
836 947 937 981 modo
947 947 986 980 de
999 957 1091 980 motu
1106 948 1252 994 gravium
1263 958 1274 980 ·:
1292 946 1375 980 adeo
1397 956 1433 980 ut
1451 947 1645 994 principium
1666 945 1774 980 motfis
1798 955 1801 958 ’

397 996 482 1032 sitin
505 996 611 1039 ferro,
629 995 859 1030 determinatio
878 1007 955 1029 vero
972 994 994 1030 ἐι
1009 1006 1167 1042 magnete.
1190 995 1252 1029 Sed
1265 1006 1373 1029 tamen
1394 994 1488 1028 fateri
1499 995 1642 1042 cogimur
1656 993 1774 1042 impul-

398 1045 466 1080 sum
481 1045 576 1093 longe
589 1042 648 1078 effe
664 1043 834 1079 intelle-stu
851 1043 1039 1079 faci‘iorem.
1058 1045 1146 1078 Nam
1158 1043 1254 1079 facile
1268 1042 1475 1090 intelligimus
1489 1055 1601 1090 corpus
1616 1041 1659 1076 ab
1671 1043 1775 1078 altero
1848 1056 1852 1071 ι

398 1093 496 1142 pelli:
515 1106 579 1140 quo
590 1103 699 1127 autern
714 1092 813 1126 modo
826 1092 1015 1133 attrahatur,
1029 1102 1070 1126 ne
1080 1090 1221 1139 suspicari
1234 1092 1364 1138 quidem
1381 1090 1555 1139 possumus.
1834 1087 1850 1127 l

437 1146 550 1189 Quare
565 1141 645 1176 nihil
653 1140 780 1176 absurdi
791 1141 939 1185 videntur
952 1138 1065 1176 afferre
1075 1143 1130 1187 qui
1142 1140 1225 1175 hunc
1239 1151 1365 1175 motum
1375 1142 1500 1188 corpori
1513 1140 1689 1176 admodum
1699 1139 1774 1176 sub-1
1846 1155 1851 1171 ι

401 1191 449 1227 tili
461 1186 606 1226 tribuunt
618 1190 669 1224 :id
683 1202 761 1224 vero
771 1202 885 1237 corpus
902 1188 944 1224 ab
955 1189 1057 1224 austro
1067 1191 1100 1224 in
1114 1187 1247 1224 boream
1259 1188 1334 1223 ferri
1347 1217 1356 1233 ,
1372 1200 1428 1223 aut
1447 1188 1600 1228 vicissim,
1614 1192 1775 1239 magnetis
1847 1195 1850 1209 ⁸

397 1238 453 1276 'vel
464 1239 540 1273 actis
552 1239 684 1273 nautica:
699 1239 835 1273 direstio
850 1238 1028 1286 persuadet.
1056 1240 1127 1272 lmo
1141 1237 1218 1272 illud
1233 1238 1358 1272 videtur
1374 1238 1581 1275 manifestum
1592 1267 1601 1281 ‚
1626 1237 1779 1274 subtilem

401 1301 471 1324 eam
486 1291 655 1323 materiam
669 1299 709 1321 eo
722 1298 864 1322 remeare
881 1300 946 1322 non
960 1285 1044 1334 posse
1055 1316 1066 1331 ,
1092 1286 1176 1322 unde
1191 1284 1308 1335 egressa
1343 1286 1388 1321 est
1400 1315 1411 1330 ‚
1439 1299 1661 1335 quamcunque
1680 1289 1775 1323 nacta

400 1337 439 1372 fit·
450 1336 592 1385 figuram.
609 1338 683 1370 Sive
699 1363 708 1378 ‚
720 1348 754 1370 ut
766 1335 872 1383 placet
887 1334 1032 1371 Cartefio
1042 1364 1052 1378 ,
1064 1338 1097 1370 in
1114 1336 1246 1370 modum
1263 1333 1444 1370 cochleaefit
1457 1347 1604 1371 contorta
1617 1365 1627 1379 ‚
1643 1336 1728 1372 unde
1741 1341 1776 1373 &

401 1387 506 1421 striata
522 1384 563 1418 ab
577 1397 617 1419 eo
634 1387 801 1419 vocitatur.
819 1387 939 1433 Neque
955 1385 987 1418 id
1005 1383 1137 1419 inficiari
1153 1382 1312 1432 possumus
1331 1386 1384 1418 vix
1400 1386 1576 1432 quicquam
1588 1383 1775 1433 ingeniosius

401 1435 444 1469 ab
459 1447 505 1468 eo
515 1435 735 1482 excogitatum
754 1433 861 1469 fuisse:
875 1445 1060 1481 quanquam
1077 1434 1107 1467 id
1123 1432 1229 1468 minus
1242 1434 1285 1468 est
1306 1432 1496 1481 probabile,
1514 1446 1612 1480 quam
1627 1434 1659 1468 id
1675 1433 1776 1482 ipsum

401 1483 491 1531 quod
504 1495 542 1516 ex
554 1481 677 1517 Clariss.
691 1484 840 1531 Htugenio
848 1482 1031 1519 attulimus.
1052 1484 1128 1516 Sive
1136 1480 1308 1530 simplicior
1324 1484 1361 1516 iis
1380 1481 1540 1528 particulis
1554 1480 1653 1531 figura
1671 1485 1779 1518 conti·
1837 1512 1839 1522 A

400 1533 494 1581 gerit.
515 1532 614 1579 quue
629 1544 694 1566 non
705 1531 1013 1567 decernimust'satis
1030 1529 1124 1567 nobis
1138 1531 1236 1565 fuerit
1250 1529 1270 1565 fi
1283 1533 1317 1566 in
1342 1529 1475 1569 orbem,
1490 1532 1627 1567 &instar
1647 1533 1787 1566 vorticis.¹
1837 1536 1840 1579 ξ

404 1592 472 1615 tum
487 1582 570 1614 circa
583 1591 699 1614 terram
710 1609 718 1620 ,
735 1591 804 1614 tum
815 1582 897 1614 circa
909 1579 1030 1614 feri-um
1042 1608 1051 1622 ,
1064 1585 1096 1618 δε
1113 1592 1300 1628 magnetem
1313 1591 1434 1629 agatur.
1457 1581 1543 1615 Nam
1557 1582 1590 1614 in
1608 1579 1696 1614 ferro
1712 1609 1722 1624 ,
1741 1591 1778 1616 ut

401 1631 435 1664 in
453 1640 604 1677 magnete
627 1630 672 1663 ita
690 1627 760 1663 sunt
774 1641 899 1663 meatus
916 1627 1067 1675 dispositi,
1083 1640 1119 1663 ut
1135 1628 1236 1662 libere
1252 1641 1308 1677 per
1323 1641 1381 1664 eos
1394 1627 1635 1664 transmittatur.
1663 1631 1789 1676 ltaque!
1838 1644 1841 1674 ',

403 1678 501 1720 ferri,
514 1684 546 1714 ὃ(
565 1678 720 1724 magnetis
740 1677 917 1725 congressus
933 1677 1060 1712 alterius
1084 1679 1223 1724 corporis
1242 1679 1428 1712 interventu
1448 1676 1620 1725 perficitur.
1642 1677 1677 1712 ld
1688 1679 1778 1714 enirn

403 1725 603 1774 perspicuum
621 1726 683 1768 est,
717 1738 783 1760 non
802 1726 895 1760 aliter
912 1728 1036 1760 moveri
1054 1737 1188 1773 corpora
1202 1755 1212 1768 ,
1227 1738 1323 1772 quam
1336 1725 1388 1760 vel
1408 1738 1446 1760 ex
1461 1738 1572 1761 mutua
1591 1724 1778 1770 collisione,

404 1774 514 1811 velex
534 1775 663 1810 alterius
685 1776 827 1822 corporis
849 1774 977 1809 occursu
999 1787 1007 1808 :
1031 1787 1105 1808 cum
1124 1776 1231 1819 itaque
1259 1786 1388 1822 magnes
1413 1787 1510 1821 quem
1526 1787 1623 1810 manu
1660 1785 1780 1819 teneo,

403 1824 540 1858 alterurn
555 1833 739 1870 magnetem
758 1822 883 1856 vasculo
898 1825 930 1857 in
948 1835 1030 1868 aqua
1046 1826 1246 1857 innatantem
1254 1835 1320 1856 non
1333 1834 1443 1870 tangat
1454 1851 1464 1865 ‚
1482 1835 1590 1870 neque
1603 1823 1684 1857 adeo
1693 1823 1734 1857 ad·
1745 1821 1777 1858 se

403 1883 516 1914 rapere
530 1871 634 1905 valeat
645 1898 655 1912 ‚
666 1869 784 1905 neccsse
797 1871 884 1905 tst-ut
900 1869 1082 1918 corpuscula
1101 1883 1168 1917 quae
1179 1870 1261 1906 visus
1278 1872 1379 1906 aciem
1392 1871 1522 1920 fugiunt
1532 1899 1544 1915 ‚
1557 1882 1631 1906 eum
1649 1882 1777 1910 motum

406 1918 560 1954 efficiant.

442 1967 590 2012 Confirm.
615 1966 704 2001 Cum
721 1968 857 2001 duorum
876 1979 1063 2010 magnetum
1076 1969 1140 2002 duo
1152 1967 1218 2016 poli
1229 1970 1438 2015 cognomines
1460 1968 1518 2004 sibi
1535 1980 1644 2004 mutuo
1662 1969 1779 2006 admo-

407 2028 543 2058 ventur,
563 2018 662 2050 tumii
676 2014 737 2049 sese
762 2027 876 2050 mutuo
894 2016 1054 2063 repe¹lunt
1068 2045 1075 2057 ,
1094 2028 1223 2054 tumque
1241 2016 1288 2050 ibi
1304 2017 1476 2052 manifesta
1494 2016 1789 2067 estimpulsi0,quz

407 2067 483 2100 hinc
501 2065 584 2099 forte
602 2067 699 2098 oritur
712 2093 719 2107 ‚
735 2065 820 2109 quod
841 2063 961 2098 subtilis
975 2069 1108 2099 materia
1129 2066 1235 2101 frustra
1248 2068 1281 2100 in
1292 2065 1453 2111 utriusque
1473 2079 1594 2102 meatus
1609 2069 1652 2101 im
1679 2069 1780 2117 ingat,

408 2125 517 2157 neque
527 2125 581 2158 per
593 2125 647 2147 eos
658 2112 758 2146 lib‘ete
769 2125 950 2147 commeare
968 2113 1077 2160 possm:
1092 2127 1169 2162 ergo
1202 2128 1253 2148 um
1268 2114 1359 2162 polus
1370 2117 1459 2149 unius
1469 2115 1608 2150 borealis
1619 2127 1636 2149 a
1679 2118 1781 2151 meri-

409 2162 574 2197 diona'em
585 2162 711 2196 alterius
723 2164 920 2196 convertitur
930 2191 937 2203 ,
947 2169 978 2198 &
989 2163 1087 2197 ambo
1098 2175 1260 2211 magnetes
1276 2165 1307 2198 in
1320 2175 1464 2197 mutuum
1478 2176 1570 2200 ruunt
1582 2163 1780 2212 amplexum,

408 2224 474 2246 non
487 2212 548 2244 alia
564 2210 716 2244 est'hu'us
727 2208 907 2251 congressus
922 2210 1020 2253 causta,
1037 2214 1099 2256 qim
1145 2213 1258 2246 cadem
1274 2211 1394 2246 subtilis
1410 2214 1552 2249 materia.
1573 2214 1778 2260 rounque

409 2261 442 2293 id
457 2259 511 2296 fiat
522 2260 622 2294 molo
635 2287 644 2301 ‚
658 2225 719 2293 (ive
740 2261 902 2293 turmatim
921 2271 1048 2295 exit-ns,
1073 2268 1100 2296 ἃ·
1115 2264 1145 2295 in
1164 2259 1223 2295 ses·
1241 2259 1357 2301 reflexa
1375 2259 1487 2294 ¹ambos
1507 2273 1672 2309 magnetes
1698 2274 1778 2297 con-

405 2312 538 2356 jungam
551 2307 613 2341 sive
625 2310 826 2351 intericstum
842 2320 913 2341 aera
925 2321 990 2353 proi
1009 2324 1013 2328 ¹
1028 2309 1082 2343 llar
1122 2312 1173 2350 qui
1185 2312 1202 2345 ἐι
1217 2322 1308 2346 ttmo
1318 2309 1454 2343 reversus
1472 2308 1612 2358 imgnetr
1625 2324 1656 2344 m
1667 2309 1778 2344 mobi-

407 2355 475 2392 Iem
489 2356 580 2396 alteri
590 2356 753 2394 immobili
768 2360 942 2407 conjungit.
966 2362 1086 2395 Verum
1098 2359 1163 2395 haec
1189 2358 1268 2395 fient
1284 2360 1441 2408 apertiora
1455 2386 1466 2403 ,
1485 2371 1558 2396 cum
1579 2359 1708 2407 systema
1730 2362 1776 2395 D.

1644 2409 1780 2457 Hngens
