1878 2724
389 180 479 267 {fisis
491 215 632 265 imprimi
645 228 653 252 ε
667 214 750 249 adeo
771 223 808 249 ut
833 224 872 248 ex
882 227 976 250 motu
999 229 1032 250 m
1047 219 1204 251 varietate
1225 216 1332 251 anima
1351 226 1459 252 rerum
1478 214 1671 254 senfibilium
1687 214 1797 256 diffie-1

390 269 510 301 rentias
527 265 684 313 percipiat
700 275 827 309 :neque
838 264 927 298 enim
942 262 1041 300 sensus
1057 266 1138 300 citra
1147 276 1272 300 motum
1288 264 1424 300 localem
1439 264 1794 316 fieripotest,ar1tcon-·

391 316 465 362 cipi,
479 316 566 349 Hinc
576 323 673 346 caecus
685 311 789 346 baculi
803 323 895 346 motu
909 339 918 354 ‚
941 324 995 347 aut
1005 311 1179 348 refistmtia
1201 313 1343 362 lapidem
1356 312 1376 350 ἐι
1388 312 1457 350 luto
1471 343 1480 358 ‚
1506 327 1624 352 terram
1637 315 1679 352 ab
1696 329 1781 365 aqua

391 362 550 397 discernit.
571 363 673 395 Sonus
683 360 762 395 nihil
777 360 822 395 est
834 360 919 395 aliud
930 360 1029 408 quarn
1040 361 1226 398 verberatus
1241 374 1315 407 θεῖς
1330 362 1439 399 lumen
1452 364 1536 401 forte
1546 366 1588 400 est
1606 364 1796 401 substantiae,

391 411 533 445 aethereae
549 419 654 444 motus
667 437 676 451 ,
695 421 749 444 aut
760 408 906 458 impulsio
920 438 928 451 ,
944 423 1006 457 qua
1019 413 1129 446 retinae
1137 410 1262 446 nervuli
1280 410 1450 449 feriuntur.
1462 415 1552 450 Hinc
1565 413 1661 449 oculo
1681 414 1733 450 vel
1749 417 1783 450 in

394 459 538 493 tenebris
552 456 694 506 percusso
707 486 715 501 ‚
735 458 813 492 lucis
829 458 978 494 scintillas
991 488 1000 502 ,
1018 472 1071 494 aut
1082 463 1187 495 varios
1197 460 1321 495 colores
1338 460 1556 509 conspicimus,
1576 465 1651 499 Nec
1665 462 1759 498 dolor
1770 491 1781 507 ,

393 508 558 550 titillatio,
577 507 692 541 caloris
711 505 800 555 ipsius
821 510 985 556 perceptio
1005 507 1067 544 fine
1092 521 1182 545 motu
1207 509 1358 557 explicari
1369 509 1495 558 poffunt
1513 524 1521 547 :
1541 522 1688 546 motuum
1703 510 1784 547 veto

392 554 554 591 diversitas
566 568 639 591 cum
651 568 687 591 ex
701 556 903 602 objectorum
921 559 1077 593 varietate
1091 587 1100 602 ,
1117 569 1185 593 tum
1198 571 1236 593 ex
1250 558 1372 593 diversa
1390 572 1585 608 organorum
1597 560 1782 595 conforma.
1799 581 1802 584 >

393 608 483 640 tione
500 607 666 653 repetitur.
681 607 769 642 Nam
789 605 914 641 fibullae
929 618 969 642 cx
981 606 1098 654 quibus
1112 606 1190 642 visus
1209 621 1245 642 or
1267 620 1403 644 anorum
1422 611 1658 658 compingitur,
1684 609 1781 659 louge

392 653 463 690 sunt
476 653 668 698 subtiliores,
681 667 778 702 quim
794 668 864 703 quae
879 656 1004 690 auditus
1017 655 1188 691 sensorium
1203 621 1354 694 effigciunt.

433 704 550 749 Rurfits
564 702 689 748 instant.
707 705 927 752 Nequaquam
944 704 1101 740 credibile
1116 706 1162 740 est
1178 718 1311 741 omnem
1328 705 1449 742 sensum
1467 718 1556 742 certo
1572 718 1664 742 motu
1673 709 1783 743 conti-

394 754 465 787 neri
477 766 484 787 :
496 752 578 786 adeo
596 763 632 785 ut
644 764 817 788 nervorum
832 752 939 797 fibrae,
955 753 1044 788 velut
1054 754 1286 804 clavecymbali
1305 754 1383 790 fides
1404 755 1514 800 tensae,
1528 762 1560 794 δ(
1574 759 1606 791 in
1618 756 1724 804 aliqua
1738 754 1782 791 sui

392 799 642 848 partepercussae
657 812 732 836 totae
744 813 902 846 tremant,
916 807 950 839 Sc
972 805 1039 839 vim
1050 801 1244 839 sentientem
1262 806 1403 841 excitent
1422 819 1430 841 :
1444 818 1510 841 non
1521 807 1607 841 enim
1624 805 1707 840 adeo
1730 807 1784 841 in.

396 850 569 885 tenduntur
592 852 693 886 nervi.

431 899 519 947 Resp.
532 900 604 934 Nos
617 898 761 934 Cartefio
775 899 876 935 bacin
893 912 927 934 re
942 912 1007 935 non
1026 898 1163 936 assentiri
1174 930 1183 945 ,
1199 901 1250 936 sed
1263 901 1357 938 nobis
1370 903 1500 939 videtur
1515 903 1612 952 longe
1626 902 1783 950 probabi-

395 946 454 982 lius
467 976 478 990 ,
487 947 610 995 spiritus
625 949 657 982 in
667 960 840 983 nervorum
854 948 969 984 tubulis
978 961 1150 984 contentos
1168 962 1273 985 rerum
1285 962 1485 987 externarum
1495 950 1713 999 impreffiones
1725 965 1784 988 ex-

394 999 502 1044 cipere
513 1024 522 1039 ,
533 1008 574 1029 eo
588 1008 655 1042 quo
668 996 805 1032 diximus
817 999 927 1033 modo.
938 999 1018 1034 Non
1032 1000 1140 1045 itaque
1153 997 1304 1034 sensibilis
1315 998 1437 1048 objecti
1449 998 1610 1048 impreslio
1620 1012 1676 1048 per
1687 999 1784 1035 fibras

395 1056 569 1080 nervorum
581 1044 683 1079 tensas
700 1073 709 1088 ,
728 1046 768 1080 ad
778 1046 945 1081 cerebrum
961 1045 1059 1092 usque
1074 1059 1238 1082 commeat
1252 1076 1262 1091 ,
1272 1061 1308 1083 ut
1319 1047 1355 1082 fit
1366 1051 1398 1083 in
1415 1049 1544 1084 citharae
1559 1047 1684 1084 fidibus.
1695 1052 1783 1085 Ner-

395 1095 528 1129 vienim
547 1105 606 1127 nec
629 1094 753 1127 directe
771 1095 944 1130 tenduntur
956 1123 966 1138 ,
984 1107 1044 1129 nec
1059 1095 1127 1129 duri
1141 1095 1229 1140 sunt,
1249 1108 1302 1130 aut
1312 1097 1405 1145 rigidi
1417 1097 1487 1140 ‚sed
1497 1096 1630 1140 molles,
1654 1097 1782 1141 inflexi,

396 1147 430 1178 &
443 1141 516 1177 laxi.
526 1143 616 1188 lique
628 1155 693 1177 non
707 1142 777 1178 fixis
791 1142 955 1192 illigantur
965 1145 1108 1178 terminis
1119 1174 1128 1188 ,
1150 1145 1201 1179 {ed
1211 1144 1432 1189 mollioribus,
1448 1159 1482 1181 ut
1499 1145 1653 1190 cere-bre,
1663 1146 1785 1183 medul-

396 1190 455 1226 lari
466 1191 571 1240 spirite,
589 1196 622 1228 δέ
634 1194 722 1227 carni
737 1190 806 1240 ipfi.
816 1191 942 1229 Verum
954 1193 985 1226 id
994 1192 1092 1241 paulo
1102 1192 1198 1229 fufius
1208 1196 1251 1231 est
1260 1194 1484 1244 explicandum
1505 1197 1554 1232 Sit
1563 1197 1672 1244 itaque

938 1290 1086 1326 Secunda
1099 1291 1267 1338 Conclufio.

445 1386 579 1435 Objeffi
589 1385 738 1421 sensibilis
749 1388 915 1436 perceptio
928 1390 961 1424 in
974 1387 1119 1423 sensuum
1141 1391 1336 1426 exteriorum
1352 1392 1477 1440 organis
1486 1390 1674 1434 inchoatur,
1685 1390 1784 1428 sedin

397 1435 532 1471 cerebro
544 1436 596 1471 seu
613 1438 646 1469 in
668 1435 771 1472 sensus
790 1438 949 1472 interioris
974 1450 1096 1482 organo
1117 1437 1290 1485 perficitur.

431 1483 592 1519 Probatur
602 1486 751 1533 conclufio
762 1498 800 1519 ex
809 1488 846 1521 iis
856 1499 923 1533 quae
933 1491 1000 1534 jam
1012 1477 1083 1521 funt
1095 1487 1253 1534 explicata
1265 1499 1332 1523 :res
1343 1490 1428 1524 enim
1440 1487 1590 1525 sensibilis
1600 1491 1633 1523 in
1641 1486 1784 1524 sensuum

400 1536 597 1568 exteriorum
611 1546 730 1582 organa
741 1536 808 1568 vim
829 1534 913 1569 suam
929 1537 1052 1577 exerit3
1071 1534 1193 1583 spiritus
1217 1548 1386 1571 nervorum
1413 1537 1502 1573 fibris
1519 1548 1691 1572 contentos
1713 1549 1786 1585 per-

398 1582 510 1624 cellit;
529 1586 821 1629 eaquecommotio
838 1583 1003 1632 spirituum
1016 1585 1055 1618 ad
1073 1587 1264 1632 praecipuam
1285 1588 1401 1621 animae
1419 1587 1525 1622 sedern
1545 1584 1786 1630 transmittitur,

399 1630 455 1665 ubi
469 1634 517 1666 vis
533 1630 673 1666 sentiens
687 1633 850 1668 afflone-m
863 1632 949 1668 suam
961 1635 1061 1667 exerit
1073 1662 1083 1676 ,
1099 1633 1161 1667 hoc
1178 1634 1222 1667 est
1238 1663 1248 1677 ,
1263 1637 1400 1683 percipit
1414 1636 1501 1671 illam
1517 1633 1559 1670 ab
1581 1634 1713 1684 objedb
1733 1634 1784 1670 fa-

400 1679 754 1727 ctamimpreffionem3
769 1693 866 1728 atque
877 1694 948 1716 eam
966 1683 1131 1717 actionem
1151 1685 1288 1730 percipit
1305 1712 1314 1726 ‚
1330 1697 1395 1720 non
1408 1697 1443 1720 ut
1454 1689 1485 1721 in
1495 1683 1630 1720 cerebro
1644 1683 1721 1732 ipso,
1730 1695 1787 1719 aut

400 1730 435 1762 in
447 1741 619 1763 nervorum
635 1731 760 1777 origine
773 1731 962 1766 existentem
977 1759 986 1774 ,
997 1729 1091 1764 sedin
1104 1743 1141 1764 ea
1154 1743 1244 1778 parte
1258 1736 1398 1780 corporis
1413 1762 1423 1777 ,
1442 1734 1526 1768 unde
1541 1735 1639 1781 coepit
1652 1733 1706 1767 illa
1723 1732 1786 1781 spi-

399 1778 516 1811 rituum
528 1779 728 1821 commotio,
740 1778 794 1813 ubi
807 1782 955 1814 nimirum
973 1780 1059 1814 actio
1078 1778 1200 1825 objecti
1217 1783 1419 1829 imprimitur.
1440 1785 1554 1818 Morus
1572 1783 1628 1829 qui
1646 1794 1702 1830 per
1714 1793 1787 1817 ner-

402 1837 463 1860 vos
473 1825 514 1859 ab
527 1825 662 1873 objectis
673 1827 932 1872 proficiscuntur,
945 1841 1012 1862 non
1023 1826 1089 1862 sunt
1104 1829 1315 1876 progressivi3
1331 1830 1381 1865 sed
1394 1835 1500 1879 potius
1518 1828 1786 1866 undulationibus

401 1886 468 1909 non
482 1873 771 1911 dissimile5.Partes
784 1879 904 1925 quippe
915 1877 1106 1925 posteriores
1116 1878 1259 1924 urgendo
1273 1881 1467 1922 anteriores,
1479 1879 1548 1914 fere
1557 1890 1592 1912 ut
1603 1878 1786 1913 intestinum

400 1933 485 1968 aqua
501 1923 685 1967 turgidum,
701 1929 791 1971 cujus
815 1937 950 1971 utraque
971 1937 1042 1972 pars
1061 1936 1203 1958 extrema
1224 1926 1322 1974 ligata
1344 1927 1391 1960 est
1405 1957 1414 1971 ,
1435 1927 1602 1976 impulsum
1618 1939 1787 1975 acceptum

401 1969 443 2003 ab
464 1969 596 2018 objecto
612 1975 837 2008 communicat.
864 1975 973 2020 Atque
993 1978 1058 2015 ejus
1080 1983 1200 2007 naturae
1211 1973 1378 2010 suntnervi
1392 1989 1445 2019 ,ut
1462 1975 1482 2010 fi
1500 1989 1579 2011 unus
1598 1974 1787 2019 vellicetur,

402 2017 505 2053 sensus
517 2019 636 2053 doloris
651 2021 685 2053 in
702 2032 848 2055 extremo
867 2022 962 2068 longe
977 2018 1083 2055 diffito
1101 2021 1302 2070 percipiatur.
1331 2026 1383 2058 Sic
1413 2025 1552 2060 titillatis
1572 2023 1698 2060 naribus
1719 2025 1788 2058 irri-

403 2077 510 2101 tantur
522 2070 612 2102 nervi
623 2068 761 2116 pestoris
776 2099 785 2113 ,
803 2071 1052 2119 diaphragmatis
1065 2099 1074 2114 ,
1096 2069 1278 2107 abdominis
1295 2078 1328 2110 δ(
1347 2086 1454 2110 motus
1469 2075 1682 2110 sternutatorii
1697 2074 1787 2109 exci-

404 2126 521 2153 tantur.

440 2167 551 2211 Iraque
570 2165 718 2200 inchoata
735 2167 779 2199 rei
798 2169 964 2214 perceptio
985 2169 1021 2204 fit
1040 2173 1070 2204 in
1090 2171 1252 2205 exterioris
1266 2169 1374 2205 sensus
1394 2183 1516 2220 organo
1531 2200 1540 2214 ‚
1565 2184 1720 2218 quatenus
1740 2171 1786 2207 ibi

403 2218 466 2261 jiim
477 2225 726 2248 commoventur
736 2213 860 2261 spiritus
875 2230 882 2250 :
902 2216 1013 2253 verum
1029 2218 1049 2253 si
1063 2219 1159 2266 usque
1175 2219 1213 2252 ad
1228 2232 1290 2253 cer<
1302 2219 1349 2254 bri
1365 2222 1476 2254 irtima
1487 2249 1495 2262 ,
1512 2225 1546 2257 ὃ(
1563 2221 1654 2256 velut
1673 2223 1786 2256 anirnae

403 2263 582 2309 penetralia
594 2263 726 2309 perferri
741 2276 803 2297 nou
815 2263 926 2311 po'lir,
946 2279 981 2300 ut
996 2269 1110 2301 accii'it
1123 2271 1152 2301 in
1167 2268 1277 2302 somno
1293 2298 1302 2310 ‚
1323 2280 1388 2302 tum
1407 2267 1477 2302 sane
1491 2268 1633 2316 perfecta
1647 2271 1707 2304 dici
1720 2283 1786 2305 non

404 2311 507 2357 potest
521 2340 530 2354 ,
545 2323 652 2358 neque
666 2313 703 2346 acl
716 2313 829 2346 ¹ininial
844 2314 943 2361 ipsum
955 2345 963 2355 ,
976 2315 1024 2349 sed
1040 2317 1078 2350 :id
1091 2329 1213 2350 nartem
1224 2316 1306 2352 illius
1320 2319 1447 2366 proprie
1461 2321 1614 2366 pertinet.
1627 2320 1713 2353 Rem
1727 2330 1785 2353 ve-

404 2358 441 2392 ro
456 2361 499 2392 ita
513 2359 573 2393 effe
585 2361 693 2395 multis
705 2361 833 2407 probari
845 2365 945 2408 potest
957 2368 1165 2411 arf-{unientis

433 2406 560 2453 Primo,
581 2407 1067 2461 sifortemensalio'intenditur
1083 2443 1093 2460 ‚
1117 2427 1165 2450 res
1184 2427 1255 2462 qux
1276 2414 1390 2453 suntin
1412 2413 1584 2463 conspedu
1596 2444 1608 2461 ,
1629 2430 1697 2454 non
1718 2428 1788 2459 cer,-
