1878 2724
587 131 733 168 PARS
765 130 1000 170 TERTIA.
1430 141 1491 184 643

105 178 332 217 commotione
349 181 491 216 materiae
500 179 625 216 febrilis
635 180 776 229 expulsio
785 193 1032 229 arcetur,neque
1042 193 1116 218 eum
1131 182 1254 233 sanguis
1268 184 1382 219 statum
1392 196 1491 232 quem

106 227 240 266 affe&at
252 257 262 272 ,
274 229 489 278 consequitur.
503 230 589 265 Cum
605 229 726 278 sanguis
738 229 877 265 debilior
886 231 929 265 est
944 259 954 273 ,
970 243 1029 265 nec
1042 230 1319 280 despumationem
1334 232 1418 268 suam
1436 247 1493 282 po·
1530 236 1534 239 “

108 277 167 321 test
178 278 331 326 perficere
342 306 352 321 ,
372 279 455 313 illius
469 278 564 314 massa
578 278 766 327 plerumque
780 282 994 327 corrumpitur
1006 282 1114 327 :quod
1127 293 1233 329 partes
1247 281 1373 316 vitiosas
1387 282 1491 317 elimi-

105 337 183 361 nare
193 339 260 362 non
271 326 367 374 poffit
378 341 386 364 :
397 327 466 362 fere
480 340 515 363 ut
530 329 641 362 vinum
650 332 735 375 cujus
747 326 958 362 fermentatio
970 329 1162 377 impeditur,
1181 332 1298 364 vitium
1318 330 1397 378 saepe
1414 343 1493 367 con-

107 375 213 414 trahit.
230 376 355 411 Contra
366 375 576 424 injuvenibus
586 378 774 419 maxime‚&
790 378 823 411 in
836 378 871 410 iis
884 379 940 423 qui
955 388 1214 425 temperamento
1225 378 1294 413 sunt
1305 378 1494 427 sanguineo,

105 424 244 461 nimium
261 423 398 472 persaepe
411 425 531 473 sanguis
551 424 732 459 effervescit
747 425 839 460 :hinc
848 424 993 460 nisiillius
1005 425 1092 461 aestus
1110 426 1310 462 deferbuerit
1321 455 1332 470 ,
1351 428 1492 476 phrene-

104 469 160 506 fim
173 500 182 515 ,
197 485 252 508 aut
263 473 426 521 pleuritim
437 486 510 517 ,aut
522 473 618 508 aliam
630 473 923 508 inflammationem
937 476 1087 511 minatur.

141 522 250 569 Atque
273 520 450 571 hujusmodi
468 521 570 557 febris
591 535 664 570 quae
681 523 881 570 depuratotia
899 524 962 556 dici
985 525 1090 571 potest
1106 552 1116 567 ,
1131 530 1165 562 &
1182 524 1383 572 frequentior
1398 555 1406 569 ‚
1423 531 1456 562 ὃ(
1471 526 1492 563 ὲ

105 581 221 606 natura
235 570 298 618 ipsa
311 573 449 606 excitata
467 572 712 618 quodammodo
723 571 850 606 videtur
860 600 870 614 ,
885 570 930 606 ob
944 572 1125 620 regularem
1147 574 1340 608 methodum
1355 586 1418 621 qua
1432 588 1492 609 na-

106 629 175 653 tura
193 621 364 654 materiam
385 618 538 654 febrilem
557 631 752 668 promovet,
768 619 884 668 digerit
898 648 907 662 ‚
931 619 1098 665 eliminat5
1123 635 1225 669 eaque
1243 634 1333 670 viget
1351 625 1493 659 maxime

104 679 179 702 curn
194 666 301 702 febres
315 670 570 703 intermittentes
584 680 727 718 regnant.
736 671 822 704 Huic
835 667 1032 717 potissimum
1041 681 1191 718 aptantur
1200 672 1348 717 quaedam
1360 673 1493 720 Hippo-

105 718 202 761 ctass
216 721 404 753 &veterum
419 719 594 761 axiomata,
607 717 722 766 quibus
733 717 772 753 fic
785 717 940 753 morbum
960 720 1136 766 regendum
1153 718 1213 755 effe
1231 722 1414 768 praecipitur
1424 749 1435 765 ,
1455 733 1492 756 ut

107 767 241 802 materia
255 766 295 799 ad
309 764 408 800 crisim
423 778 479 813 per
488 766 615 801 sudores
630 778 834 815 praeparetur.

145 815 209 848 Sed
220 813 286 848 aliae
300 813 368 849 sunt
380 813 489 849 febres
503 828 574 863 quae
584 827 657 850 cum
669 816 854 864 epidemicis
868 813 992 851 morbis
1006 815 1075 851 sunt
1089 820 1268 866 conjun&ae
1279 847 1288 862 ‚
1308 823 1341 855 &
1369 831 1409 853 ex
1434 832 1492 868 pe-

105 861 216 896 culiari
226 865 307 897 aeris
319 863 544 898 constitutione
556 865 708 911 pendent.
735 867 849 899 Earum
869 866 991 911 quippe
1004 875 1115 899 natura
1134 867 1181 900 est
1199 870 1327 915 penitus
1347 868 1491 912 diversa,

103 922 165 946 nec
176 911 291 946 eadem
309 911 468 947 methodo
478 911 651 948 solvuntur.
673 910 779 946 Febris
801 912 856 946 illa
872 911 961 946 velut
972 911 1143 959 regularis,
1163 915 1203 948 de
1222 928 1285 962 qua
1306 928 1386 950 mox
1406 916 1492 951 dixi-

103 970 187 1003 muS,
199 971 274 994 cnm
281 959 394 995 diutius
409 960 501 995 durat
511 971 588 1003 ,aut
597 961 703 996 nimiis
714 958 977 994 evacuationibus
989 972 1073 1008 aeger
1086 960 1147 995 fuit
1165 962 1353 998 debilitatus
1367 992 1377 1007 ‚
1388 966 1420 998 in
1442 965 1492 1000 fe-

103 1006 191 1049 brim
203 1009 473 1043 intermittentern
483 1009 673 1056 plerumque
686 1010 865 1056 degenerat
878 1025 886 1050 3
900 1021 967 1043 non
981 1010 1062 1042 item
1074 1008 1183 1045 febres
1196 1040 1206 1054 ‚
1220 1024 1289 1058 quae
1301 1023 1354 1046 aut
1367 1013 1491 1060 pestem

103 1059 302 1091 comitantur
317 1085 326 1098 ,
338 1068 392 1091 aut
401 1056 550 1099 variolas,
566 1068 621 1091 aut
635 1055 805 1091 morbillos
816 1085 827 1100 ‚
841 1056 941 1104 vulgo
959 1056 993 1090 la
1014 1059 1175 1105 rougeole,
1191 1072 1246 1097 aut
1261 1059 1490 1108 dysenteriam,

103 1115 160 1141 aut
174 1105 252 1140 alios
269 1105 465 1153 epidemicos
477 1104 610 1140 morbos
620 1104 984 1152 consequuntur.Qare
999 1105 1030 1138 id
1042 1108 1161 1141 merito
1172 1108 1376 1151 admonet‚ut
1385 1112 1419 1144 M
1425 1112 1490 1145 edi.

103 1164 157 1187 cus
175 1165 346 1202 antequam
356 1154 396 1188 de
411 1153 514 1188 febris
527 1155 686 1188 continuae
704 1165 814 1189 natura
831 1154 982 1188 decernat
995 1181 1004 1196 ‚
1017 1156 1151 1200 quinam
1165 1156 1218 1190 alii
1235 1156 1388 1194 morbi&
1402 1162 1488 1207 cujus

102 1205 231 1249 generis
242 1215 282 1238 eo
294 1201 356 1236 loci
366 1200 723 1250 graffentur,attentius
735 1201 921 1238 confideret.
945 1200 1006 1236 Etsi
1023 1204 1110 1236 enim
1123 1202 1195 1239 sunt
1215 1206 1364 1252 quaedam
1382 1206 1467 1255 signa
1477 1237 1489 1253 ,

102 1261 158 1285 aut
175 1250 393 1300 symptomata
420 1253 509 1287 omni
528 1249 669 1285 febrium
695 1253 806 1299 generi
826 1252 1013 1285 communia
1035 1262 1071 1285 ut
1086 1251 1173 1287 calor
1185 1282 1196 1296 ,
1208 1253 1288 1298 (πίε,
1308 1259 1342 1291 &
1355 1253 1487 1292 fimi‘lia:

81 1302 87 1308 “
102 1296 174 1334 sunt
188 1311 296 1335 tamen
309 1301 455 1346 quaedam
467 1301 584 1347 cuique
595 1298 711 1334 morbo
728 1300 912 1348 epidemico
923 1301 1051 1348 propria
1065 1327 1076 1342 ,
1089 1313 1158 1348 quae
1176 1302 1241 1338 fuse
1257 1313 1328 1337 toto
1340 1302 1394 1338 suo
1408 1318 1490 1354 ope-

102 1358 139 1382 xe
157 1350 278 1384 Audiet
293 1348 347 1383 ille
356 1348 577 1397 prosequitur,
588 1361 720 1396 quaeque
739 1349 779 1382 ad
794 1349 933 1383 nostrum
946 1348 1123 1385 institutum
1138 1364 1204 1386 non
1219 1354 1394 1401 pertinent.
1412 1379 1415 1381 >

101 1426 105 1431 .
142 1399 253 1434 Unum
266 1398 421 1432 duntaxat
435 1398 451 1434 ὲ
468 1396 575 1432 multis
586 1396 736 1447 seligam:
750 1397 828 1433 illud
840 1399 993 1446 imprimis
1009 1399 1203 1436 intuendum
1224 1413 1314 1450 putat
1325 1429 1335 1443 ‚
1353 1414 1394 1437 an
1405 1416 1486 1452 aeger

102 1445 144 1480 ad
156 1446 282 1482 sudores
296 1446 332 1481 fit
342 1445 524 1495 propensior
537 1475 547 1490 ,
559 1459 599 1481 an
618 1445 711 1483 siccus
725 1459 796 1483 toto
818 1448 923 1483 morbi
941 1460 1087 1497 tempore
1101 1461 1298 1497 permaneat.
1322 1453 1360 1485 In
1379 1464 1419 1486 eo
1438 1453 1486 1487 fe-

99 1494 211 1530 brium
233 1497 457 1531 continuarum
472 1508 594 1544 genere
613 1497 700 1543 quod
715 1496 1002 1533 intermittentibus
1019 1499 1256 1534 autumnalibus
1277 1500 1486 1548 regnantibus

104 1543 238 1592 vigebat
251 1572 260 1588 ,
277 1546 353 1593 aegti
363 1555 491 1579 externa
501 1543 686 1580 arescebant
698 1575 708 1589 ,
720 1558 826 1593 neque
850 1558 925 1581 ante
940 1548 1082 1581 matetiae
1099 1546 1226 1582 febrilis
1239 1550 1423 1584 coctionem
1436 1550 1486 1584 su-

103 1593 164 1627 dor
180 1592 375 1640 apparebat,
393 1605 498 1639 neque
511 1595 536 1626 is
553 1595 685 1628 excitari
705 1596 788 1643 prius
808 1594 931 1629 solebat
943 1594 1007 1629 fine
1022 1607 1141 1643 magno
1159 1609 1311 1645 aegrorum
1332 1597 1486 1633 discrimi-

102 1653 156 1677 ne.
180 1645 215 1676 In
233 1641 326 1676 febre
343 1641 550 1689 pestilentiali
561 1655 630 1690 quae
640 1642 851 1678 Londinenfis
867 1644 958 1692 pestis
974 1655 1122 1691 tempore
1135 1645 1288 1694 vigebat,
1303 1652 1336 1683 ὃς
1354 1648 1385 1681 in
1396 1649 1487 1695 peste

103 1688 169 1738 ipsa
180 1690 259 1725 nulli
272 1690 397 1725 sudores
407 1690 518 1737 sponte
530 1691 759 1738 erumpebant,
772 1691 824 1726 sed
839 1692 860 1727 a
873 1693 987 1739 primis
1000 1691 1113 1726 diebus
1125 1693 1270 1741 copiosus
1291 1694 1382 1729 sudor
1396 1699 1487 1731 exci-

105 1749 188 1772 tatus
205 1751 320 1787 aegrum
336 1740 439 1774 statim
450 1738 591 1776 levabat.
612 1741 713 1787 Qod
734 1753 806 1788 pars
820 1739 1143 1788 fiibtiliorsanguinis
1159 1745 1193 1777 in
1206 1755 1245 1777 eo
1258 1743 1375 1777 morbo
1398 1745 1487 1780 infe-

104 1788 155 1822 &a
172 1789 263 1822 citius
282 1800 339 1835 pet
358 1786 482 1822 sudores
495 1785 649 1826 diffletur.
667 1791 719 1822 Sic
741 1791 774 1823 in
786 1787 933 1823 febribus
948 1801 1019 1835 quae
1040 1791 1180 1825 variolas
1192 1820 1201 1834 ,
1219 1797 1252 1828 δε
1270 1790 1486 1838 dysenteriam

102 1834 174 1870 sunt
193 1835 386 1880 consecutae,
409 1838 485 1884 aegti
510 1838 542 1870 in
559 1836 686 1872 sudores
707 1837 760 1872 vel
776 1839 887 1885 primis
908 1837 1021 1873 diebus
1045 1837 1262 1884 diffluebant3
1289 1840 1342 1875 sed
1357 1854 1430 1876 cum
1446 1846 1484 1877 iis

102 1895 187 1932 aeger
206 1884 411 1932 indulgebat,
426 1887 535 1919 omnia
552 1888 584 1920 in
602 1890 691 1934 pejus
713 1885 850 1921 ruebant
863 1901 871 1922 ε
885 1898 957 1920 cum
974 1888 996 1919 ii
1010 1899 1075 1921 non
1093 1886 1113 1921 ὲ
1130 1890 1250 1936 praevia
1272 1892 1486 1926 concoetione

103 1931 161 1969 sed.
174 1932 194 1968 ὲ
204 1932 338 1968 confuso
354 1935 494 1981 partium
504 1937 672 1969 noxiarum
681 1946 772 1970 motu
790 1934 999 1983 profluerent.
1013 1937 1156 1983 Longior
1173 1936 1227 1971 fim
1240 1937 1449 1974 &molestior
1462 1939 1485 1975 fi

103 1980 251 2031 cujusque
266 1980 365 2014 febris
382 1983 542 2015 continuae
557 1995 722 2026 naturam,
746 1989 780 2020 &
794 1984 991 2018 chara&eres
1007 1984 1170 2030 explicare
1187 1986 1298 2021 velim.
1319 1989 1485 2032 Qamvis

105 2031 192 2065 enim
208 2027 392 2076 Philosophi
403 2031 513 2063 omnia
524 2042 559 2064 ut
575 2029 631 2064 fibi
645 2034 772 2078 propria
791 2032 958 2065 vindicent
969 2059 978 2073 ,
993 2037 1028 2067 &
1043 2031 1188 2079 Physicas
1202 2035 1358 2082 imprimis
1377 2048 1484 2072 rerum

105 2076 293 2114 naturalium
318 2076 421 2110 causas
435 2078 620 2122 inquirant,
642 2078 712 2113 sunt
733 2090 840 2113 tamen
853 2081 932 2113 certi
951 2081 1066 2125 cuique
1097 2079 1270 2129 disciplinae
1287 2081 1364 2118 fines
1379 2112 1387 2122 ,
1403 2097 1483 2131 quos

106 2125 258 2162 transilire
272 2138 337 2160 non
348 2125 422 2159 licet
432 2155 440 2167 ‚
451 2124 506 2160 nisi
519 2125 604 2160 forte
616 2139 652 2161 ut
663 2132 817 2174 majorem
832 2127 936 2162 lucem
947 2129 983 2161 iis
993 2140 1064 2175 quae
1076 2130 1243 2164 trastanda
1251 2129 1320 2166 sunt
1334 2132 1483 2178 afferant,

104 2173 317 2212 auoeexcursus
333 2173 398 2211 inse
415 2173 465 2208 sua
481 2174 620 2210 utilitate
634 2185 832 2212 non'careat.
865 2179 948 2223 Qae
961 2179 1076 2223 utique
1094 2179 1127 2212 in
1144 2191 1182 2212 ea
1197 2191 1294 2226 quarn
1311 2183 1483 2217 tractamus

100 2227 239 2259 materia
254 2223 356 2270 potest
368 2222 427 2257 effe
443 2225 583 2258 maxima
596 2253 606 2266 ,
623 2236 657 2258 ut
670 2226 726 2270 qui
743 2223 908 2271 Phyficam
923 2227 1208 2272 experimenralem
1220 2257 1229 2271 ,
1246 2233 1279 2264 δι
1294 2228 1392 2275 ipsam
1411 2244 1482 2264 me-

103 2273 199 2307 dendi
209 2284 309 2306 artem
322 2284 394 2305 cum
406 2269 534 2319 Physica
552 2284 618 2306 tam
631 2275 719 2308 arcte
731 2274 938 2319 conjuntstam
955 2274 1065 2308 colunt
1078 2303 1087 2316 ,
1108 2287 1223 2309 naturae
1248 2278 1354 2323 potius
1379 2278 1483 2314 histo-

100 2323 182 2355 tiam
198 2327 230 2357 ὃ(
245 2319 491 2354 observationes
513 2332 599 2354 certa
616 2325 741 2356 ratione
755 2350 765 2364 ,
790 2328 823 2358 δε
840 2336 905 2357 non
926 2333 1048 2356 temere
1070 2322 1171 2356 saetas
1187 2324 1370 2370 consulant,
1383 2340 1482 2375 quarn

100 2368 291 2407 ratiunculas
305 2369 346 2404 ad
360 2368 531 2406 libidinem
544 2368 665 2407 effictas
674 2399 685 2415 ,
703 2375 736 2409 ὃς
750 2369 840 2420 ipsius
853 2368 1092 2420 imaginationis
1104 2371 1254 2408 ludibria.

1108 2422 1152 2456 M
1160 2434 1194 2458 m
1205 2434 1238 2457 rn
1248 2434 1282 2457 rn
1306 2423 1327 2471 ij
