1878 2724
624 117 772 156 PARS
807 117 1057 155 TERTIA.
1481 119 1539 158 66r

102 191 105 193 ·
131 171 224 209 Hinc
236 171 350 222 chylus
365 168 541 221 digitorum
551 168 710 220 preffione
721 168 816 205 facile
826 171 859 204 in
869 168 1036 218 glandulas
1052 165 1240 203 mesentetii
1254 165 1299 201 im
1326 167 1432 204 ellitur
1447 198 1457 213 ,
1479 183 1540 205 nec

132 231 219 256 cetto
228 233 375 257 remeare
390 220 494 271 potest
509 237 518 266 3
531 233 569 256 ac
583 219 689 271 ligatae
700 231 794 256 venae
808 218 921 255 lacteae
933 217 1039 254 versus
1052 215 1217 267 glandulas
1233 228 1287 253 me
1301 220 1416 254 enterii
1429 219 1538 257 statim

135 270 376 308 detumescunt·

168 323 299 357 Omnes
316 324 427 369 itaque
442 319 556 356 la&eae
570 320 603 355 in
612 329 786 355 commune
798 316 888 366 chyli
897 314 1136 366 receptaculum
1144 330 1245 367 prope
1257 315 1389 353 lumbos
1399 317 1539 367 positum

102 389 107 392 ·
131 369 198 406 sese
214 382 401 407 exonerant.
412 370 565 418 Cumque
577 380 623 404 eae
641 379 733 404 venae
748 365 873 404 nonnisi
886 366 1017 415 aliquot
1032 365 1054 402 ὲ
1066 367 1160 415 pastu
1169 367 1257 403 horis
1273 368 1419 403 candidae
1436 380 1540 418 appa-

109 438 112 439 ν
134 431 230 456 reant
240 449 250 465 ,
265 433 332 457 non
347 419 483 456 dubium
495 419 541 454 est
556 420 637 466 quin
645 430 689 453 eae
701 417 800 467 chylo
817 427 980 466 turgeant.
997 418 1200 465 Qanquam
1221 419 1323 453 etiam
1347 419 1433 453 inter
1449 420 1537 467 peri.

134 467 270 506 tissimos
289 472 487 506 recentiores
500 467 664 504 dubitatur
675 496 684 512 ,
700 480 741 503 an
750 479 821 517 pars
833 466 923 515 chyli
936 478 995 515 per
1006 478 1105 502 venas
1115 466 1301 502 mesaraicas
1314 467 1354 502 ad
1369 467 1470 516 hepar
1481 467 1539 503 de-

134 518 256 556 feratur
268 534 277 556 ι
289 520 372 555 adeo
393 531 429 555 ut
438 531 509 568 pars
521 529 650 553 tantum
664 516 763 553 setosa
774 528 830 567 per
844 516 978 552 ducrum
991 515 1194 552 thoracicum
1203 517 1242 552 ad
1252 529 1308 551 cor
1318 517 1409 552 recta
1419 529 1539 566 petve-

134 567 221 607 niat:
237 580 274 604 ut
285 581 356 617 pars
371 568 509 605 sulfurea
522 580 579 618 per
594 579 690 603 venas
700 565 887 602 mesaraicas
907 568 941 602 in
957 577 1062 615 portae
1078 577 1226 602 truncum
1236 596 1245 611 ,
1258 566 1335 602 hinc
1348 569 1379 602 in
1387 571 1474 615 jecur
1485 567 1542 602 de-

133 617 248 656 fertur.
266 619 382 655 Multis
398 618 527 654 viderur
536 615 758 667 probabilius,
777 615 910 664 chylum
935 628 1070 651 omnem
1095 627 1210 665 aperto
1225 618 1343 651 itinere
1361 619 1393 652 in
1407 616 1540 652 ductum

125 667 339 705 <thoracicum
350 669 438 705 ferri.
451 669 640 705 Undecum
656 670 690 703 in
704 678 785 702 cane
795 668 873 701 vivo
885 665 1000 701 ductus
1014 668 1196 701 thoracicus
1210 666 1230 702 a
1247 668 1330 701 Viro
1341 663 1542 702 Doffiffimo

124 718 288 753 *Louvero
302 731 409 768 ungue
419 718 574 767 disruptus
590 716 718 763 fuifl'er,
733 715 869 752 consuto
882 714 1017 750 vulnere
1028 717 1136 764 paucis
1158 717 1231 764 post
1248 715 1361 751 diebus
1381 718 1469 751 canis
1484 727 1541 751 ex-

135 767 255 802 tinstus
265 768 321 802 est.
333 770 459 817 Aperto
469 769 628 803 cadavere
642 768 752 805 erus
765 764 855 815 chyli
866 762 1059 808 duabus,aut
1069 766 1195 800 circiter
1208 764 1297 800 libris
1309 764 1469 800 refertum
1480 777 1541 814 ap-

127 819 240 864 paruit
256 830 264 852 :
283 829 320 852 ac
334 817 457 865 sanguis
469 823 538 867 port
545 813 682 852 alteru'm
692 816 734 851 ab
748 814 806 850 illo
819 814 952 850 vulnere
961 814 1050 849 diem
1061 813 1222 850 detraQus
1235 814 1317 850 nihil
1334 813 1446 850 habuit
1460 814 1542 864 chy-

134 865 177 902 li:
189 878 280 902 venae
290 864 406 904 itidem
425 867 537 903 ladkeae
551 865 650 915 chylo
667 867 803 914 turgidae
819 875 1045 911 apparuerunt.
1058 863 1150 899 Cum
1168 876 1278 899 tamen
1293 866 1327 900 in
1342 862 1454 900 avibus
1467 863 1543 899 nul..

135 913 159 949 li
171 913 230 951 fint
242 944 252 959 ‚
270 927 325 952 aut
339 916 478 966 lymphae
494 917 606 951 ductus
621 942 631 956 ‚
653 925 709 949 aut
721 925 810 948 venae
824 912 959 955 laetere,
977 913 1009 945 id
1025 913 1123 946 etiam
1140 911 1316 961 probabile
1336 913 1465 947 videtur
1477 942 1486 956 ,
1508 916 1543 949 in

134 965 173 998 iis
185 964 318 1014 chylum
328 978 386 1014 per
399 977 503 1002 venas
518 963 705 1002 mesaraicas
719 963 760 997 ad
771 962 871 1011 hepar
879 961 1089 998 contendere.
1108 962 1210 1010 Qiod
1227 960 1248 997 si
1261 964 1306 997 ita
1319 960 1367 1006 fit,
1379 974 1449 1011 pars
1460 963 1542 1011 chy-

135 1012 159 1048 li
169 1015 310 1050 eandem
321 1017 418 1051 viam-
425 1016 530 1064 potest
546 1012 692 1050 insistere.
708 1015 752 1048 Ex
766 1009 978 1046 intufflatione
996 1021 1129 1058 quoque
1153 1022 1251 1046 venas
1266 1010 1453 1046 mesaraicas
1468 1024 1543 1047 cum

137 1063 302 1099 intestinis
311 1066 552 1100 communicare
561 1061 680 1112 probat
688 1064 734 1098 D.
745 1059 788 1095 du
798 1061 834 1093 V
831 1073 940 1109 erney.
951 1062 1061 1107 Atque
1075 1059 1150 1095 huic
1158 1058 1324 1096 sententiae
1334 1061 1461 1096 accedit
1474 1073 1546 1096 om-

136 1114 218 1148 nino
226 1113 365 1151 Doctiff.
374 1113 515 1150 Borellus
528 1141 538 1157 ,
555 1125 594 1149 ea
605 1113 748 1148 maxime
759 1110 873 1146 ductus
886 1112 1013 1144 ratione
1030 1136 1041 1152 ‚
1063 1110 1153 1158 quod
1177 1121 1260 1145 vena
1283 1121 1385 1159 portae
1409 1109 1446 1146 fit
1474 1110 1544 1146 fere

135 1162 318 1211 quadrupla
331 1176 425 1199 venae
439 1163 585 1212 splenicae
596 1172 751 1210 3utraque
762 1158 842 1196 vero
857 1164 988 1202 arteria,
1003 1157 1142 1207 splenica
1158 1161 1310 1195 nimirum
1328 1165 1362 1197 ὅ(
1375 1159 1545 1196 mesaraica

120 1234 123 1236 -
136 1209 174 1246 fit
185 1223 270 1260 pene
287 1212 420 1261 :equalis
432 1242 440 1256 ‚
454 1225 492 1248 ac
506 1224 591 1248 vena
605 1210 742 1260 splenica
754 1209 890 1245 revehat
900 1208 1086 1257 sanguinem
1097 1209 1140 1244 ab
1151 1211 1271 1245 arteria
1285 1208 1425 1258 splenica
1442 1210 1545 1245 adve-

119 1261 252 1298 stum:
274 1261 400 1302 necesse
419 1263 502 1298 adeo
528 1262 572 1300 est
587 1272 622 1296 ut
641 1272 726 1296 vena
739 1258 974 1302 mesenterica,
1002 1257 1057 1293 seu
1077 1269 1179 1307 portae
1206 1258 1424 1308 quadruplum
1446 1270 1544 1294 reve-

137 1309 195 1345 hat
204 1309 392 1361 {inguinem
401 1316 469 1363 ejus
481 1340 490 1355 2
508 1322 603 1352 0uam
617 1311 713 1347 vehit
728 1321 813 1345 vena
828 1307 978 1357 splenica.
995 1308 1095 1344 Unde
1114 1320 1193 1357 ergo
1207 1308 1333 1357 impleri
1347 1309 1469 1357 potest,
1487 1307 1543 1344 nisi

137 1358 160 1395 ὲ
175 1359 265 1396 succo
277 1360 393 1397 bilioso
405 1367 440 1406 ὅς
453 1323 540 1398 ebs-ii
551 1364 703 1410 portione
717 1371 814 1407 quam
829 1370 919 1394 venae
937 1355 1115 1393 mesaraicae
1131 1360 1299 1407 excipiunt
1316 1369 1350 1393 ut
1359 1370 1487 1406 partem
1497 1358 1545 1393 al-

138 1419 243 1445 teram
253 1410 343 1460 chyli
356 1411 424 1446 bile
437 1417 470 1449 c:
484 1394 576 1447 [sicco
589 1410 796 1459 pancreatico
814 1407 907 1444 velut
925 1408 1094 1444 conditam
1117 1420 1210 1442 venae
1228 1407 1340 1444 laereae
1358 1410 1392 1444 in
1412 1408 1545 1444 ductum

138 1458 340 1496 thoracicum
358 1461 522 1497 deferunt.
540 1461 627 1496 dinc
638 1457 777 1507 copiosae
790 1459 874 1493 adeo
888 1469 977 1493 venae
991 1456 1170 1492 mesaraicae
1187 1469 1261 1505 quae
1277 1459 1361 1492 circa
1375 1461 1524 1505 jejunum
1534 1487 1545 1501 ‚

139 1507 379 1545 &duodenum
391 1512 539 1545 intestina
551 1509 616 1544 suas
630 1508 759 1544 liabent
771 1508 900 1543 radices.
916 1509 996 1544 Non
1007 1508 1095 1542 enim
1105 1506 1153 1542 ibi
1163 1505 1232 1542 sum
1247 1506 1426 1550 collocatae,
1437 1510 1542 1542 urmi-

140 1558 266 1593 nimam
276 1557 435 1607 sanguinis
447 1570 572 1608 partem
588 1560 750 1606 excipiant
765 1587 774 1601 ‚
794 1556 846 1592 sed
861 1556 989 1592 succum
1006 1555 1150 1603 aliquem
1166 1568 1282 1604 praeter
1299 1556 1497 1605 sanguinem,
1511 1562 1546 1594 ὃ(

140 1604 244 1642 bilem
264 1606 392 1644 forta-ise
402 1610 569 1657 excipiunt
588 1622 595 1644 :
614 1619 723 1655 neque
741 1606 853 1656 chylus
866 1609 898 1642 in
916 1605 1015 1654 hepar
1028 1604 1194 1650 defertur,
1208 1618 1244 1641 ut
1257 1605 1303 1641 ibi
1315 1607 1347 1640 in
1358 1605 1545 1654 sanguinem

118 1678 122 1679 ν
140 1654 338 1701 elaboretur,
360 1657 411 1692 sed
425 1657 557 1706 u-tchyli
571 1658 682 1706 portio
698 1655 796 1692 abile
810 1655 910 1691 soluta
924 1656 965 1689 ad
983 1666 1039 1690 cor
1055 1656 1256 1703 perducatur.
1269 1657 1392 1702 Neque
1412 1656 1444 1689 id
1466 1668 1545 1690 vero

139 1717 193 1740 aut
206 1703 343 1742 difficile
355 1735 363 1750 ,
382 1718 437 1742 aut
448 1706 605 1742 insuetum
618 1707 720 1741 videri
732 1704 843 1748 debet,
855 1704 875 1740 fi
886 1704 998 1754 chylus
1011 1716 1070 1753 per
1083 1703 1245 1754 duplicem
1262 1708 1347 1742 viam
1356 1717 1445 1754 aeque
1462 1704 1544 1740 faci..

140 1753 207 1789 lem
219 1756 259 1790 ad
269 1768 325 1791 cor
335 1757 541 1804 pervehatur.
551 1754 680 1791 Verum
695 1755 726 1790 id
738 1755 881 1790 viderint
898 1755 1096 1790 Anatomici.

171 1804 404 1850 Quamobrem
420 1805 534 1854 chylus
548 1817 604 1852 per
617 1817 717 1840 venas
732 1803 849 1841 lacteas
864 1805 896 1838 in
914 1815 1093 1838 commune
1115 1801 1355 1852 receptaculum
1372 1803 1517 1838 defertur
1536 1817 1545 1839 :

119 1870 122 1872 ·
139 1853 215 1889 hinc
224 1855 259 1890 in
271 1855 404 1889 dudlum
419 1855 631 1897 thoracicum,
644 1867 682 1890 ex
696 1856 805 1902 quoin
816 1865 935 1889 venam
948 1850 1226 1895 subclaviam‚tum
1238 1854 1272 1887 in
1285 1865 1404 1889 venam
1419 1865 1546 1897 cavam,

139 1915 177 1937 ac
193 1904 326 1939 tandem
337 1907 368 1940 in
383 1904 533 1940 dextrum
544 1904 650 1940 cordis
663 1902 764 1939 sinum
775 1903 955 1940 contendit.
967 1902 1156 1937 Commune
1167 1900 1251 1938 vero
1269 1900 1348 1936 illud
1359 1914 1548 1952 receptacu-

141 1951 208 1987 lum
222 1965 264 1987 eo
276 1953 341 1988 loci
354 1954 403 1988 est
411 1955 618 1989 constitutum
632 1982 643 1997 ,
657 1951 714 1990 ubi
727 1952 981 2001 diaphragmatis
997 1951 1143 1987 tendines
1155 1950 1252 1999 spinae
1266 1949 1347 1986 dorfi
1360 1951 1526 2001 illigantur
1538 1981 1551 1997 ,

142 2013 179 2035 ut
200 2003 370 2036 contra&0
391 2002 635 2050 diaphragmate
645 2031 655 2046 ,
678 2007 713 2039 &
735 2001 828 2036 tensis
847 2004 884 2036 iis
903 2000 1092 2036 tendinibus
1115 2000 1228 2048 chylus
1252 1999 1367 2036 sursum
1392 2002 1550 2049 adigatur.

142 2049 274 2098 Duplex
285 2050 476 2098 plerumque
486 2051 530 2085 est
543 2051 655 2086 duetus
667 2050 860 2092 thoracicus‚
876 2047 935 2084 nisi
950 2049 968 2085 ὲ
985 2051 1118 2097 regione
1134 2049 1251 2092 cordis,
1264 2047 1323 2083 ubi
1341 2049 1407 2084 duo
1423 2051 1503 2084 rami
1515 2053 1550 2088 in

142 2112 243 2134 unum
252 2099 429 2137 confluunt,
446 2099 511 2134 sed
528 2099 575 2134 illi
585 2100 649 2134 duo
665 2098 792 2134 canales
805 2127 815 2146 ‚
834 2110 991 2146 tanquam
1003 2099 1067 2132 duo
1081 2096 1170 2132 scalae
1186 2097 1286 2133 latera
1309 2110 1368 2146 per
1389 2100 1548 2135 interme-

143 2149 214 2183 dios
224 2160 331 2184 ramos
341 2151 425 2184 inter
435 2147 465 2183 se
480 2150 736 2184 communicant.
749 2150 796 2184 Eo
810 2147 943 2194 quidem
954 2147 1042 2183 faeta
1052 2147 1099 2182 est
1108 2146 1162 2182 illa
1170 2146 1289 2183 canalis
1300 2147 1452 2183 thoracici
1463 2148 1548 2183 divi-

142 2197 205 2242 fio,
220 2209 256 2233 ut
265 2211 330 2234 uno
342 2197 506 2233 obstructo
518 2198 600 2234 alter
613 2197 679 2232 usui
695 2196 754 2233 effe
771 2195 880 2246 poffit.
896 2200 1008 2246 Quare
1018 2198 1052 2233 in
1068 2209 1187 2233 venam
1199 2195 1397 2232 subclaviam
1412 2196 1547 2244 duplici,

142 2259 200 2283 aut
221 2248 385 2283 interdum
397 2260 481 2292 uno,
500 2246 553 2282 sed
563 2245 675 2294 amplo
688 2247 768 2282 ostio
785 2248 810 2281 is
832 2246 894 2282 sese
908 2258 1074 2283 exonerat.
1099 2244 1225 2281 Verum
1246 2257 1288 2280 ne
1309 2243 1432 2294 sanguis
1461 2247 1547 2283 inter

141 2296 403 2332 descendendum
414 2309 472 2346 per
485 2308 603 2332 venam
615 2299 648 2331 in
659 2308 734 2331 eum
747 2297 878 2332 ductum
890 2297 1031 2332 exundet
1043 2324 1054 2339 ,
1069 2295 1142 2331 huic
1159 2295 1243 2330 ostio
1254 2306 1364 2343 aptata
1382 2295 1425 2330 est
1439 2294 1549 2332 valvn-

143 2345 197 2387 la,
217 2359 290 2394 quae
302 2345 463 2397 sanguinis
481 2348 513 2382 in
526 2345 674 2382 canalem
686 2344 886 2381 thoracicum
904 2344 1079 2394 prohibeat
1097 2341 1277 2393 ingrestum.

179 2396 271 2433 Hinc
283 2396 394 2448 chylus
408 2409 462 2442 ‚ut
475 2396 612 2433 diximus
627 2424 637 2440 ,
650 2396 691 2430 ad
707 2407 762 2431 cor
781 2395 943 2446 perfertur
953 2423 963 2441 ,
976 2399 1010 2434 ἀ
1030 2390 1143 2444 saepius
1156 2405 1229 2429 cum
1250 2391 1401 2441 sanguine
1418 2392 1549 2429 circula-

1167 2444 1202 2480 O
1214 2456 1235 2479 o
1247 2456 1267 2479 0
1280 2455 1300 2478 ο
1327 2444 1361 2492 iij
