1878 2724
396 153 722 238 {ilgdeprehenditur
737 201 746 222 ε
764 188 817 223 sed
834 186 891 223 ubi
903 201 977 224 cum
995 193 1122 238 impetu
1139 188 1340 238 prorumpit,
1361 199 1429 224 tum
1443 187 1592 239 lacrymae
1603 189 1786 231 dicuntur!

394 251 469 274 cum
482 251 570 274 venae
579 250 647 284 quae
661 238 844 285 sanguinem
856 238 1030 282 revehunt,
1042 240 1177 274 nimium
1195 249 1309 286 patent
1321 266 1332 282 ‚
1350 248 1419 272 tum
1437 240 1544 279 minor
1559 238 1783 281 setosi-humo-

395 290 436 321 ris
451 289 542 334 copia
560 288 591 320 in
607 285 766 334 glandulis
778 285 958 322 secernitur.
975 288 1055 334 Qo
1069 299 1178 323 autem
1196 287 1350 336 sanguinis
1367 290 1400 322 in
1411 300 1509 323 venas
1527 287 1659 323 refluxus
1675 291 1778 338 magis

396 337 591 383 impeditur,
619 333 660 369 eo
675 333 830 383 copiofius
852 334 954 370 serum
970 338 1051 370 intra
1071 336 1233 385 glandulas
1253 338 1454 384 exprimitur.
1479 335 1561 377 Illud
1579 338 1780 384 quoquefob-

393 383 552 417 servatum
566 383 751 428 izVernaeQ
775 387 807 419 in
822 383 982 419 radicibus
998 385 1156 433 utriusque
1170 384 1239 419 tarsi
1250 414 1260 428 ,
1283 396 1338 419 aut
1355 384 1700 427 ciliorum-innumeras
1719 385 1780 426 effi:

392 431 558 479 glandulas
577 432 722 468 subflavo
739 432 849 469 colore
873 433 1060 482 conspicuas
1074 463 1083 477 ,
1108 445 1180 481 quae
1200 436 1379 475 inrcoronae
1395 434 1542 474 ffmodum
1561 432 1780 482 disponuntur.

390 480 561 528 Quaelibet
577 481 775 530 glandulain
788 482 833 516 sui
851 483 960 517 medio
971 482 1122 521 tubulum
1132 482 1269 531 profert,
1280 485 1336 530 qui
1354 482 1527 517 extrorsum
1539 485 1680 531 aperitur
1696 485 1781 518 inter

386 530 506 564 radices
525 531 667 578 pilorum
680 530 859 579 ex²quibus
869 531 940 565 cilia
953 544 1200 580 componuntur.
1240 533 1350 579 Atque
1374 532 1422 566 hae
1441 531 1594 581 glandulae
1614 531 1780 568 oculorum

386 591 539 613 cerumen
553 579 759 628 suppeditant
768 609 778 624 ‚
804 591 841 622 ut
856 581 898 614 de
905 580 1062 629 glandulis
1073 583 1195 615 aurium
1207 581 1354 623 diximus.

434 642 477 671 3„
494 630 678 663 Occurrunt
696 628 746 663 sex
757 628 846 664 oculi
860 629 989 664 musculi
1002 642 1158 677 ,quorum
1173 632 1290 678 primus
1308 632 1341 664 in
1359 629 1442 664 oculi
1458 629 1549 678 ipsius
1564 631 1686 665 vertice
1704 642 1782 666 con-

378 676 520 720 ·stitutus
532 689 605 711 eum
616 678 748 714 attollit.
759 679 922 713 Secundus
936 678 1011 712 huic
1021 677 1184 726 oppositus
1195 691 1270 713 eum
1287 679 1441 726 deprimit
1455 693 1462 714 :
1479 680 1563 714 unde
1578 678 1780 728 illesupetbi,‚

394 726 445 760 hic
459 726 588 762 humilis
602 739 724 762 nomen
738 728 874 775 adeptus
890 727 940 762 est·
955 729 1086 766 Tertius
1100 730 1154 775 qui
1169 727 1214 761 est
1230 726 1402 772 bibitorius
1413 757 1422 771 ,
1436 728 1566 763 oculum
1587 729 1626 763 ad
1645 730 1780 762 interio-

385 787 454 809 rem
469 775 596 809 adducit
605 775 757 824 angulum
774 791 782 812 :
795 776 870 811 huic
883 774 1044 825 oppofitus
1056 805 1065 819 ,
1078 779 1131 824 qui
1144 776 1186 811 est
1196 777 1429 824 indignatorius
1442 804 1451 820 ,
1464 779 1495 811 in
1507 780 1701 812 contrariam
1712 789 1783 825 pat-

386 835 453 858 tem
468 836 540 858 eum
556 819 699 860 abducit.
716 828 794 861 Duo
802 824 916 872 reliqui
928 824 1064 872 oblique
1077 838 1151 860 eum
1165 854 1174 868 ‚
1193 837 1228 859 ut
1239 824 1338 874 vulgo
1347 826 1502 870 creditur,
1518 827 1778 861 circumducunt:

387 873 475 906 unde
491 877 524 908 &
537 875 686 907 amatorii
704 876 897 909 vocitantur.
922 874 1006 908 Cum
1021 872 1143 908 sublato
1156 875 1315 909 intersshos
1330 874 1486 909 musculos
1504 873 1687 922 aeqnilibrio
1700 886 1780 910 unus

384 933 424 955 ex
439 923 475 954 iis
491 920 606 955 fortior
619 922 727 956 evadit
739 950 748 964 ,
766 934 834 956 tum
850 922 934 957 male
952 934 1186 969 contorquetur
1203 923 1330 965 oculus,
1356 925 1403 956 uti
1414 924 1531 957 accidit
1555 925 1586 957 in
1603 922 1780 959 strabismo.

382 970 490 1019 *Qd
509 980 670 1009 tamenne
683 970 777 1017 sicile
787 971 963 1014 accideret,
979 983 1107 1006 cautum
1120 972 1141 1007 ἐι
1152 982 1265 1005 natura
1282 971 1343 1019 suit
1353 1000 1361 1014 ,
1371 972 1450 1006 dum
1464 971 1641 1006 trochleam
1658 971 1698 1005 ad
1714 971 1778 1007 nasi

387 1018 613 1056 radicesvelut
631 1018 772 1054 ansulam
788 1020 948 1065 quandam
967 1019 1122 1067 apposuit,
1134 1032 1204 1067 quae
1220 1020 1633 1056 circumduccntis.nmsculi
1652 1031 1779 1056 motum

387 1065 517 1102 sisteret.
534 1067 566 1101 [d
588 1067 772 1104 etiamsitis
790 1068 959 1102 verisimile
979 1068 1104 1102 videtur
1117 1097 1126 1111 ‚
1145 1067 1272 1102 oculum
1297 1068 1669 1117 nonnihilcomplanari
1681 1098 1692 1113 ,
1707 1081 1780 1104 cum

385 1127 524 1163 quatuor
534 1115 615 1159 resti
625 1115 757 1150 musculi
769 1115 855 1151 fimul
866 1116 1116 1152 contrahuntur:
1142 1128 1178 1151 ut
1192 1115 1228 1151 fit
1239 1115 1502 1166 oblongior&ex
1515 1129 1605 1165 parte
1622 1116 1675 1152 sua
1690 1129 1782 1153 ante-

388 1168 472 1199 riore
482 1164 663 1212 globosior‚
678 1164 735 1199 ubi
746 1164 875 1213 obliqui
888 1164 1019 1200 musculi
1036 1168 1191 1201 contracti
1207 1164 1293 1200 simul
1311 1166 1395 1200 oculi
1415 1166 1548 1214 globum
1561 1179 1721 1214 premunt.
1745 1169 1782 1202 In

389 1215 485 1258 mutis
500 1212 715 1251 animantibus
731 1214 886 1262 septimus
900 1214 989 1248 adest
1001 1213 1169 1257 musculus,
1190 1216 1246 1261 qui
1266 1215 1443 1262 pendulum
1463 1215 1592 1250 oculum
1614 1214 1780 1263 suspendit.

389 1261 611 1297 Musculorum
629 1262 712 1296 oculi
725 1264 911 1297 struzstnram
929 1269 961 1300 &
977 1262 1136 1297 fabricam
1150 1263 1246 1311 paulo
1260 1263 1353 1298 aliter
1366 1264 1509 1312 explicat
1531 1266 1575 1299 D.
1589 1264 1632 1298 du
1646 1266 1780 1312 Verney.

391 1314 437 1347 Ac
448 1310 588 1359 primum
599 1311 730 1358 quidem
742 1314 776 1348 in
795 1324 830 1345 ea
843 1313 884 1346 est
895 1311 1052 1347 sententia
1062 1323 1096 1346 ut
1109 1323 1198 1359 putet
1207 1311 1334 1346 oculum
1342 1311 1364 1348 ὲ
1373 1325 1513 1359 quatuor
1523 1315 1617 1348 reffis
1626 1312 1780 1348 musculis

388 1362 421 1395 in
435 1358 550 1395 orbem
560 1362 705 1406 torqueri
719 1359 805 1409 poss‘e
822 1374 831 1395 ε
846 1374 918 1396 cum
933 1373 1045 1395 eorum
1060 1372 1165 1395 motus
1186 1365 1219 1396 &
1239 1361 1383 1395 actiones
1408 1373 1496 1396 certa
1508 1365 1634 1397 ratione
1647 1365 1782 1410 conjun-

388 1421 504 1458 guntur
517 1411 720 1457 :utinmotu
735 1409 938 1444 brachiorum
951 1415 984 1446 ἃ·
994 1422 1116 1443 crurum
1128 1411 1410 1457 experimur.Nam
1418 1410 1588 1446 humerum
1602 1416 1635 1446 &
1647 1408 1781 1446 brachia

388 1455 769 1502 antrorsum‚retrorsum‚
784 1458 823 1493 ad
837 1459 984 1494 dextram
998 1463 1029 1494 δε
1045 1457 1157 1492 laevam
1173 1470 1228 1506 per
1242 1470 1382 1505 quatuor
1393 1459 1550 1494 musculos
1568 1460 1619 1500 his
1635 1458 1781 1494 motibus

389 1507 561 1541 destinatos
573 1506 789 1550 inflectimus,
803 1519 856 1542 aut
868 1508 1091 1543 extendimus:
1109 1508 1235 1541 Arcum
1252 1506 1356 1553 plures
1372 1507 1528 1542 musculos
1548 1520 1634 1542 certa
1653 1510 1780 1542 ratione

389 1558 632 1605 conjungimus,
655 1567 722 1591 tum
739 1555 821 1592 fiunt
848 1568 954 1604 motus
979 1554 1145 1604 compofiti
1162 1585 1171 1599 ,
1199 1555 1316 1603 quibus
1338 1568 1420 1591 artus
1435 1558 1556 1592 nostros
1573 1557 1781 1592 circumduci-

390 1617 472 1639 muS.

438 1656 550 1701 Qem
561 1664 637 1701 ergo
653 1656 774 1701 inquies
787 1683 795 1696 ‚
810 1655 1016 1695 duomusculi
1028 1652 1156 1701 obliqui
1169 1666 1296 1689 motum
1307 1653 1466 1688 efficiunt?
1483 1654 1546 1690 duo
1556 1683 1565 1698 ,
1579 1656 1696 1704 inquit,
1709 1666 1781 1690 mu-

390 1701 465 1737 sculi
481 1700 607 1749 obliqui
620 1701 878 1751 simul&jun‹5tis
894 1703 1018 1740 viribus
1033 1715 1164 1752 agentes
1177 1732 1185 1746 ,
1205 1704 1281 1738 dum
1301 1704 1576 1739 circumducuntur
1588 1733 1596 1746 ,
1614 1703 1697 1738 oculi
1713 1703 1779 1752 glo.

390 1750 469 1793 bum
487 1750 616 1798 paulum
627 1751 779 1786 attollunt
795 1781 804 1795 ,
829 1758 873 1797 j&
896 1752 1086 1801 suspendunt
1099 1781 1108 1796 ‚
1123 1764 1158 1786 ut
1175 1755 1207 1787 in
1226 1753 1408 1798 aequilibrio
1419 1752 1603 1787 constitutus
1621 1751 1720 1799 quz‘zm
1731 1753 1782 1788 fa-

389 1799 509 1834 'cillimc
521 1798 561 1833 ab
573 1811 636 1834 uno
656 1812 697 1836 ex
710 1803 803 1836 restis
815 1800 960 1837 musculis
971 1813 1142 1836 moveatur
1152 1831 1161 1843 ,
1179 1801 1292 1835 ferent
1307 1814 1377 1835 acus
1389 1803 1420 1836 in
1433 1802 1551 1847 pyxide
1563 1803 1689 1836 nautica
1708 1814 1715 1835 :
1731 1799 1780 1835 se-

389 1860 442 1882 cus
458 1850 544 1881 enim
564 1848 646 1882 oculi
659 1860 763 1882 motus
774 1849 928 1883 sisteretur
941 1849 985 1885 ob
998 1849 1161 1885 affl-ieram
1178 1863 1248 1883 cum
1266 1861 1354 1895 parte
1366 1849 1479 1883 orbit‘e
1492 1849 1609 1884 infimae
1621 1878 1628 1890 ‚
1648 1855 1681 1884 δι
1696 1862 1779 1896 pon-

388 1897 446 1929 dus
457 1894 548 1943 globi
560 1907 633 1930 eum
649 1909 780 1939 augeret
795 1897 968 1932 affiiehim.
992 1901 1035 1932 Ex
1051 1896 1176 1936 duobus
1195 1896 1335 1943 obliquis
1359 1896 1503 1930 musculis
1519 1902 1618 1944 major
1637 1896 1657 1931 Ξῑ
1677 1896 1779 1933 fundo

389 1943 475 1978 oculi
485 1955 570 1984 ortu-s
581 1956 637 1990 per
646 1942 760 1980 orbitx
775 1948 962 1980 interiorem
973 1945 1182 1981 &lateralem
1200 1957 1325 1992 partem
1337 1946 1376 1979 ad
1387 1945 1541 1980 ssimmum
1556 1951 1590 1982 ὃ(
1600 1957 1777 1981 extremum

390 1992 503 2027 orbita:
521 1994 697 2037 imrsginem
710 1994 931 2041 progreditur,
946 1993 1000 2027 ubi
1016 1994 1158 2028 trochlea
1170 1995 1211 2028 cst
1225 1992 1341 2038 affixa,
1363 1994 1436 2029 hinc
1453 1994 1556 2029 versus
1583 1997 1779 2035 exteriorem

393 2041 546 2089 angulum
558 2039 692 2075 reflexus
709 2044 741 2076 in
760 2043 870 2076 medio
886 2041 977 2090 globi
996 2040 1147 2076 inseritur.

420 2089 582 2135 Obliquus
595 2091 698 2124 minor
716 2089 757 2123 ab
775 2091 919 2125 inferiori
934 2103 1023 2139 parte
1037 2093 1198 2125 interioris
1225 2091 1330 2137 anguli
1362 2103 1449 2126 ortus
1465 2103 1590 2134 partem
1625 2089 1717 2139 globi
1733 2092 1779 2127 in-

389 2139 542 2173 feriorem
553 2138 735 2187 complexus
748 2138 863 2175 sursum
874 2139 1014 2175 ascendit
1026 2168 1035 2183 ‚
1052 2153 1111 2174 nec
1122 2139 1229 2188 procul
1241 2140 1391 2187 iimajore
1401 2145 1433 2176 δε
1442 2139 1579 2188 obliquo
1593 2140 1720 2188 angulo
1733 2153 1779 2175 ina

386 2188 507 2225 seritur.

432 2239 531 2273 Nunc
542 2237 582 2271 ad
596 2235 688 2284 ipsius
703 2237 785 2272 oculi
799 2236 956 2272 fabricam
977 2238 1175 2272 veniendum
1195 2253 1202 2273 ς
1227 2240 1252 2271 is
1274 2237 1375 2272 tribus
1399 2237 1520 2271 constat
1537 2236 1731 2273 membranis
1744 2243 1778 2274 δε.

390 2285 529 2321 totidem
542 2284 740 2322 humoribus.
761 2286 956 2321 Membrana
969 2288 1115 2321 omnium
1131 2285 1285 2321 durissima
1300 2316 1309 2329 ‚
1336 2297 1473 2332 quaeque
1500 2287 1542 2319 est
1570 2287 1652 2320 durae
1669 2289 1778 2321 matris

389 2347 550 2382 propago,
562 2334 653 2370 densa
665 2335 708 2369 est
718 2336 893 2370 admodum
906 2340 937 2371 &
951 2334 1040 2370 firma
1055 2365 1062 2378 2
1083 2348 1171 2382 parte
1183 2336 1355 2382 posteriore
1370 2332 1543 2375 sclerotica,
1564 2332 1585 2368 sz·
1598 2347 1615 2367 u
1630 2336 1701 2368 dura
1716 2349 1778 2370 no-

387 2385 525 2419 ininitur
544 2412 555 2427 ,
587 2396 622 2420 ut
644 2396 714 2432 pars
737 2384 820 2421 illius
843 2386 985 2420 anterior
1010 2397 1130 2420 cornea
1161 2387 1332 2421 vocitatur.
1379 2386 1424 2419 Ex
1453 2382 1669 2419 musculorum
1704 2394 1778 2425 ten„

1875 1716 1878 1752 ἰ

1874 1756 1878 1788 J

1874 1821 1878 1862 i
