1878 2724
537 147 607 184 DE
659 146 954 182 PLANTIS.
1350 157 1419 191 447

41 195 181 236 exterius
199 194 410 232 revolvuntur
420 224 431 240 ,
450 196 502 231 sed
521 199 620 245 magis
637 196 677 230 ad
690 198 842 231 interiora
856 195 888 230 se
903 193 1091 235 reflestunt‚
1107 202 1141 228 ut
1164 192 1311 227 intimam
1330 192 1416 228 floris

43 257 169 295 partem
178 257 330 286 tueantur.
345 246 507 281 Interdum
521 257 593 294 pars
609 244 756 293 cujusque
771 244 859 281 floris
869 243 981 280 infima
991 270 1001 284 ,
1015 254 1153 290 quaeque
1164 243 1274 289 unguis
1293 245 1417 277 vocita.

41 297 69 330 ti
78 293 184 337 solet,
199 293 315 332 villosa
328 296 374 330 est
389 295 496 342 ,quod
516 296 726 330 tenerrimam
735 293 822 329 floris
840 304 966 342 partem
978 319 989 335 ‚
1006 290 1059 326 seu
1074 303 1130 325 cor
1150 292 1301 326 intimum
1322 303 1418 340 tegat,

42 353 78 379 ut
98 344 133 378 in
147 343 286 391 pisorum
303 343 440 379 floribus
452 373 462 388 ,
477 349 512 381 &
528 346 559 378 in
573 342 643 379 aliis
657 341 766 391 passim
778 344 948 378 cernimus.

75 391 172 426 Floris
186 392 334 442 cujusque
345 392 426 428 folia
435 405 490 427 cor
501 391 604 442 ipsum
618 421 628 436 ,
640 395 753 428 imo&
766 391 910 426 studitum
924 399 1038 439 tegunt
1047 418 1058 432 ,
1066 399 1101 423 ut
1110 388 1201 436 calyx
1211 387 1327 424 florem
1337 400 1415 424 con-

42 438 145 480 servat
160 446 194 478 &
207 451 328 478 tuetur:
345 444 378 476 in
394 444 498 490 pomis
522 453 578 476 aut
593 442 680 489 pyris
692 469 702 484 ‚
716 453 851 487 quorum
869 438 967 487 pulpa
984 437 1114 473 solidior
1132 439 1175 472 est
1189 466 1198 480 ,
1226 437 1348 473 fruetus
1363 437 1417 472 sub

42 487 112 536 ipsis
135 488 224 525 foliis
244 490 420 526 delitescit:
439 490 491 525 sed
506 492 539 525 in
557 488 667 524 cerasis
680 518 690 533 ‚
705 495 742 526 ¹&
754 488 825 524 aliis
846 486 1060 523 tenerioribus
1074 514 1084 530 ‚
1097 489 1180 522 intra
1197 485 1317 523 florum
1338 486 1418 522 folia

41 537 273 574 concluduntur
282 569 291 584 ,
305 541 432 589 maj0ris
445 538 618 574 securitatis
630 537 730 574 causa.

66 587 180 622 Tertia
190 600 293 635 eaque
306 600 340 623 ur
350 589 477 624 videtur
494 587 708 636 Authorijam
724 587 802 634 saepe
820 584 951 620 laudato
971 588 1129 634 praecipua
1144 584 1230 620 floris
1248 597 1319 634 pars
1334 614 1343 628 ,
1364 598 1419 620 cot

41 637 315 685 vocitatur3idque
331 637 464 685 duplicis
474 637 520 671 est
528 638 668 685 generis.
684 635 843 682 Pleri‘ique
857 636 945 669 enim
958 634 1048 670 velut
1058 636 1092 669 in
1106 635 1237 683 granula
1249 634 1417 683 distingui-

43 694 93 720 tur
104 713 114 728 ,
131 695 165 719 ut
175 687 209 721 in
219 685 289 721 lilio
301 692 333 724 ὅ(
345 686 465 734 tulippa
477 700 484 721 :
497 697 681 733 quanquam
690 684 746 719 illa
761 696 838 718 cava
851 683 920 718 sunt
931 712 941 726 ,
952 696 1019 718 non
1027 681 1136 726 solida,
1149 689 1182 720 &
1195 683 1326 732 pulvere
1335 696 1419 731 quo-

40 732 116 768 dam
132 732 327 782 implentur:
351 747 426 770 eum
439 746 517 770 vero
531 733 696 782 pulverem
708 735 764 781 qui
781 745 819 767 ex
830 732 877 766 his
889 731 1028 780 granulis
1040 734 1199 768 excutitur
1208 761 1218 776 ,
1228 744 1267 768 ex
1278 731 1421 769 minutis-

40 779 123 816 simis
144 782 284 830 globulis
307 785 447 819 constare
465 781 676 831 microscopio
694 781 958 830 deprehenditur..

83 833 211 866 FruCkus
225 833 337 867 itidem
352 845 391 868 ex
408 831 625 875 membranis,
647 831 901 879 parenchymate
925 836 959 867 &
986 829 1111 879 lignosis
1131 827 1275 877 partibus
1300 829 1420 864 coales-

40 889 126 915 cunt.
140 879 294 916 Pellicula
304 893 356 917 ex.
371 894 417 930 gr.
427 883 499 930 pyri
515 892 570 915 aut
581 882 669 928 pomi
679 892 716 914 ex
726 882 805 914 rami
824 877 915 926 ipsius
934 879 1124 914 membrana
1145 877 1280 913 dilatata
1294 895 1303 921 3
1324 878 1420 926 pulpa

40 927 156 964 itidem
169 941 208 963 ex
216 931 469 978 parenchymate
478 931 596 965 oritur:
609 941 680 976 quae
695 930 789 963 initio
801 927 877 962 dura
893 927 936 962 est
949 956 958 970 ‚
969 933 1007 964 δε
1022 928 1147 976 agrestis
1163 941 1171 963 ι
1189 925 1241 961 sed
1264 927 1421 974 paulatim

41 976 179 1012 mitescit
190 1006 200 1020 ‚
214 980 263 1013 uti
275 984 309 1016 &
322 978 463 1014 medulla
473 980 506 1014 in
519 980 611 1013 certis
625 976 783 1012 radicibus
796 993 805 1021 ·,
820 974 906 1012 fi-brae
915 976 998 1012 nihil
1009 974 1078 1013 sunt
1089 975 1145 1012 nisi
1156 977 1298 1024 corporis
1317 975 1422 1024 ligno-

40 1022 62 1059 si
78 1023 215 1063 soboles.

68 1073 173 1109 Fibrae
188 1081 321 1123 majores
338 1079 370 1113 in
381 1090 482 1125 pomo
500 1077 686 1126 plerumque
705 1075 774 1110 sunt
792 1075 987 1121 quindecim.
1006 1077 1132 1111 Harum
1145 1075 1258 1109 decem
1280 1088 1336 1123 per
1352 1076 1424 1124 pul-

39 1134 116 1170 pam
129 1134 182 1159 aut
203 1126 422 1175 parenchyma
434 1126 551 1162 diffusae
568 1127 601 1160 in
614 1123 745 1159 oculum
758 1123 856 1171 ipsum
872 1153 881 1167 ,
899 1123 985 1171 quasi
1003 1126 1035 1159 in
1051 1124 1238 1159 umbilicum
1256 1123 1398 1160 desinunt
1413 1139 1421 1160 :

39 1170 172 1219 reliquae
185 1175 272 1208 reeta
283 1173 303 1209 'a
315 1175 495 1222 pedunculo
510 1177 541 1209 in
553 1173 684 1209 oculum
698 1173 850 1208 feruntur.
866 1173 1061 1220 Quanquam
1074 1175 1107 1208 in
1121 1172 1186 1221 ipso
1199 1174 1315 1207 itinere
1336 1175 1423 1209 varie

39 1231 112 1255 cum
128 1220 197 1255 aliis
208 1222 453 1258 commiscentur
463 1253 473 1267 ,
490 1234 600 1270 eaeque
612 1220 654 1255 ab
667 1220 782 1270 insigni
792 1220 871 1256 fibra
909 1221 1058 1256 edunculi
1095 1222 1234 1256 rodeunt
1244 1249 1253 1263 ,
1267 1226 1300 1257 &
1311 1222 1350 1256 ad
1360 1220 1422 1257 flo-

39 1279 109 1303 rem
122 1271 260 1316 primum
273 1271 426 1306 feruntur.
442 1272 505 1306 Sed
518 1271 574 1306 ubi
589 1269 710 1304 fructus
728 1282 861 1304 omnem
888 1281 998 1304 uccum
1013 1269 1053 1304 ad
1078 1282 1095 1305 e
1105 1273 1190 1318 rapit
1203 1298 1212 1311 ,
1225 1268 1286 1303 flos
1298 1269 1362 1318 ipse
1373 1282 1423 1306 ta-

42 1314 161 1362 bescit,
183 1324 217 1356 &
239 1318 407 1355 exsiccatur
421 1349 430 1363 ,
450 1333 486 1355 ac
500 1322 645 1368 quinque
662 1317 724 1353 illae
747 1317 835 1364 fibrae
855 1318 973 1353 fructui
997 1320 1169 1353 nutriendo
1191 1319 1344 1366 deinceps
1359 1318 1422 1354 ser-

41 1368 139 1402 viunt
153 1367 296 1404 :tametsi
309 1371 411 1406 trastu
424 1371 577 1419 temporis
587 1366 759 1403 seminibus
768 1366 840 1416 ipsis
850 1367 954 1403 frudku
966 1366 1115 1402 conclusis
1134 1369 1327 1416 praecipuam
1340 1380 1421 1417 ope,

40 1426 109 1450 tam
128 1417 328 1465 impendunt.

76 1467 112 1502 In
125 1468 211 1513 pyris
224 1479 339 1514 praeter
353 1479 405 1501 eas
415 1478 522 1514 partes
530 1478 720 1510 communes
734 1494 742 1508 ,
756 1465 797 1499 de
811 1463 927 1512 quibus
943 1478 1018 1500 mox
1036 1469 1160 1515 egimus
1170 1494 1180 1509 ,
1194 1465 1236 1500 est
1251 1477 1319 1514 pars
1334 1478 1419 1513 quae-

42 1512 117 1548 dam
135 1515 259 1562 petrosa
276 1545 285 1559 ‚
305 1516 367 1551 ho:
385 1515 492 1550 durior
505 1543 512 1553 ,
526 1513 595 1562 quo
611 1514 705 1550 oculo
727 1513 782 1562 ipsi
801 1525 856 1547 aut
880 1513 1036 1548 umbilico
1068 1515 1115 1548 est
1135 1516 1265 1563 propior
1280 1543 1290 1557 ,
1315 1527 1420 1562 eaque

41 1561 173 1605 forsitan
184 1575 222 1597 ex
236 1567 329 1599 variis
348 1563 428 1599 succi
448 1563 632 1598 alimentitii
654 1563 798 1610 partibus
822 1564 1025 1610 praecipitatis
1040 1591 1050 1606 ,
1067 1569 1100 1598 δε
1122 1566 1266 1597 tartareis
1290 1566 1421 1612 exurgit.

43 1611 141 1647 Unde
153 1624 223 1660 pars
235 1613 336 1661 pulpae
348 1616 430 1647 inter
443 1613 546 1647 nodos
560 1611 631 1647 illos
642 1610 783 1659 petrosos
795 1639 804 1653 ‚
825 1616 857 1645 &
875 1610 993 1658 pellem
1004 1614 1190 1660 interjacens
1206 1610 1317 1646 melius
1333 1611 1421 1660 sapit,

42 1671 140 1706 quam
153 1672 223 1708 pars
236 1661 336 1696 altera
357 1663 428 1709 pyri
447 1660 567 1694 acidior
581 1688 590 1703 ‚
606 1672 703 1707 quam
716 1659 809 1694 nullae
824 1658 914 1696 fibrae
927 1659 1128 1707 pervadunt:
1151 1672 1225 1694 nam
1243 1662 1418 1708 praecipita,

44 1710 149 1745 tiones
163 1707 225 1742 illae
248 1711 435 1745 aciditatem
458 1709 632 1758 frangunt,
653 1720 687 1743 ut
702 1721 773 1744 cuin
794 1719 919 1743 acetum
941 1708 1074 1743 corallio
1102 1707 1421 1752 affunditur‚omnes

42 1755 113 1790 suos
127 1756 255 1791 aculeos
265 1760 367 1807 ponit.

76 1807 155 1840 Non
169 1805 262 1840 aliter
281 1807 348 1842 fere
366 1808 442 1842 testa
456 1810 487 1842 in
504 1810 608 1855 prunis
627 1806 800 1842 concrescit
812 1835 822 1850 ,
846 1819 941 1855 :itque
955 1809 987 1841 in
999 1808 1086 1855 pyris
1109 1805 1177 1855 ipsis
1194 1818 1264 1854 pars
1282 1807 1419 1854 petrosi,

43 1858 78 1890 δε
90 1853 176 1901 quasi
193 1854 385 1902 lapidicina:
399 1855 455 1891 nisi
464 1857 551 1904 quod
571 1859 688 1892 arctius
702 1867 807 1904 partes
834 1856 892 1891 illae
911 1868 1051 1891 tartareae
1065 1858 1097 1891 in
1114 1858 1222 1904 prunis
1235 1884 1245 1899 ,
1273 1861 1307 1893 &
1330 1856 1421 1891 malis

41 1901 168 1951 perficis
177 1916 211 1939 .v.
224 1903 278 1938 des
287 1905 408 1953 pesches
431 1907 516 1940 inter
527 1904 590 1940 sese
601 1905 783 1941 cohaereant
792 1934 802 1948 ,
812 1918 852 1940 eo
865 1906 935 1941 fere
952 1905 1051 1940 modo
1069 1917 1135 1952 quo
1148 1916 1243 1939 arena
1255 1932 1264 1947 ,
1282 1916 1338 1940 aut
1355 1905 1422 1940 cal-

44 1947 129 1986 culus
137 1955 175 1987 in
186 1951 316 1988 renibus
328 1965 382 1988 aut
396 1953 494 1989 vesica
504 1954 689 1991 concrescit.
705 1956 842 1989 Interior
854 1966 960 1990 autern
974 1965 1045 2002 pars
1064 1953 1170 1989 nuclei
1188 1965 1224 1988 ex
1245 1964 1334 2002 parte
1349 1967 1420 1989 me.-

37 1998 167 2041 ,dullosa
179 2001 287 2048 prodit
300 2031 311 2045 ,
334 2014 436 2048 eaque
453 2014 511 2050 per
529 2002 643 2047 fibram
658 2005 749 2051 grani
774 2006 965 2051 praecipuam
981 2001 1063 2037 subit
1076 2031 1085 2045 ‚
1106 2014 1144 2036 ea
1158 2003 1310 2037 nimirum
1331 2015 1422 2051 parte

45 2060 107 2095 qua
126 2061 210 2097 apex
224 2048 314 2097 ipsius
329 2053 418 2098 grani
437 2063 509 2085 curn
524 2053 676 2085 interiore
685 2052 766 2086 testa
781 2054 994 2100 conjungitur.
1008 2054 1089 2087 Sunt
1097 2053 1183 2086 enirn
1195 2053 1226 2085 in
1242 2062 1345 2096 pruno
1354 2065 1419 2100 v.g.

45 2099 186 2144 quinque
199 2097 285 2133 fibrae
302 2100 478 2146 principes,
491 2111 625 2146 quatuor
636 2100 655 2135 Ξι
669 2099 734 2133 basi
745 2102 776 2134 in
793 2097 989 2148 superficiem
1004 2099 1187 2148 sparguntur
1201 2113 1208 2134 :
1224 2098 1275 2133 sed
1293 2113 1331 2135 ex
1357 2113 1422 2135 uno

46 2144 146 2180 latere
169 2159 232 2180 una
250 2148 314 2181 exit
333 2146 469 2181 solitaria
491 2176 501 2190 ‚
523 2159 594 2193 quae
610 2148 650 2182 ad
668 2150 818 2185 intimum
839 2148 989 2184 nucleum
1002 2178 1012 2192 ,
1032 2160 1084 2184 aut
1109 2161 1241 2197 granum
1253 2176 1263 2191 ‚
1284 2155 1318 2185 δε
1335 2147 1421 2196 quasi

46 2195 251 2243 amygdalum
265 2198 420 2244 praecipue
441 2197 591 2243 pertinet.

81 2244 185 2281 Baccae
196 2257 309 2280 omnes
319 2256 405 2287 ,uvae
417 2272 426 2285 ,
442 2249 475 2280 &
485 2243 547 2278 alia
560 2244 648 2292 hujus
660 2247 783 2292 generis
807 2245 956 2280 constant
980 2246 1094 2280 itidem
1118 2245 1202 2293 pelle
1213 2273 1223 2288 ,
1242 2244 1421 2291 pai-enchy-

33 2302 135 2338 :mate
150 2321 159 2335 ,
174 2298 208 2329 &
221 2296 325 2330 nervis
336 2305 391 2327 aut
403 2291 546 2328 fibrinis:
562 2293 778 2341 parenchyma
797 2306 875 2328 vero
896 2294 940 2328 est
957 2294 1074 2343 duplex
1090 2323 1099 2336 ‚
1117 2295 1256 2339 primum
1282 2294 1347 2325 cuti
1365 2293 1421 2328 ad-

33 2339 200 2380 ¹haerescit,
218 2342 313 2388 idque
331 2342 452 2376 acidius
470 2341 515 2375 est
527 2370 535 2384 ‚
549 2346 581 2378 δε
601 2341 744 2375 acerbius
759 2344 910 2386 3interius
929 2354 1014 2380 vero
1027 2344 1128 2388 magis
1141 2340 1230 2388 sapit.

74 2387 245 2439 fruetuum
258 2390 364 2427 succus
383 2389 573 2440 plerumque
585 2388 688 2427 suavis
702 2390 768 2426 est:
784 2391 872 2438 quod
881 2389 1005 2428 crassior
1021 2393 1053 2428 in
1072 2390 1159 2427 foliis
1170 2418 1178 2432 ,
1192 2390 1300 2438 purior
1315 2391 1346 2424 in
1360 2388 1426 2427 fm-
