1878 2724
349 139 409 183 632
882 131 910 169 1>
934 133 970 169 H
991 132 1023 170 Y
1047 135 1069 170 S
1091 135 1106 170 1
1128 132 1159 170 C
1180 134 1222 171 ᾹΞ

871 231 905 267 C
931 233 962 268 A
989 235 1013 270 P
1037 235 1072 271 U
1094 235 1127 270 T
1174 234 1260 270 111.

662 335 719 368 De
729 339 814 368 motu
827 332 1016 381 fitnguim's,
1037 330 1079 367 ὠ·
1093 331 1183 368 illius
1201 330 1419 368 circulatione.

349 431 452 519 EX
470 431 509 466 iis
524 440 596 478 quae
612 429 652 465 de
664 430 821 467 structura
838 434 872 467 δε
882 441 975 465 motu
983 430 1088 465 cordis
1102 429 1240 467 diximus
1253 460 1264 476 ‚
1278 430 1374 468 facile
1390 427 1583 479 intelligitur
1595 428 1754 480 sanguinis

422 492 525 515 morus
536 509 544 523 ‚
561 483 594 516 in
607 493 674 529 quo
685 483 823 516 maxime
835 484 900 514 vita
917 478 1061 516 confistit.
1080 482 1169 516 Nam
1185 480 1307 529 sanguis
1323 494 1360 517 ex
1371 493 1454 518 vena
1466 491 1545 515 cava
1557 481 1590 514 in
1607 480 1755 515 dextram

350 531 459 564 cordis
473 529 646 564 auriculam
656 559 666 574 ,
678 542 748 565 tum
758 533 790 566 in
801 528 980 578 subjectum
995 530 1099 564 cordis
1111 530 1331 567 ventriculum
1343 529 1516 566 delabitur.
1542 530 1653 564 Corde
1673 540 1756 563 con-

352 581 458 615 tracto
469 581 501 614 in
511 578 622 627 systole
632 592 687 628 per
703 581 857 615 arteriam
869 579 1062 627 pulmonum
1074 581 1281 624 e‘icitur‚tum
1291 583 1451 629 perssvenae
1461 579 1672 629 pulmonariae
1683 579 1755 612 exi-

351 627 400 663 les
415 640 521 663 ramos
535 631 569 664 in
589 629 671 664 illius
684 641 832 665 truncum
845 657 855 672 ‚
874 628 1007 663 tandem
1023 630 1055 663 in
1078 596 1237 664 sinistrum
1254 630 1360 665 cordis
1376 628 1476 665 sinum
1500 626 1563 664 sese
1578 637 1758 670 exonerat5

351 678 439 713 unde
455 680 490 713 in
502 690 656 727 magnam
669 681 836 723 arteriam,
851 689 950 726 atque
965 679 998 712 in
1011 676 1096 713 illius
1113 678 1281 727 capillares
1297 691 1404 716 ramos
1419 691 1494 714 cum
1506 680 1633 726 impetu
1648 689 1758 711 erum-

350 728 402 775 pit
411 755 421 771 ‚
440 726 527 775 quasi
544 727 565 763 'a
576 739 689 763 centro
698 728 739 762 ad
749 726 1044 762 circumferentiam
1054 726 1172 776 pulsus.
1183 727 1238 762 Ab
1257 728 1307 763 his
1319 728 1478 764 arreriolis
1492 739 1550 776 per
1567 726 1758 774 interjed’ms

350 778 453 812 carnis
462 788 588 812 meatus
600 779 632 812 in
644 777 775 813 venulas
793 778 967 812 revertitur
982 804 992 819 ‚
1011 788 1050 810 ex
1071 776 1191 824 quibus
1204 779 1236 812 in
1254 781 1390 826 majores
1412 789 1519 813 ramos
1533 805 1543 822 ,
1567 775 1701 811 tandem
1721 777 1757 810 in

353 835 503 861 truncum
518 838 609 861 venae
619 838 707 862 cavae
717 855 726 870 ‚
736 839 773 861 ac
785 826 886 861 rursus
901 827 935 862 in
949 826 1098 860 dextrum
1112 827 1220 862 cordis
1237 826 1335 862 sinum
1350 826 1535 862 effunditur.
1555 826 1624 871 Qi
1640 825 1760 859 circui-

354 885 403 909 tus
420 874 579 923 sanguinis
588 876 697 910 nostra
707 886 803 910 aetate
814 874 857 909 ab
871 876 1014 908 Harvaeo
1026 875 1134 922 Anglo
1147 875 1192 909 est
1203 876 1419 923 deprehensus
1431 905 1442 920 ,
1456 881 1490 913 &
1501 886 1552 910 tot
1564 873 1762 909 demonstra-

355 923 502 959 tionibus
513 926 651 958 munitus
665 952 676 968 ,
690 935 725 958 ut
741 936 808 959 non
821 923 906 958 aliud
918 921 955 957 fit
965 924 997 957 in
1015 933 1083 957 tota
1094 922 1226 972 Physica
1235 930 1269 961 &
1280 925 1449 959 Medicina
1457 924 1567 966 utilius
1576 924 1762 966 inventum,

353 977 390 1009 δ(
405 971 534 1007 uberius
550 971 738 1020 probatum.
769 974 946 1020 Praecipuas
970 971 1061 1018 hujus
1085 972 1303 1008 circulationis
1333 972 1624 1008 demonstrationes
1641 969 1760 1007 affere-

354 1033 425 1057 mus
439 1049 448 1064 ,
461 1034 526 1056 non
540 1032 575 1055 ut
587 1033 643 1069 par
660 1020 737 1056 effer
748 1049 758 1062 ,
772 1026 806 1057 &
818 1033 867 1054 res
882 1032 950 1056 tam
961 1019 1111 1067 praeclara
1122 1020 1315 1068 postularet,
1327 1021 1475 1056 dilatatas
1485 1049 1497 1064 ‚
1510 1019 1565 1055 sed
1579 1019 1762 1056 contrastas

354 1070 551 1113 admodum,
564 1080 600 1104 ut
622 1071 677 1118 qui
695 1070 735 1104 ad
749 1070 885 1105 instituti
896 1070 1003 1117 operis
1021 1066 1122 1104 finem
1141 1081 1363 1118 properemus,

354 1119 518 1169 {Primum
529 1121 640 1166 iraque
650 1118 835 1168 sanguinem
851 1131 892 1153 ex
908 1117 1005 1152 corde
1018 1119 1051 1152 in
1062 1120 1254 1162 arterias‚ex
1269 1120 1307 1153 iis
1323 1120 1358 1154 in
1372 1129 1469 1154 venas
1481 1117 1522 1153 ad
1536 1129 1592 1153 cor
1605 1117 1764 1163 refluere,

356 1182 400 1204 ex
415 1167 508 1229 ipsius
523 1169 628 1203 cordis
639 1167 762 1204 fabrica
774 1174 807 1205 &
819 1179 913 1202 motu
922 1165 1094 1215 colligitur.
1113 1170 1202 1205 Nam
1216 1166 1341 1217 lingulis
1351 1166 1490 1216 pulfibus
1500 1167 1623 1215 aliquid
1633 1166 1763 1217 sangui-

356 1219 408 1255 nis
428 1231 446 1253 e
465 1218 563 1252 corde
578 1219 614 1253 in
627 1220 758 1253 arterias
769 1219 910 1266 erumpit
927 1229 934 1251 :
954 1228 1093 1264 cumque
1107 1219 1190 1253 intra
1203 1219 1293 1253 unius
1304 1217 1392 1253 horae
1406 1216 1544 1266 spatium
1561 1228 1611 1252 ter
1626 1216 1715 1252 mille
1726 1222 1762 1255 δε

357 1267 497 1316 amplius
515 1268 637 1302 arteriae
653 1266 757 1316 pulsus
770 1277 979 1303 numerentur
990 1283 1000 1310 ·‚
1011 1268 1110 1301 etiam
1122 1265 1143 1302 fi
1157 1279 1222 1302 una
1234 1279 1289 1302 aur
1306 1266 1406 1302 altera
1429 1278 1556 1302 tantum
1575 1278 1669 1315 gutta
1692 1265 1764 1302 san-

358 1319 463 1366 guinis
474 1328 674 1364 unoquoque
683 1315 772 1365 pulsu
790 1317 807 1352 ὲ
821 1316 920 1351 corde
936 1315 1114 1365 proflueret
1126 1345 1137 1360 ‚
1154 1314 1279 1352 necesse
1294 1319 1431 1352 omnino
1447 1315 1536 1351 foret
1549 1327 1585 1350 ut
1602 1314 1764 1365 sanguinis

359 1365 456 1401 maffa
464 1378 521 1400 cor
535 1368 616 1400 intra
628 1379 727 1401 unum
740 1378 794 1401 aut
809 1365 948 1401 alterum
958 1365 1045 1399 diem
1057 1376 1125 1401 tota
1135 1364 1338 1415 pertranfiret
1355 1378 1410 1402 :ac
1419 1364 1439 1400 fi
1449 1378 1517 1401 non
1528 1365 1614 1400 redit
1624 1364 1765 1414 sanguis,

357 1410 453 1450 brevi
467 1427 522 1449 cor
534 1413 686 1465 sanguine
701 1416 933 1451 destitueretur.
948 1413 1074 1451 Verum
1085 1415 1149 1450 hoc
1156 1427 1382 1464 argumentum
1399 1413 1507 1450 multo
1522 1413 1580 1450 fier
1598 1414 1762 1460 illustrius,v

359 1464 381 1500 fi
394 1477 464 1511 quae
473 1468 542 1512 jam
553 1465 691 1500 diximus
704 1494 714 1509 ‚
738 1465 837 1513 paulo
852 1463 1010 1500 attentius
1020 1463 1267 1501 considerentur.
1287 1468 1377 1503 Nam
1398 1466 1432 1500 in
1444 1476 1639 1512 unaquaque
1657 1463 1764 1499 cordis

359 1513 478 1563 systole
492 1514 662 1549 ventriculi
675 1514 780 1550 cordis
792 1526 876 1563 pene
888 1515 950 1549 toti
962 1513 1187 1550 exhauriuntur
1201 1542 1211 1558 ,
1226 1527 1334 1559 neque
1342 1527 1405 1550 una
1417 1525 1474 1548 aut
1486 1513 1587 1549 altera
1603 1512 1764 1562 sanguinis

360 1575 455 1612 gutta
467 1561 540 1606 ,sed
550 1563 750 1600 semi-uncia:
773 1569 807 1601 &
826 1563 962 1613 amplius
987 1563 1115 1612 pondus
1138 1565 1304 1614 erumpit3
1322 1564 1421 1613 idque
1435 1562 1547 1599 multis
1569 1591 1581 1608 ,
1599 1561 1705 1597 adhuc
1721 1560 1765 1597 li..

362 1625 461 1661 quere
483 1612 591 1660 potest
605 1616 813 1662 argumentis.

402 1670 431 1695 ιο
444 1662 544 1708 Qod
563 1675 629 1698 non
642 1665 795 1712 guttatim
815 1661 938 1712 sanguis
962 1664 995 1697 in
1014 1675 1070 1698 cor
1086 1661 1217 1707 influat,
1235 1668 1268 1700 &
1289 1663 1346 1700 nifi
1366 1672 1476 1711 pateat
1494 1660 1642 1711 sanguini
1659 1661 1766 1696 exitus

363 1709 457 1745 brevi
469 1711 588 1746 animal
602 1725 666 1759 prae
680 1714 771 1761 copia
790 1710 949 1760 sanguinis
959 1711 1139 1750 suffocetur.
1151 1721 1188 1749 2⁰
1205 1713 1395 1762 Compreffa
1408 1724 1491 1748 vena
1512 1723 1592 1745 cava
1602 1709 1661 1745 ubi
1681 1710 1699 1746 ὲ
1714 1714 1766 1758 je-

363 1772 440 1794 core
450 1759 593 1795 ascendit
604 1791 612 1805 ‚
626 1761 719 1797 brevi
738 1761 844 1797 versus
857 1773 915 1796 cor
935 1763 1077 1797 inanitur
1089 1792 1097 1807 ,
1115 1776 1152 1798 ac
1168 1762 1317 1812 depletur
1334 1781 1343 1807 3
1360 1759 1538 1810 compressa
1559 1760 1675 1794 itidem
1693 1770 1767 1794 aor-

364 1820 398 1844 ta
417 1822 472 1844 cor
493 1810 599 1845 statim
609 1810 707 1858 usque
715 1812 754 1846 ad
768 1811 908 1846 livorem
921 1809 1106 1847 intumescit
1117 1840 1126 1854 ‚
1137 1818 1172 1849 &
1184 1824 1292 1861 turget
1302 1825 1367 1861 prae
1383 1811 1547 1859 sanguine.
1558 1824 1587 1855 30
1598 1810 1693 1843 Secta
1703 1807 1766 1842 ali-

363 1870 429 1905 qua
439 1861 555 1893 arteria
567 1888 576 1902 ‚
594 1862 676 1894 intra
687 1862 779 1895 unius
793 1860 877 1894 horae
888 1861 1074 1906 quadrantis
1087 1859 1222 1908 spatium
1234 1890 1243 1904 ‚
1260 1867 1294 1898 &
1313 1862 1411 1909 longe
1425 1857 1521 1894 citius
1537 1869 1623 1894 totus
1640 1857 1765 1905 sanguis

362 1905 467 1941 effluit
481 1936 489 1948 ,
509 1909 564 1953 qui
574 1919 685 1942 tamen
705 1909 721 1943 ὲ
737 1909 834 1942 corde
848 1919 976 1943 manat:
988 1920 1049 1942 nec
1059 1908 1153 1945 facile
1166 1908 1223 1944 fisti
1235 1909 1454 1957 potest‚donec
1471 1909 1571 1942 animi
1583 1905 1765 1953 deliquium

363 1954 545 1990 accelserit:
565 1967 632 1990 tum
652 1958 738 2000 enim
752 1954 890 1991 <effante
906 1957 1010 1990 cordis
1022 1956 1110 2004 pulsu
1122 1986 1132 2001 ,
1155 1958 1293 1993 salientis
1307 1972 1378 1993 cum
1397 1959 1521 2005 impetu
1534 1955 1693 2004 sanguinis
1716 1957 1766 1990 vis

361 2004 561 2053 infringitur.
573 2007 662 2040 Hinc
674 2005 822 2040 laniones
836 2005 1010 2053 postquam
1028 2004 1150 2043 bovem
1163 2006 1380 2054 percusserunt
1393 2035 1403 2050 ,
1418 2007 1521 2041 statim
1531 2018 1627 2040 unam
1640 2016 1679 2039 ex
1693 2016 1767 2040 cer.

363 2056 442 2088 vicis
457 2057 582 2089 arteriis
600 2053 727 2098 secant,
745 2067 784 2089 ex
801 2067 864 2102 qua
875 2053 1000 2104 sanguis
1013 2054 1106 2091 brevi
1121 2059 1227 2092 omnis
1242 2055 1397 2105 profluit:
1419 2054 1489 2091 imo
1505 2054 1560 2090 vel
1573 2055 1591 2091 ὲ
1609 2053 1692 2089 secta
1705 2066 1767 2089 ve-

363 2116 406 2138 na
416 2105 480 2137 cito
492 2115 577 2138 totus
593 2102 714 2151 sanguis
731 2117 741 2137 <
752 2103 836 2139 ffluir
850 2133 858 2147 ,
877 2110 909 2140 &
922 2102 1061 2138 cillante
1074 2107 1178 2141 cordis
1194 2118 1283 2141 motu
1307 2119 1372 2154 prae
1387 2107 1506 2141 timore
1527 2104 1617 2140 nulla
1635 2103 1679 2138 est
1699 2103 1770 2141 san-

361 2154 466 2199 guinis
480 2155 606 2200 etuptio
619 2181 628 2195 ‚
640 2152 770 2188 disculso
782 2166 900 2187 timore
911 2152 1064 2201 sanguinis
1077 2168 1209 2202 quoque
1221 2155 1323 2191 fluxus
1343 2157 1439 2190 redit.
1458 2162 1500 2199 4⁰
1512 2155 1586 2188 Huc
1601 2166 1609 2185 ‹
1622 2155 1699 2188 tiam
1711 2165 1768 2188 ac·

364 2202 451 2235 cedit
463 2202 550 2248 quod
565 2203 593 2236 in
608 2204 687 2236 vivo
706 2202 859 2245 animali,
879 2201 965 2237 feeio
980 2204 1086 2237 cordis
1101 2217 1256 2240 mucrone
1272 2233 1281 2247 ,
1300 2203 1356 2239 ubi
1379 2205 1493 2252 digitus
1516 2204 1703 2238 immittitur
1716 2231 1725 2241 ,
1738 2204 1767 2237 is

363 2252 397 2284 iu
410 2250 523 2298 systole
534 2253 622 2286 ar<ste
633 2252 956 2297 conipriinitiir,adco
971 2263 1004 2286 ut
1020 2264 1074 2287 cor
1090 2266 1196 2289 totuin
1208 2267 1290 2302 pene
1306 2251 1592 2288 exinanirineccll'e
1604 2250 1663 2296 [ἔας
1696 2252 1767 2298 Qii

365 2311 466 2345 aquas
484 2301 654 2336 minerales
674 2299 793 2336 bibunt
805 2331 814 2345 ‚
837 2313 958 2336 tantam
971 2314 1027 2349 per
1036 2306 1141 2337 urinas
1153 2304 1208 2337 seri
1221 2306 1349 2352 copiam
1369 2303 1680 2348 reddiiiir,quantnni
1696 2300 1765 2335 fere

363 2348 407 2381 est
426 2347 619 2394 sanguinisin
633 2363 766 2399 corpore
790 2365 797 2387 :
824 2357 856 2388 δέ
871 2363 984 2386 tamen
998 2363 1080 2398 aquai
1095 2352 1146 2387 illa
1167 2364 1233 2387 tori
1250 2354 1313 2388 vna.
1329 2365 1400 2387 cum
1421 2352 1572 2401 ssnguine
1592 2362 1767 2398 utrumque

358 2397 465 2432 cordis
480 2397 580 2435 smum
597 2399 790 2450 pertransiit,
806 2399 988 2451 priusquam
1000 2412 1058 2449 per
1072 2414 1164 2440 renes
1175 2403 1194 2439 ἐι
1205 2401 1358 2451 sanguine
1373 2401 1493 2437 secreta
1505 2400 1618 2437 fuerit.
1750 2430 1763 2436 γ.

1550 2461 1570 2485 2
1580 2457 1585 2468 ¹
1599 2449 1769 2499 Sanguinis
