1878 2724
460 134 807 174 TRACTATUS
844 134 1181 173 SECUNDUS·
1436 153 1488 184 123

149 184 309 234 Postrema
318 183 528 222 conclusionis
540 196 614 235 pars
625 213 634 230 ,
644 186 712 220 vim
723 184 882 221 elasticam
899 187 982 220 aeris
997 197 1064 221 non
1084 184 1146 221 effe
1158 184 1282 222 causam
1295 198 1400 223 motus
1416 201 1493 224 con-

105 237 224 274 tinuati
234 236 266 271 in
281 235 431 284 projectis
442 262 453 278 ‚
469 236 571 270 etiam
581 234 747 269 manifesta
760 234 943 270 attendenti
959 234 1097 270 videtur.
1110 236 1188 271 Non
1200 237 1286 271 enim
1298 236 1359 271 alia
1377 238 1423 272 est
1443 239 1492 273 vis

104 285 240 322 -elassica
253 287 334 318 aeris
347 311 356 325 ‚
372 283 473 331 quam
485 296 521 318 ea
532 284 573 317 de
590 295 651 330 qua
667 294 743 317 mox
759 283 898 318 diximus
908 309 916 321 ‚
930 295 997 330 qua
1011 281 1129 318 scilicet
1139 282 1253 332 pressus
1267 283 1332 320 sese
1345 288 1494 330 restituit,

103 340 146 372 .&
165 334 289 369 dilatat.
306 333 368 367 Sed
377 344 449 368 eam
461 335 540 366 aeris
549 331 775 367 dilatationem
790 333 925 367 minime
939 329 1080 367 sufficere
1091 334 1402 381 explicandaemotus
1414 348 1494 370 con-

101 383 285 419 *tinuarioni
294 386 359 429 jam
370 381 568 417 confecimus
581 393 589 414 :
601 392 679 429 ergo
691 393 751 416 nec
761 382 810 414 vis
830 380 958 414 clastica
975 380 1060 415 hunc
1079 381 1231 418 effectum
1246 395 1404 431 procreat.

101 460 105 464 .
157 431 289 468 Deinde
298 430 431 465 fluidum
446 429 675 477 quodcumque
684 458 694 472 ‚
704 427 759 463 seu
769 430 912 463 medium
923 428 1029 464 tefistit
1039 433 1143 465 motui
1155 434 1375 480 projectorum
1386 462 1396 476 ‚
1409 439 1441 470 &
1453 446 1495 468 co

119 482 221 529 magis
232 478 419 525 resistir‚quo
430 477 552 513 densius
568 478 611 512 est
624 489 677 512 :ut
685 489 768 524 aqua
779 481 880 524 magis
890 476 1016 522 resistit,
1030 491 1129 526 quam
1143 493 1197 514 aer
1212 493 1219 515 :
1238 493 1316 530 ergo
1338 482 1370 515 id
1385 494 1495 517 motus

113 529 296 565 continuati
317 526 406 562 causa
424 525 484 562 effe
501 539 567 561 non
591 525 694 573 potest
711 539 720 559 ε
743 537 799 560 aut
822 536 911 560 certe
927 528 960 560 in
981 538 1064 573 aqua
1091 527 1217 563 facilius
1235 542 1284 564 res
1305 531 1495 566 movebitur

114 590 211 624 quam
225 579 258 612 in
270 587 357 618 aere,
375 576 461 622 quod
476 576 576 622 magis
591 573 691 609 vehat
706 576 887 622 projectum
901 600 910 616 ,
924 579 957 611 ὅ(
968 575 1070 623 pressa
1086 575 1199 612 fortius
1214 578 1235 613 ὲ
1258 586 1350 628 tergo
1371 592 1494 629 urgeat.

103 629 153 662 *Et
166 637 253 661 certe
267 627 299 659 in
310 622 457 659 crassiore
472 627 661 670 aere—major
674 623 715 657 est
728 623 902 658 resistentia
916 652 925 666 ,
944 628 1047 672 major
1071 625 1155 660 adeo
1170 628 1216 660 vis
1233 626 1361 662 elastica
1371 657 1380 671 ‚
1397 641 1496 675 quam

115 676 150 710 in
162 676 279 709 rariore
294 686 301 708 :
314 677 348 709 δι
358 683 468 708 tamen
483 675 540 718 qui
550 672 590 707 de
607 683 641 707 re
657 675 867 708 tormentaria
886 672 1033 721 scripsere
1046 702 1055 717 ‚
1068 672 1212 709 fatentur
1224 675 1317 724 globi
1341 676 1497 712 bombar-

101 722 184 757 -dilis
202 723 363 770 impetum
375 720 396 757 ὲ
406 719 612 769 vapido‘aere
626 749 637 765 ,
647 722 746 770 idque
760 723 901 758 maxime
914 751 925 766 ‚
941 734 1015 757 cum
1030 721 1116 758 secus
1125 723 1262 760 fluvium
1280 725 1424 774 explosus
1438 728 1496 770 est,

102 770 250 808 -multum
265 771 407 807 retundi.

102 856 105 860 ,
152 819 242 868 Resp.
252 821 302 854 vir
318 819 431 855 doctus
443 848 453 863 ‚
467 823 553 866 cujus
566 818 656 867 supra
669 822 875 855 meminimus
888 847 898 863 ,
912 819 1065 856 craffioris
1074 823 1208 870 quidem
1220 826 1304 858 aeris
1318 827 1383 860 vim
1394 824 1498 860 clasti-

112 880 184 904 cam
199 867 260 904 ess'e
270 873 444 918 majorem,
457 869 514 903 ied
528 868 773 904 circulationem
798 869 917 918 ipsam,
928 869 969 904 de
991 882 1053 918 qua
1078 870 1160 906 alibi
1179 873 1318 909 diximus
1329 902 1340 917 ,
1354 886 1497 923 quaeque

113 919 148 953 in
165 919 256 952 omni
267 916 532 966 motuperficitur
542 947 551 961 ,
561 915 622 952 effe
643 916 872 953 difficiliorem.

101 979 112 1001 ι
167 967 233 1000 Sed
243 974 354 1002 contra
368 981 376 1002 :
401 978 606 1014 quacumque
618 979 657 1001 ex
671 967 759 1002 causa
772 968 955 1005 oriaturilla
969 968 1143 1006 diffi'cultas
1153 1000 1163 1015 ,
1175 970 1254 1006 illud
1267 980 1373 1007 tamen
1383 971 1498 1020 liquet,

113 1016 184 1052 virn
198 1009 360 1051 elzisticam
369 1018 451 1050 aeris
471 1028 537 1051 non
554 1014 653 1050 solam
668 1015 729 1051 effe
744 1017 869 1052 causam
880 1029 992 1055 motus·
1008 1021 1189 1056 continuati
1203 1035 1211 1056 :
1233 1021 1408 1069 praesertim
1425 1034 1497 1055 cum

115 1076 169 1098 aer
183 1076 346 1100 recurrens
356 1066 488 1099 vincere
504 1062 720 1099 debeatueri‘s
730 1068 899 1102 anterioris
913 1068 1119 1105 resistentiam
1133 1099 1142 1113 ‚
1156 1075 1189 1106 &
1201 1069 1290 1106 simul
1305 1082 1418 1117 corpus
1438 1071 1498 1104 du-

116 1125 187 1147 rum
206 1120 416 1161 promovere.
440 1117 480 1149 Et
510 1113 582 1148 sane
604 1113 720 1161 globus
743 1115 866 1150 ferreus
889 1116 1030 1165 ejusdem
1054 1120 1205 1166 ponderis
1220 1148 1229 1162 ,
1252 1119 1303 1153 sed
1332 1132 1397 1153 non
1418 1118 1498 1167 ejus-

101 1161 192 1196 dem
212 1161 307 1196 molis
325 1174 396 1196 cum
408 1161 516 1211 ligneo
531 1182 539 1205 =‚
553 1161 572 1197 ὲ
587 1164 720 1197 minore
736 1166 818 1198 aeris
831 1169 1040 1210 recurrentis,
1054 1177 1112 1201 aut
1124 1166 1361 1210 dilatati-mole,
1374 1180 1439 1202 non
1455 1169 1499 1203 ita

99 1224 103 1228 ’
117 1209 334 1258 longe‘emitti
352 1209 454 1257 posset
467 1224 503 1244 ac
512 1208 630 1258 globus
640 1210 766 1258 ligneus
776 1241 784 1256 ,
796 1225 894 1259 quem
906 1217 1100 1256 maioractis
1111 1217 1204 1263 copia
1226 1215 1388 1265 propellit.
1407 1217 1442 1250 ld
1455 1224 1499 1251 tri·

102 1269 192 1293 men
208 1258 262 1307 ipsi
280 1261 486 1306 experientiae
498 1270 670 1307 repugnat-¹
683 1262 759 1294 Huc
770 1263 896 1297 accedit
906 1267 959 1298 vix
973 1263 1123 1312 explicari
1143 1263 1229 1312 poffe
1241 1264 1410 1312 quomodo
1428 1277 1500 1299 rota

115 1306 264 1355 laevigata
282 1335 292 1350 ,
309 1319 364 1342 aut
377 1306 474 1342 turbo
484 1310 518 1342 in
535 1306 651 1342 orbem
666 1312 901 1358 circumagatur
913 1312 954 1348 ab
965 1316 1044 1348 aeris
1054 1324 1143 1347 retro
1154 1317 1299 1362 urgentis
1313 1316 1347 1350 vi
1359 1312 1499 1350 elast-ica:

117 1367 222 1404 neque
235 1358 319 1392 enim
331 1355 381 1391 hic
392 1356 474 1392 ullus
488 1356 532 1391 est
547 1359 629 1391 aeris
643 1357 796 1404 pressioni
809 1359 909 1397 locus.
923 1384 927 1388 -

612 1432 795 1468 Solvuntur
809 1431 1004 1478 objeffloms,
1016 1457 1024 1462 -

100 1526 105 1529 -
153 1500 237 1552 Qiae
262 1507 295 1540 in
314 1507 507 1541 contrarium
527 1515 697 1555 opponunt
712 1507 943 1555 Peripatetici,
970 1520 1004 1545 ut
1023 1519 1095 1545 eam
1112 1511 1288 1547 Aristotelis
1309 1512 1498 1549 sententiam

102 1551 280 1599 -probent‚
294 1558 549 1601 quaetecurrenti
565 1556 586 1591 ἐι
608 1567 700 1604 tergo
726 1559 791 1589 aeti
811 1569 917 1591 morus
933 1562 1115 1593 continuati
1137 1561 1259 1595 causam
1286 1561 1416 1605 tribuit,
1437 1567 1498 1597 ‘nm

101 1611 234 1648 -magna
244 1614 381 1649 exparte
398 1603 530 1638 fuerunt
543 1602 643 1638 soluta
655 1633 664 1647 ‚
678 1615 786 1650 neque
803 1616 840 1638 ea
860 1604 929 1640 sunt
948 1611 1056 1656 magni
1071 1612 1231 1644 momenti
1246 1623 1253 1645 :
1273 1609 1370 1659 longe
1393 1577 1498 1646 sosutu

116 1646 189 1684 sunt
200 1649 377 1685 difficiliora
388 1679 397 1693 ,
411 1663 483 1698 quae
495 1664 533 1686 ex
546 1655 582 1687 ¹vi
596 1655 674 1688 aeris
686 1652 817 1687 elastica
830 1653 999 1691 ducuntur.
1015 1679 1018 1680 ν

154 1698 239 1746 Opp.
255 1714 276 1735 1.
287 1699 472 1742 Folliculus‘,
487 1712 519 1735 ν.
535 1714 577 1735 un
591 1700 685 1736 halon
697 1729 706 1741 ‚
723 1711 797 1735 aere
815 1701 939 1740 inflatus
958 1706 991 1738 in
1012 1714 1129 1739 terram
1141 1704 1294 1742 decidens
1309 1705 1425 1742 eadem
1444 1721 1500 1756 pe-

102 1756 162 1781 .oe
172 1748 205 1781 vi
226 1747 319 1782 resilit
334 1777 344 1791 ‚
360 1760 422 1796 qua
436 1750 469 1782 in
491 1758 609 1784 terram
627 1750 766 1785 decidit:
781 1751 868 1797 quod
881 1761 969 1794 tanta
981 1751 1015 1787 sit
1028 1755 1075 1786 vis
1085 1753 1210 1789 elaterii
1224 1756 1256 1790 in
1271 1754 1316 1790 sui
1327 1756 1499 1792 restitutio-

117 1807 180 1839 ne,
193 1808 313 1842 quanta
335 1797 441 1831 fuerat
459 1798 491 1833 in
517 1797 750 1845 compreffione
764 1827 773 1842 ,
791 1811 826 1833 ut
846 1795 954 1848 postea
968 1802 1123 1838 dicemus,
1144 1806 1225 1852 Ergo
1251 1816 1306 1838 aer
1323 1804 1341 1840 ὲ
1362 1816 1498 1854 corpore

102 1866 105 1868 -
118 1846 263 1893 projecto
274 1845 416 1880 densatus
427 1846 540 1881 eadem
550 1847 621 1882 vise
634 1848 777 1883 restituit
787 1877 796 1891 ‚
813 1854 845 1886 &
855 1848 1024 1885 retrorsum
1037 1863 1094 1898 per
1106 1853 1293 1888 circularem
1309 1865 1435 1890 motum
1451 1855 1499 1889 fii-

118 1891 214 1927 biens
240 1894 325 1929 idem
343 1906 457 1942 corpus
473 1895 653 1943 propellit,
675 1909 739 1944 qua
759 1897 1069 1943 fuir'condensatuS.
1098 1899 1235 1936 Habent
1259 1905 1346 1937 enim
1363 1903 1426 1938 hoc
1443 1904 1500 1939 sibi

101 1944 284 1989 -proptium
303 1943 455 1986 elatem,
471 1955 508 1978 ur
525 1956 569 1978 eo
587 1944 691 1981 versus
711 1947 778 1981 vim
791 1946 875 1982 suam
896 1959 1031 1984 exerant
1045 1977 1055 1992 ‚
1071 1947 1129 1983 ubi
1147 1951 1254 1986 minus
1282 1950 1438 1990 resistitur.
1462 1958 1500 1989 In

103 1991 271 2035 -projeEti‘s
282 1992 369 2026 nulla
385 1993 432 2026 est
444 2022 453 2036 ,
472 1995 766 2029 autmi'nima'aeris
789 1996 973 2044 posterioris
987 1996 1176 2035 resistentia:
1194 2011 1272 2048 ergo
1287 2012 1340 2035 aet
1358 2006 1500 2039 anterior

120 2036 264 2072 densitas
279 2042 380 2074 ineas
392 2052 497 2087 parvtes
516 2044 583 2076 vim
597 2043 827 2080 omnemsuarn
840 2049 973 2094 promi&
987 2071 991 2074 «

154 2087 241 2135 Resp.
256 2100 277 2121 i.
288 2100 354 2123 non
366 2090 504 2124 eandem
519 2089 579 2126 effe
599 2094 761 2127 rationem
773 2093 903 2139 inclusi,
921 2092 1062 2145 &prelii
1076 2098 1158 2131 aeris
1178 2100 1209 2133 in
1230 2097 1377 2134 folliculo
1396 2128 1405 2142 ,
1430 2111 1499 2146 quae

122 2132 230 2171 liberi.
249 2137 350 2172 Unde
361 2136 438 2170 nihil
450 2136 572 2173 neccsse
585 2140 632 2174 est
639 2149 679 2175 'ut
690 2144 724 2177 in
732 2152 828 2183 unam
840 2155 965 2192 partem
980 2149 1048 2182 vim
1057 2159 1191 2181 omnem
1211 2147 1297 2182 suam
1309 2160 1362 2182 aer
1380 2159 1500 2193 exer-lt,

122 2182 200 2222 dum
216 2183 329 2232 preffus
349 2185 529 2222 restituitur.
543 2189 691 2224 Secundo
699 2202 753 2225 aer
769 2186 918 2228 dilatatus
936 2208 1001 2230 non
1020 2195 1123 2243 potest
1140 2199 1241 2244 magis
1252 2208 1364 2243 urgere
1385 2206 1499 2245 corpus

122 2235 300 2279 projectum
313 2246 432 2281 ‚quam
449 2246 501 2268 aer
521 2234 585 2283 ipse
606 2236 626 2270 ὲ
644 2249 778 2286 corpore
796 2240 909 2289 prcffus
938 2243 1002 2279 fuit
1019 2259 1027 2279 :
1044 2242 1160 2292 ‘sicque
1181 2247 1313 2292 aequatis
1337 2247 1500 2294 utrimque

123 2281 245 2317 viribus
262 2282 340 2318 nihi!
356 2285 417 2318 erit
425 2282 521 2318 causae
535 2296 587 2318 cur
601 2287 783 2333 projeeturn
800 2290 929 2326 ulterius
942 2303 1124 2328 moveatur.

166 2331 251 2378 Opp.
269 2346 294 2368 2.
307 2335 465 2367 maximos
481 2342 606 2368 naturae‘
616 2347 723 2370 morus
743 2349 782 2371 ex
799 2350 836 2372 ea
853 2341 933 2374 aeris
954 2340 1158 2376 concussione
1171 2370 1181 2383 ‚
1215 2341 1267 2376 seu
1277 2341 1499 2387 modulatione,

124 2390 179 2414 aut
198 2381 228 2416 vi
243 2380 370 2417 elastica
379 2380 535 2430 proficisci
547 2395 555 2417 :
569 2383 696 2420 ademit
708 2384 888 2423 nonrsolurn
903 2393 1057 2425 tormenti
1067 2387 1176 2426 bellici
1187 2403 1260 2435 ,aut
1279 2394 1409 2426 tonitrui
1428 2404 1500 2427 nto-

1247 2443 1341 2490 Q
