1878 2724
570 128 716 166 PARS
757 127 1000 165 TERT1A.
1421 144 1473 178 54¹

577 225 799 264 CAPUT
845 225 958 261 v111.

661 324 715 358 De
733 323 857 359 volatu.

83 419 246 509 AVes
264 423 462 472 percuffione
471 425 571 468 aeris,
589 429 623 461 δε
642 420 762 458 resultu
777 419 921 468 quodam
940 446 950 462 ,
974 429 1010 454 ut
1028 417 1227 466 complanati
1248 416 1371 466 lapilli,
1388 418 1465 454 dum

181 484 298 520 aquam
311 472 448 521 oblique
470 474 705 522 perstringunt,
728 473 762 505 in
778 481 852 504 aere
871 467 1057 503 sustinentur
1073 481 1082 502 :
1103 479 1200 515 atque
1215 477 1250 501 ut
1269 469 1303 501 in
1325 470 1466 516 remigiis

81 523 240 557 cernimus
257 533 330 567 quae
347 521 494 571 scapham
514 532 723 570 promovent,
738 519 815 553 dum
823 530 942 565 aquam
957 529 1045 552 retro
1062 515 1206 565 pellunt,
1222 514 1262 549 fic
1273 514 1331 550 alae
1357 519 1466 553 avium

83 581 174 618 parte
194 570 239 605 sui
254 573 412 607 anteriore
425 572 574 616 devexae,
589 569 762 607 retrorsum
775 579 883 603 aerem
898 566 1061 615 repellunt
1072 595 1084 610 ,
1098 576 1133 601 ut
1144 563 1321 600 antrotsum
1331 578 1469 614 promo-

82 630 227 656 veantur.

124 669 179 703 De
196 667 308 703 volatu
318 669 449 716 quidem
461 675 496 707 &
511 680 623 706 natatu
636 679 738 717 pauca
755 668 787 702 in
800 668 902 714 prima
916 665 1062 699 editione
1079 663 1238 707 diximus,
1255 662 1346 711 quod
1368 661 1402 696 id
1422 675 1469 697 ar.

82 729 276 765 gumenturn
298 730 358 752 nec
378 719 455 754 dum
471 719 542 754 satis
568 717 764 765 explicatum
783 714 879 751 nobis
900 714 1073 749 videretur.
1095 713 1204 748 Multa
1217 723 1327 747 autern
1341 711 1471 748 hancin

82 778 153 801 rem
163 778 268 814 eaque
286 764 502 814 speculatione
513 768 609 816 digna
619 767 665 802 D.
681 765 827 800 Perranlt
835 762 958 812 publici
967 764 1041 810 juris
1056 762 1145 805 fecit,
1158 774 1228 809 quae
1237 762 1439 809 praetermitti
1451 761 1472 797 εὶ

82 813 179 850 nobis
190 828 255 850 non
268 814 391 850 debent
403 831 411 853 :
424 817 581 865 nusquam
592 817 678 851 enim
687 825 806 850 naturae
820 812 1027 861 providentia
1043 813 1144 860 magis
1155 809 1314 854 elucescit,
1325 822 1384 856 qua
1390 824 1422 844 m
1437 812 1472 845 in

82 875 276 912 organorum
288 892 298 906 ‚
319 876 388 911 quae
401 866 440 900 acl
454 866 605 902 volatum
620 864 707 899 facta
721 862 788 898 sunt
799 891 809 905 ,
828 861 991 896 struftura.
1019 863 1054 895 In
1068 859 1185 907 quibus
1196 862 1255 894 tria
1295 857 1473 893 otiffimum

83 911 240 960 spectavit
253 941 264 956 ,
282 915 388 961 primo
398 926 434 949 ut
450 927 488 949 ea
503 926 622 964 organa
638 912 729 949 firma
741 908 840 946 essent
851 916 884 947 δε
897 910 983 945 levia
996 925 1005 953 3
1021 908 1159 944 secundo
1175 920 1208 942 ut
1219 910 1254 943 vi
1266 872 1337 943 [gitis
1349 905 1473 942 efficaci

84 961 126 996 ad
137 961 338 996 celeritatem
349 962 438 1011 hujus
449 975 556 999 motus
572 964 768 998 donarentur
783 976 792 1004 ς
807 961 905 995 tertio
915 970 951 993 ut
965 970 1079 993 eorum
1097 969 1292 1007 organorum
1307 955 1472 992 beneficio

84 1022 162 1045 aves
179 1008 295 1046 sursum
313 1011 418 1047 effen-i
436 1012 562 1060 polsent
575 1039 585 1055 ,
603 1013 682 1048 &in
696 1022 769 1044 aere
779 1008 933 1056 suspendi.

119 1060 169 1094 Ac
181 1061 320 1107 primum
333 1060 466 1107 quidem
477 1061 542 1096 alas
560 1061 675 1109 pennis
684 1059 830 1093 instruxit
840 1086 850 1101 ‚
867 1068 938 1104 quae
956 1054 1144 1090 firmitatem
1155 1055 1280 1091 habent
1295 1067 1367 1090 cum
1387 1054 1472 1090 levi-

86 1117 153 1141 tate
162 1110 377 1155 conjuncstam.
391 1112 435 1145 Ex
445 1112 578 1145 materia
589 1111 679 1144 enim
697 1107 886 1156 compasta,
905 1111 937 1143 ὃ(
953 1104 1044 1140 firma
1063 1105 1210 1140 constant
1223 1105 1399 1152 3quodque
1413 1105 1475 1139 du-

85 1167 155 1190 rum
171 1157 214 1191 est
225 1161 258 1193 δε
270 1156 429 1202 solidum,
449 1161 481 1194 in
497 1159 563 1207 ipsa
581 1156 747 1207 superficie
763 1156 885 1191 locatur
900 1168 907 1190 τ
932 1167 1007 1189 cum
1033 1153 1126 1189 tubus
1139 1165 1193 1188 aut
1207 1165 1323 1188 vacuus
1342 1151 1397 1196 fir,
1417 1164 1473 1188 aut

84 1203 251 1253 spongiosa
271 1209 403 1241 materia
417 1208 631 1257 compleatur.
647 1208 736 1242 Hinc
755 1203 964 1253 magnaillius
977 1202 1109 1238 firmitas
1123 1215 1130 1237 :
1147 1215 1219 1237 cum
1241 1214 1319 1236 cava
1336 1214 1474 1250 corpora

86 1251 243 1289 difficilius
257 1253 483 1301 inflectantur,
498 1269 595 1304 quam
617 1254 879 1302 solida,quando
895 1251 1024 1300 aequalis
1052 1252 1099 1286 est
1119 1253 1151 1287 in
1175 1249 1312 1298 utrisque
1324 1253 1471 1287 materia.

87 1305 172 1351 Qae
192 1303 231 1337 ad
243 1303 343 1338 latera
360 1304 508 1353 plumulae
530 1305 728 1340 collocantur
740 1333 750 1347 ‚
762 1309 796 1340 ὅ(
813 1315 928 1350 pennae
944 1301 1146 1336 latitudinem
1163 1298 1329 1343 efficiunt,
1356 1311 1473 1334 tenues

87 1351 159 1386 sunt
169 1352 359 1395 admodum,
378 1353 474 1389 firmae
492 1366 602 1390 tamen
615 1368 622 1388 :
642 1367 708 1389 non
719 1366 757 1388 ex
770 1353 884 1387 eadem
897 1351 1042 1386 constant
1053 1351 1185 1384 materia
1197 1379 1208 1393 ,
1217 1355 1251 1386 &
1269 1361 1340 1384 curn
1364 1349 1475 1383 caudi-

87 1412 125 1434 ce
134 1412 245 1435 acutos
258 1402 391 1450 angulos
402 1402 549 1438 efficiunt
559 1421 568 1448 3
581 1404 662 1437 adeo
676 1414 711 1437 ut
721 1401 836 1437 sursum
852 1411 906 1434 aut
921 1398 1068 1434 deorsum
1078 1398 1199 1434 inflecti
1212 1401 1263 1434 vix
1273 1409 1406 1445 queant.
1426 1399 1473 1433 Ac

89 1461 131 1484 ne
145 1449 233 1484 mole
251 1449 302 1485 sua
313 1479 323 1494 ,
339 1463 393 1487 aut
415 1453 557 1501 pondere
574 1451 681 1487 obsint
698 1480 707 1495 ‚
725 1449 884 1498 quidquid
904 1447 1095 1495 superfluum
1121 1446 1181 1483 effe
1198 1448 1327 1496 ¹potest,
1339 1448 1476 1481 omnino

87 1496 240 1534 resectuni
256 1500 308 1536 est.
322 1502 408 1535 Latae
420 1501 490 1536 sunt
499 1514 535 1535 ea
547 1512 673 1536 tantum
685 1511 774 1548 parte
784 1511 847 1546 qua
860 1497 986 1532 caudici
995 1496 1219 1540 adhaerescunt,
1233 1502 1267 1533 &
1279 1494 1390 1531 senfim
1404 1507 1476 1529 vet<

87 1545 134 1581 sus
151 1559 295 1582 extrema
308 1552 504 1586 minuuntur.
520 1552 608 1586 Nam
621 1561 726 1595 partes
738 1560 810 1594 quae
827 1546 919 1581 velut
930 1556 1042 1580 trunco
1050 1544 1122 1581 sunt
1131 1547 1302 1593 proximae,
1313 1542 1476 1578 robustio-

89 1607 138 1630 res
157 1595 219 1631 esse
235 1598 379 1645 oportuit
394 1627 403 1641 ,
426 1611 493 1646 quo
509 1600 699 1633 remotiores
712 1596 824 1631 fulcire
835 1593 974 1643 poslint3
992 1593 1097 1641 licque
1119 1606 1231 1629 omnes
1247 1596 1291 1628 ita
1304 1605 1376 1628 cum
1386 1603 1475 1627 trun-

89 1656 129 1679 co
140 1645 304 1681 cohaerent
323 1658 358 1681 ut
373 1651 439 1682 aeri
457 1648 588 1694 quidem
600 1645 741 1681 resistant
751 1673 761 1687 ‚
779 1657 820 1680 ne
837 1643 948 1678 sursum
962 1643 1125 1687 tollantur,
1139 1642 1192 1677 sed
1202 1642 1298 1678 facile
1312 1640 1392 1676 adse
1402 1652 1476 1677 mu-

93 1694 382 1739 tuoinflestamur,
397 1708 433 1732 ut
451 1696 557 1731 divisae
568 1695 773 1744 colligantur,
791 1694 873 1730 &ad
891 1692 921 1727 se
941 1694 1086 1728 invicem
1098 1693 1198 1739 magis
1212 1691 1377 1725 accedant.

137 1744 185 1777 Ac
198 1756 238 1777 nc
253 1743 348 1778 facile
360 1745 573 1783 divellantur,
591 1757 691 1791 arque
712 1755 749 1777 ut
765 1740 893 1777 divulsae
911 1740 1015 1775 statim
1030 1740 1214 1775 coliaereant
1231 1767 1241 1782 ,
1261 1738 1385 1787 fingulae
1406 1737 1478 1785 plu-

90 1790 183 1826 mulae
200 1795 365 1840 utrimque
383 1794 444 1830 filis
458 1797 615 1830 contortis
632 1799 664 1829 &
683 1792 819 1827 seriatim
835 1788 986 1838 dispositis
998 1791 1189 1825 muniuntur.
1208 1791 1249 1824 Ea
1262 1789 1395 1836 quidem
1408 1786 1479 1822 fila-

90 1852 201 1875 menta
221 1870 231 1884 ,
248 1843 338 1876 velut
355 1843 443 1879 hami
461 1845 595 1891 quida-m
614 1845 646 1877 iu
667 1841 765 1877 altera
790 1839 867 1875 serie
886 1838 1031 1873 deorsum
1045 1837 1209 1885 paululum
1235 1839 1478 1883 intorquentur,

91 1893 127 1924 δε
138 1902 215 1924 cum
229 1890 305 1926 serie
315 1894 479 1929 vicinioris
499 1892 649 1945 plumulx
660 1919 669 1935 ‚
682 1894 772 1934 cujus
787 1888 841 1925 fila
856 1887 971 1922 sursum
989 1887 1164 1935 crispantur
1176 1914 1186 1930 ,
1205 1885 1291 1921 ultro
1303 1885 1479 1920 coliaetenr.

92 1938 192 1987 Qod
208 1940 342 1985 quidem
359 1953 479 1976 naturae
496 1940 667 1976 artificium
680 1939 773 1976 fufius
785 1936 986 1979 describit&
997 1935 1103 1984 figuris
1113 1937 1264 1983 exprimit
1276 1938 1336 1970 Vir
1349 1933 1475 1971 Clariis.

126 2001 153 2021 2.
177 1988 228 2022 Ut
240 1987 298 2022 alce
309 2001 426 2036 magna
441 1992 472 2023 vi
485 2001 591 2024 aerem
611 1991 792 2036 percutiant
801 2015 811 2030 ‚
824 1998 937 2035 pennae
958 1985 1047 2020 velut
1060 1983 1198 2019 brachiis
1210 1986 1320 2018 avium
1331 1983 1476 2018 insident:

91 2046 160 2081 quae
187 2034 319 2071 brachia
338 2037 532 2073 validiffimis
555 2039 653 2071 totius
673 2038 813 2084 corporis
831 2033 974 2081 musculis
989 2035 1158 2081 agitantur.
1190 2035 1278 2068 Hinc
1294 2035 1328 2068 in
1347 2033 1480 2080 peclore

92 2085 200 2118 avium
219 2084 404 2132 pluscarnis
418 2087 496 2121 inest
517 2098 614 2133 quam
634 2087 667 2119 in
684 2087 808 2119 caereris
826 2082 1065 2118 aniinantilws;
1080 2094 1192 2129 eaeque
1209 2082 1272 2116 offe
1286 2081 1397 2128 amplo
1418 2079 1480 2112 do-

92 2144 228 2177 nantur,
239 2135 328 2181 quod
346 2136 379 2170 in
396 2135 506 2170 medio
522 2135 618 2170 instar
630 2134 731 2168 cristae
744 2132 891 2181 assurgit,
909 2142 945 2168 ut
959 2129 1093 2166 musculi
1105 2133 1214 2167 carnei
1227 2130 1302 2165 huic
1315 2128 1371 2164 osli
1387 2125 1480 2176 affigi

93 2180 224 2229 poffint.

125 2245 151 2276 3.
175 2234 292 2268 Pennae
304 2235 350 2268 ita
368 2231 479 2267 suntin
493 2231 543 2266 ala
560 2229 715 2278 disposirae
726 2260 735 2275 ,
751 2242 787 2266 ut
802 2242 920 2265 cumea
937 2229 1148 2278 deprimitur,
1168 2227 1307 2262 multum
1324 2227 1357 2259 in
1375 2225 1482 2259 latitu-

93 2281 203 2317 dinem
228 2293 338 2331 pateat
352 2310 361 2325 ,
382 2287 416 2318 δε
433 2293 586 2325 mannam
602 2283 682 2314 aeris
699 2280 819 2315 molem
849 2278 1021 2319 verberer,
1041 2289 1152 2312 verum
1167 2274 1226 2310 ubi
1251 2274 1300 2308 ala
1326 2275 1458 2321 erigitur
1470 2299 1482 2315 ,

92 2341 209 2376 pennae
228 2345 296 2367 non
306 2329 443 2378 amplius
456 2330 495 2363 ad
510 2328 655 2364 libellam
666 2357 675 2373 ‚
686 2334 717 2365 δε
737 2328 823 2376 quali
836 2326 1081 2363 horizontaliter
1095 2330 1217 2359 'aceant
1226 2352 1235 2366 ‚
1250 2321 1301 2356 sed
1312 2335 1395 2370 pene
1406 2333 1482 2356 ver-

96 2378 206 2416 ticales
218 2393 327 2418 aerem
340 2380 444 2416 secare
455 2379 625 2416 videantur
639 2377 744 2416 :unde
756 2383 790 2416 ὃς
804 2390 856 2414 aer
868 2377 916 2414 his
929 2377 1031 2413 minus
1041 2387 1075 2410 re
1101 2374 1161 2409 stit.
1181 2373 1234 2405 Sic
1248 2373 1331 2405 remi
1341 2372 1417 2407 dum
1431 2382 1484 2416 re,

1170 2423 1268 2470 Yyy
1288 2422 1320 2468 iij
