1878 2724
361 125 402 150 ιω
734 108 994 150 PHYSICAE
1032 108 1368 149 GENERALIS.

363 172 415 196 cat
428 189 437 204 ‚
455 159 497 195 est
511 159 699 196 velutillius
717 161 824 196 forma
836 173 956 209 ,quam
981 160 1001 196 si
1020 159 1175 196 sustuleris
1191 190 1200 205 ,
1218 160 1313 196 cultri
1333 159 1463 196 effentia
1477 164 1573 212 perit.
1600 165 1653 199 Sic
1669 164 1700 198 in
1709 163 1755 198 vi-

360 209 516 244 ventibus
533 223 602 257 pars
622 210 675 244 illa
687 222 759 256 quae
777 222 891 258 corpus
911 211 995 258 regit
1017 236 1027 251 ,
1058 212 1110 243 cui
1130 209 1263 257 reliquae
1281 222 1386 258 partes
1407 210 1606 248 famulantur
1627 242 1636 257 ,
1652 213 1753 248 unde-

361 272 501 307 cumque
513 260 683 300 adveniat‚
698 258 805 292 forma
823 260 885 292 dici
904 259 1016 307 potest.
1038 259 1120 291 Haec
1133 269 1242 305 partes
1258 259 1445 294 conformat
1457 289 1467 304 ,
1483 267 1516 298 &
1535 273 1637 297 tuetur
1651 291 1661 305 ,
1688 260 1752 296 eas-

361 311 468 356 quein
480 307 524 342 sui
537 307 728 355 obsequium
742 306 840 341 trahit
855 324 863 351 3
883 307 950 342 suas
965 306 1066 343 habet
1074 308 1220 355 proprias
1230 305 1318 354 leges
1335 307 1376 342 ab
1394 309 1536 345 Authore
1556 324 1675 348 naturae
1689 314 1752 346 im-

360 357 485 406 preffaS.
501 362 625 392 Verum
640 357 705 391 hacc
713 356 753 390 ad
766 355 947 394 formatum
959 359 1120 406 originem
1135 357 1301 405 pertinent
1319 384 1329 399 ‚
1346 357 1387 391 de
1402 369 1465 403 qua
1481 361 1602 407 postea.

881 455 1038 499 *Secunda
1065 454 1238 500 Conclufiq„

427 554 623 591 Robabilius
640 556 682 591 est
697 555 838 591 formam
855 553 1094 589 substantialem
1108 555 1252 601 corporis
1263 555 1340 588 vitae
1356 556 1498 602 expertis
1524 560 1557 592 δε
1580 556 1674 590 mixti
1692 556 1754 592 effe

427 618 481 641 ens
503 606 660 640 duntaxat
675 606 890 654 tespeffivum
904 604 991 652 quod
1013 615 1054 638 ex
1067 605 1161 638 variis
1180 603 1433 652 proprietatibus
1449 604 1488 638 ad
1513 616 1615 638 certas
1639 616 1756 653 opera-

358 657 500 690 rationes
511 654 757 703 disponentibus
771 666 928 702 emergit:
944 665 1000 688 aut
1009 665 1095 688 certe
1114 651 1135 687 si
1157 665 1226 700 quae
1250 652 1286 687 sit
1304 656 1364 696 vis,
1393 664 1447 688 aut
1464 653 1603 701 qualitas
1626 657 1755 701 corpori

359 705 414 739 vel
428 703 562 753 simplici
580 733 590 748 ‚
603 703 662 740 >vel
686 708 790 741 mixto
813 702 985 739 effentialis
1004 731 1015 746 ,
1033 715 1072 737 ea
1090 715 1157 738 non
1175 705 1286 751 inepte
1304 703 1410 738 forma
1424 702 1509 737 illius
1538 702 1754 738 substantialis

359 754 422 788 dici
445 755 558 803 potest.

394 803 558 839 Probatur
573 803 807 849 -10Conclufi0.
832 802 890 838 Illa
904 802 946 839 est
962 802 1068 839 foi-ma
1083 801 1304 846 substantialis,
1321 813 1378 851 pet
1396 814 1496 850 quam
1519 815 1633 850 corpus
1654 802 1756 838 elsen-

361 853 483 888 tialiter
494 859 526 890 &
538 853 685 903 specifice
696 853 738 889 ab
749 851 901 889 omnibus
918 852 991 887 aliis
1005 854 1218 902 distinguitur.
1237 855 1326 888 Nam
1345 854 1375 886 iu
1387 854 1520 886 materia
1540 854 1655 888 cunEta
1676 866 1754 888 con-

358 905 502 947 veniunt,
518 916 574 952 per
587 903 708 939 formas
724 904 805 938 inter
822 901 853 937 se
871 902 1061 952 discrepant.
1080 903 1142 937 Sed
1159 901 1239 937 nihil
1255 902 1324 937 fere
1342 899 1490 949 affignari
1503 902 1655 949 potestin
1671 915 1755 937 uno-

357 964 490 1000 quoque
507 965 644 1002 corpore
658 965 735 1001 ‚per
749 953 841 1000 quod
858 951 900 986 ab
916 952 1069 987 omnibus
1091 952 1160 986 aliis
1176 950 1308 986 differat
1320 981 1328 991 ,
1344 963 1460 999 praeter
1483 954 1669 1000 congeriem
1681 964 1754 986 eam

358 1001 568 1049 qualitatum,
583 1015 654 1050 quae
668 1003 782 1037 formae
797 1000 954 1048 {implices
971 1006 1005 1038 δι
1025 1013 1118 1036 certae
1139 1013 1259 1036 natutae
1279 1000 1366 1048 leges
1388 1001 1505 1035 merito
1524 1000 1585 1034 dici
1604 1000 1729 1048 pollunt
1742 1014 1753 1036 :

358 1056 445 1100 cujus
455 1055 584 1100 generis
595 1051 665 1087 sunt
677 1051 818 1087 fluiditas
831 1080 841 1095 ‚
861 1057 894 1088 &
909 1049 1041 1086 firmitas
1057 1067 1066 1094 3
1082 1050 1208 1100 pondus
1219 1079 1229 1095 ,
1241 1061 1296 1085 aut
1314 1050 1431 1085 levitas
1447 1078 1456 1092 ‚
1470 1054 1504 1085 &
1516 1049 1583 1084 aliae
1597 1049 1689 1098 hujus
1699 1062 1756 1099 ge-

358 1102 444 1135 neris
459 1101 642 1148 qualitates.
1078 1110 1081 1112 ·

400 1151 502 1193 Qod
524 1149 544 1184 fi
555 1153 642 1185 enim
654 1180 662 1193 ,
676 1161 712 1184 ut
733 1147 814 1184 alibi
824 1148 962 1184 diximus
973 1149 1134 1192 ,formam
1147 1154 1183 1186 ·&
1197 1147 1337 1197 speciem
1348 1149 1413 1181 auti
1429 1148 1591 1198 designare
1606 1146 1756 1192 velimus,

357 1201 575 1247 proprietates
597 1204 664 1249 ejus
688 1198 856 1233 afferemus
871 1227 879 1241 ,
892 1199 981 1245 quod
1000 1198 1119 1233 flavum
1139 1198 1185 1241 sit,
1203 1209 1259 1231 aut
1276 1196 1472 1233 subrubrum
1488 1216 1496 1241 ·‚
1510 1199 1599 1245 quod
1624 1196 1756 1244 reliquis

360 1247 500 1284 metallis
519 1247 556 1282 fit
569 1251 695 1295 gravius
710 1246 818 1294 ·‚quod
833 1245 870 1280 fit
885 1248 1036 1281 omnium
1054 1249 1206 1281 maxime
1228 1245 1372 1279 duffile:
1400 1247 1486 1293 quod
1510 1248 1542 1281 in
1565 1249 1640 1294 igne
1656 1244 1756 1280 fixum

359 1296 396 1332 sit
414 1310 494 1341 ‚nec
518 1298 663 1347 pondere
681 1300 846 1332 minuatur
858 1325 867 1339 ,
887 1298 991 1330 necin
1012 1295 1125 1331 scorias
1137 1295 1236 1330 abeat
1251 1294 1357 1342 :quod
1371 1297 1403 1329 in
1414 1308 1497 1343 aqua
1515 1295 1594 1330 forti
1612 1308 1679 1331 non
1695 1307 1756 1330 ex-

359 1345 502 1382 solvatur
517 1377 526 1391 ,
544 1358 579 1381 ut
603 1358 782 1396 argentum.
811 1347 858 1380 Ac
885 1346 1006 1393 peritus
1031 1344 1126 1379 faber
1152 1357 1290 1379 aurarius
1309 1373 1319 1387 ‚
1342 1356 1415 1378 cum
1443 1357 1494 1379 eas
1514 1345 1688 1393 qualitates
1720 1347 1757 1381 in

358 1408 472 1444 corpus
484 1396 617 1444 aliquod
631 1425 640 1439 ,
651 1397 827 1431 convenire
839 1395 961 1438 viderit
971 1424 980 1438 ‚
998 1408 1066 1429 non
1080 1392 1247 1428 dubitabit
1262 1396 1339 1441 quin
1355 1406 1467 1429 verum
1485 1393 1521 1429 fit
1541 1407 1651 1430 autum
1662 1423 1671 1436 ,
1695 1407 1758 1429 nec

360 1445 511 1481 sollicitus
532 1449 591 1481 erit
603 1458 641 1480 an
653 1445 689 1480 fit
712 1448 744 1480 in
765 1457 804 1479 eo
819 1443 926 1479 forma
940 1445 1087 1492 quaedam
1102 1447 1168 1478 auti
1184 1442 1339 1478 absoluta.
1363 1445 1455 1479 Nam
1472 1456 1509 1478 ea
1534 1444 1639 1479 forma
1652 1444 1759 1478 detta-

361 1497 413 1530 &a
429 1524 438 1539 ,
456 1496 532 1530 dum
552 1508 597 1529 eae
615 1496 706 1530 dotes
724 1505 939 1543 permaneant
956 1523 965 1537 ‚
979 1506 1090 1528 autum
1109 1506 1224 1542 putum
1246 1491 1389 1527 futurum
1405 1493 1457 1529 est.
1485 1494 1604 1529 Eadem
1636 1493 1682 1527 est
1706 1505 1759 1527 ta-

362 1547 411 1580 tio
428 1548 577 1580 omniurn
589 1557 773 1594 corporum.
796 1545 850 1577 Sic
864 1542 920 1577 ubi
932 1543 1051 1590 liquori
1068 1543 1162 1577 alicui
1181 1542 1272 1589 sapor
1285 1541 1414 1576 vinosus
1428 1571 1437 1584 ,
1449 1548 1482 1578 &
1503 1542 1642 1578 acidulus
1654 1571 1663 1586 ‚
1674 1543 1758 1578 odor

359 1595 473 1629 itidem
488 1594 683 1643 spirituosus‚
697 1591 941 1635 color‚fluiditas
952 1621 961 1636 ,
971 1592 1043 1626 aliae
1054 1591 1227 1639 qualitates
1235 1592 1308 1630 vini
1319 1591 1455 1627 aderunt
1464 1621 1474 1636 ‚
1488 1605 1555 1627 non
1567 1591 1757 1628 dubitamus

360 1646 440 1693 quin
453 1657 567 1679 verum
590 1642 626 1678 fit
645 1646 769 1678 vinum.
1589 1644 1593 1650 '

397 1693 549 1731 Confirm.
569 1707 590 1727 1.
612 1696 741 1727 tatione
755 1702 852 1737 quam
866 1689 961 1725 affert
975 1690 1006 1724 S.
1018 1689 1146 1736 August*
1162 1687 1220 1723 lib.
1236 1688 1276 1720 de
1291 1687 1471 1722 Immortal.
1489 1690 1606 1722 animae
1630 1701 1701 1736 cap.
1725 1691 1757 1724 8.

362 1746 400 1776 Si
416 1733 488 1776 αἶα
501 1770 506 1777 ,
520 1743 628 1788 inquit
643 1768 652 1782 ,
664 1754 702 1773 ex
717 1738 789 1772 albo
810 1740 936 1786 nigrum
950 1738 1079 1771 colorem
1103 1737 1217 1773 ducat,
1234 1735 1374 1769 *aliunde
1392 1748 1450 1769 non
1468 1736 1570 1769 minus
1594 1749 1665 1770 cera
1689 1736 1729 1780 est
1747 1750 1758 1769 .-

365 1803 418 1825 etz
430 1803 465 1823 ea
483 1788 795 1837 quadratafiguram
816 1788 986 1820 rotundam
994 1787 1095 1829 fitmat
1113 1815 1122 1829 ‚
1136 1784 1174 1820 ὅ*
1190 1798 1229 1818 ex
1240 1785 1329 1818 molli
1349 1785 1494 1827 durescat
1510 1786 1569 1818 :Et
1582 1782 1622 1818 fic
1637 1785 1755 1820 multas

362 1840 559 1889 persequitur
574 1842 770 1874 mutationes
787 1848 864 1883 qua:
876 1847 955 1869 ceta:
970 1846 1118 1869 naturam
1135 1847 1200 1869 non
1218 1833 1348 1869 tollunt.
1368 1833 1459 1878 Atfi
1476 1862 1481 1869 ,
1500 1835 1605 1879 inquit
1621 1862 1629 1876 ‚
1649 1846 1754 1868 eorum

362 1903 426 1938 qm
448 1891 483 1922 in
507 1888 646 1933 fislzjec‘to
676 1894 745 1930 (unt
769 1913 779 1924 ‚
799 1886 862 1920 hoc
892 1885 934 1918 cst
956 1885 1175 1918 accidentium
1200 1912 1209 1926 ‚
1234 1894 1327 1916 tanta
1353 1885 1552 1916 commansio
1571 1882 1684 1927 fieret,
1717 1893 1756 1916 ut

363 1939 449 1974 iilud
465 1938 551 1984 qnod
564 1930 674 1984 fi‘b‘ffl
689 1933 859 1970 dicebatur
878 1961 887 1971 ‚
909 1933 972 1967 deci
989 1947 1059 1978 jam
1075 1936 1196 1966 omnino
1210 1945 1267 1965 non
1291 1933 1384 1980 prfftt
1398 1959 1408 1974 ‚
1429 1931 1535 1964 veluti
1553 1943 1621 1965 cum
1651 1933 1756 1965 calore

366 1992 449 2029 125721'5
472 2000 542 2020 cem
556 1980 588 2019 in
606 1999 703 2019 auras
725 1983 858 2030 discedit
876 1981 914 2016 ὠ·
940 1993 1064 2016 tantam
1098 1984 1307 2015 mutationem
1323 1982 1473 2029 patitur,
1497 1991 1532 2013 ut
1551 1981 1756 2029 intelligatur

365 2030 521 2071 innatum
537 2037 589 2082 (sse
605 2034 773 2078 fifhjefflum
788 2061 791 2066 ,
806 2031 891 2078 qnod
904 2044 975 2065 cem
986 2041 1054 2064 erat
1066 2058 1072 2068 ,
1096 2030 1134 2065 (ἦν
1148 2043 1221 2063 cera
1236 2033 1306 2073 J'am
1322 2042 1383 2063 non
1401 2027 1451 2073 est.
1473 2033 1534 2065 &C.
1560 2028 1630 2065 Ubi
1645 2041 1754 2064 muta-

364 2089 490 2122 tionem
499 2078 731 2119 accidentalem
750 2081 791 2116 ab
805 2078 960 2115 effemiah
979 2082 1065 2114 reete
1084 2080 1250 2125 distinguit
1262 2107 1270 2121 ‚
1293 2078 1380 2125 quod
1396 2079 1428 2112 in
1440 2078 1496 2112 illa
1518 2079 1606 2112 idem
1625 2089 1755 2113 maneat

366 2136 543 2182 subjeetum
557 2164 565 2177 ,
578 2134 627 2168 scu
648 2145 763 2181 corpus
777 2147 785 2174 ·‚
801 2132 831 2164 in
846 2129 904 2163 liae
923 2143 989 2164 non
1005 2134 1084 2163 item
1098 2144 1106 2166 z
1118 2128 1196 2164 nihil
1208 2131 1296 2162 enim
1307 2126 1442 2175 amplius
1463 2125 1606 2162 sensibile
1622 2139 1753 2169 eorum,

367 2198 437 2233 quae
457 2187 540 2233 prius
556 2195 664 2225 erant,
679 2191 825 2230 apparet.
839 2182 952 2225 Itaque
970 2179 1034 2213 haec
1049 2177 1084 2213 fit
1098 2192 1172 2213 cum
1185 2188 1271 2212 certa
1290 2176 1522 2221 accidentium,
1537 2187 1590 2210 aut
1608 2178 1754 2224 proprie-

367 2247 469 2269 tatum
493 2232 676 2281 complexio
697 2231 873 2265 destruitur.

404 2283 552 2319 Consta-21,
580 2298 603 2318 2.
645 2284 733 2316 Tum
762 2289 874 2325 corpus
900 2276 940 2310 ad
964 2288 1086 2311 certam
1114 2277 1252 2326 speciem
1279 2276 1424 2310 revocari
1441 2273 1520 2308 solet
1540 2301 1547 2311 ,
1564 2285 1634 2307 eum
1661 2274 1694 2308 in
1719 2273 1753 2306 id

368 2347 412 2369 eae
440 2332 611 2379 qualitates
641 2325 968 2374 confluunt,.quibus
994 2326 1014 2360 a
1032 2325 1165 2374 reliquis
1189 2339 1262 2361 cum
1293 2323 1402 2372 insigni
1420 2322 1526 2371 aliqua
1553 2328 1586 2359 &
1610 2320 1753 2358 notabili
