1878 2724
75 191 180 220 motus
206 178 259 215 ill'e
276 176 395 213 tardior
417 176 479 212 fuit
505 189 544 212 ea
569 179 783 226 proportione
806 204 815 219 ‚
845 185 917 221 quae
937 175 1074 222 proprio
1096 170 1208 206 'motui
1238 168 1466 219 respondebat;

77 231 178 280 Qod
189 227 210 264 fi
224 240 288 264 non
300 225 395 261 altior
405 225 508 261 fuisset
525 226 600 261 luna
612 255 621 269 ‚
641 224 809 274 parallaxis
825 225 921 258 trium
939 222 1049 257 saltem
1062 223 1152 255 unius
1165 219 1251 254 hora:
1269 233 1465 258 minutorum

75 284 161 317 intra
169 278 219 312 sex
231 277 290 312 hor
304 288 324 308 as
334 275 602 310 accelerationem
614 272 786 310 induxisset
797 300 807 316 ‚
829 277 862 309 δε
876 283 1002 307 cometa
1018 268 1107 305 simul
1119 282 1192 303 cum
1210 268 1465 305 stellisoccidere

75 328 154 366 visus
162 324 286 362 fuisset:
303 337 376 359 cum
388 324 557 373 parallaxis
572 338 620 370 42
644 325 725 359 min.
744 324 834 357 unius
851 321 963 369 gradus
977 350 984 362 ‚
1004 333 1074 367 quae
1091 318 1208 352 astrum
1224 316 1346 365 semper
1359 320 1466 367 depri-

76 379 160 420 mit,
181 376 277 410 trium
294 375 494 409 minutorum
506 385 633 422 tempus
652 370 854 406 accelerasset
874 375 971 404 :curn
994 380 1103 404 tamen
1123 380 1161 402 ex
1183 365 1468 404 observationibus

77 426 195 462 constet
213 433 376 458 cometem
391 421 513 458 tardius
525 421 647 470 semper
661 417 808 455 occidiffe
821 448 830 461 ,
842 417 941 466 quam
956 417 1061 452 stellas
1075 417 1150 451 huic
1163 428 1324 464 proximas
1333 415 1377 451 ob
1389 430 1462 453 mo-

78 485 144 510 uum
155 472 214 507 fibi
230 473 398 520 proprium
409 500 418 515 ,
436 484 503 518 quo
522 472 554 506 in
567 481 730 512 ortum‚ut
745 469 883 516 planetae
898 479 1010 501 omnes
1031 464 1204 501 nitebatur.

87 524 163 568 Qa
173 533 280 556 autem
291 522 415 556 ratione
426 519 587 566 utriusque
598 518 687 566 hujus
698 528 831 553 cometae
844 517 966 552 theoria
982 515 1130 563 explicari
1144 512 1330 562 poffitmvthil
1345 516 1467 550 necesse

76 572 122 607 est
140 568 238 606 fusius
253 567 417 604 disserere:
436 581 508 603 cum
519 564 658 615 idipsum
670 566 809 601 dilucide
823 565 843 601 a
855 568 898 601 D.
916 562 1049 599 Caffino
1065 562 1243 611 expositum
1264 562 1374 599 fuerit.
1400 568 1469 610 ve.-

76 632 144 655 rum
163 629 305 653 cometes
321 629 446 651 motum
458 620 489 651 in
501 615 760 651 circumferentia
775 615 884 649 circuli
914 625 1001 647 teriae
1023 614 1196 648 excentrici
1210 640 1219 654 ‚
1241 618 1274 649 ὃ(
1295 613 1328 647 in
1350 612 1469 660 sphaem

102 681 146 704 uae
156 667 271 702 orbem
284 666 367 700 lunae
385 665 612 713 compleffitur
624 693 633 708 ‚
648 664 718 700 fieri
738 663 910 712 probabile
921 664 1046 697 videtur
1067 675 1074 696 :
1099 663 1234 709 Apogaei
1251 661 1358 696 lotum
1377 664 1468 710 vige-

77 680 133 752 ges
151 714 329 763 &amplius
344 713 364 749 a
379 713 476 748 nobis
490 716 701 749 remotiorem
719 714 826 747 statuit
844 742 853 756 ‚
870 711 970 759 quam
991 712 1122 760 perigaei
1146 711 1263 747 locum.
1292 712 1382 745 Hinc
1402 723 1470 746 tan-

79 777 112 801 ta
128 768 161 800 in
176 776 267 800 motu
280 774 422 798 cometes
443 762 649 811 inaequalitas.
667 764 735 810 Qui
757 763 788 796 in
804 761 914 796 medio
932 760 1022 807 hujus
1038 759 1148 795 circuli
1163 758 1269 794 fuisset
1282 761 1469 794 constitutus

82 826 248 849 cometem
264 811 389 861 singulis
406 811 519 846 diebus
538 827 579 858 24
596 814 675 847 min.
689 823 745 846 aut
768 811 865 858 paulo
887 809 1024 858 amplius
1049 807 1223 844 secundum
1246 808 1402 857 signorum
1423 808 1469 844 sea

78 865 177 906 rien-1,
192 867 223 899 &
238 860 386 908 aequabili
400 873 490 896 motu
501 861 649 909 progredi
656 858 829 909 judicasset.
844 860 1020 907 Perigaeum
1036 869 1179 893 cometes
1197 872 1326 904 ¹5771¹4
1336 860 1469 906 gradum

79 913 240 960 Sagittarii
257 908 430 946 obtinebat
444 927 453 953 ς
466 911 497 944 id
521 911 605 945 adeo
632 909 682 944 sex
702 911 826 944 minuta
838 908 971 943 secunda
981 920 1054 942 cum
1067 906 1185 941 semisse
1204 911 1294 954 juxta
1309 906 1470 955 signorum

80 959 191 995 seriem
201 960 518 1009 progreditur.Juxta
531 959 612 994 hanc
626 956 829 1007 hypothesim
839 962 940 1005 major
951 957 993 991 est
1002 956 1151 991 distantia
1166 968 1308 991 cometes
1318 956 1340 992 a
1357 952 1479 991 centro'

81 1008 294 1057 hujusjcirculi
305 1008 454 1044 undecies
478 1021 551 1043 cum
567 1008 746 1055 quadrante
758 1036 767 1051 ‚
784 1006 881 1054 quam
897 1008 1033 1040 minima
1048 1007 1066 1040 a
1090 1017 1173 1040 terra
1192 1006 1340 1040 distantia
1364 1018 1371 1040 :
1387 1005 1472 1040 unde

81 1061 164 1092 circa
181 1059 355 1108 perigaeum
373 1057 524 1091 undecies
537 1057 682 1091 velocior
694 1061 760 1103 ejus
771 1067 879 1090 motus
890 1053 984 1090 nobis
1001 1054 1080 1088 visus
1094 1055 1141 1088 est
1151 1083 1160 1097 ,
1172 1054 1271 1101 quam
1283 1053 1303 1088 fi
1313 1056 1346 1087 in
1357 1066 1472 1089 centro

82 1106 243 1141 fuissemus
254 1106 432 1140 constituri:
447 1116 516 1139 tum
527 1107 616 1139 enim
623 1116 821 1151 unoquoque
831 1105 882 1138 die
898 1117 922 1145 4
933 1103 1046 1151 gradus
1058 1107 1089 1138 &
1101 1103 1240 1150 amplius
1254 1102 1449 1137 conficiebat
1463 1119 1475 1146 ·,

83 1167 121 1189 ea
134 1154 287 1190 velocitas
299 1152 407 1189 sensim
426 1155 468 1188 est
484 1155 656 1188 imminuta
667 1183 675 1196 ,
694 1165 761 1199 quo
772 1151 899 1201 longius
915 1152 934 1187 ἐι
947 1150 1041 1186 nobis
1059 1150 1252 1194 recedebat,
1264 1150 1473 1199 &obliquioae

82 1202 169 1238 ribus
181 1205 272 1238 radiis
284 1204 317 1238 in
328 1204 435 1250 magni
447 1203 535 1249 hujus
554 1202 663 1236 circuli
686 1200 945 1236 circumferentia
962 1199 1141 1235 videbatur.

122 1254 189 1288 Hic
205 1263 309 1287 motus
324 1250 345 1287 a
365 1250 429 1285 sole
445 1263 510 1285 non
529 1251 650 1298 pendet
661 1277 670 1291 ,
686 1262 746 1285 nec
763 1254 846 1284 circa
857 1249 957 1284 solem
969 1247 1152 1296 perficitur:
1170 1259 1277 1294 neque
1295 1249 1381 1282 enim
1401 1262 1473 1283 mo-

86 1312 136 1337 tus
155 1300 226 1336 solis
241 1312 298 1349 per
317 1312 379 1334 tres
397 1297 675 1348 mensesinregros
695 1310 823 1334 motum
840 1310 985 1333 cometes
1008 1296 1202 1344 inaequalem
1218 1295 1328 1331 effecit
1347 1312 1356 1340 3
1376 1309 1414 1331 ac
1432 1310 1473 1332 ne

86 1351 172 1384 varia
188 1350 322 1396 quidem
337 1348 355 1383 xa
370 1348 434 1382 sole
448 1348 616 1391 distantia,
634 1360 669 1382 ut
689 1346 725 1382 fit
746 1350 778 1382 in
796 1347 932 1395 planetis
944 1376 954 1392 ,
976 1345 1228 1393 aequabilitatem
1253 1345 1343 1380 illam
1364 1346 1473 1382 motus

86 1397 307 1447 perturbavit:
320 1398 402 1431 adeo
413 1408 450 1431 ut
465 1396 538 1431 hinc
555 1397 676 1444 liquere
689 1395 785 1444 poffit
797 1407 939 1430 cometas
962 1397 1043 1430 circa
1060 1393 1161 1429 solem
1184 1407 1249 1429 non
1269 1394 1355 1428 ferri.
1383 1397 1473 1430 Nam

87 1458 122 1482 ut
131 1446 303 1481 celeritatis
328 1445 530 1493 inaequalitas
549 1457 619 1492 quae
640 1445 775 1494 planetis
797 1445 914 1479 accidit
932 1473 941 1487 ,
959 1455 996 1479 ut
1010 1442 1142 1492 propius
1162 1454 1216 1477 aut
1231 1441 1358 1491 longius
1374 1441 1394 1478 a
1410 1441 1475 1478 sole

87 1494 200 1530 absunt
211 1525 220 1539 ‚
233 1507 346 1530 eorum
358 1505 485 1530 motum
497 1492 588 1529 casole
598 1494 740 1542 pendere
754 1493 955 1528 demonstrat
965 1510 975 1536 ·‚
986 1491 1024 1527 sic
1037 1491 1237 1540 aequabilitas
1252 1492 1359 1528 motfis
1370 1493 1403 1527 in
1416 1504 1473 1528 co-

89 1546 180 1580 metis
191 1573 200 1587 ,
215 1557 328 1579 eorum
339 1555 464 1578 motum
484 1554 522 1577 ex
539 1544 657 1577 eodem
671 1542 765 1577 fonte
776 1555 841 1578 non
861 1552 990 1576 manare
1004 1543 1139 1575 omnino
1149 1539 1326 1587 persuadet.

123 1594 209 1628 Cum
221 1605 329 1627 autem
344 1593 448 1627 videri
462 1590 570 1634 desiit,
587 1591 618 1625 id
633 1593 775 1625 maxime
786 1603 824 1625 ex
845 1590 966 1624 lumine
985 1589 1066 1624 illius
1080 1588 1253 1622 debilitato
1267 1601 1373 1623 ortum
1392 1589 1473 1626 fuit:

90 1654 162 1676 cum
173 1643 261 1676 enim
274 1639 353 1675 visus
366 1644 468 1674 aciem
478 1638 634 1687 fugiebat,
648 1638 729 1673 tubo
739 1641 869 1687 optim,
892 1638 948 1674 vel
961 1640 1050 1686 Jove
1075 1637 1143 1684 ipso
1160 1641 1259 1685 major
1279 1637 1475 1685 apparebat,

90 1696 124 1727 &
137 1689 261 1724 facilius
275 1701 331 1738 per
342 1688 549 1736 telescopium
560 1703 582 1734 4
594 1688 711 1735 pedum
727 1716 737 1731 ,
758 1687 857 1735 quam
873 1699 931 1736 per
944 1687 1069 1735 longius
1085 1693 1117 1722 δι
1133 1698 1174 1720 20
1185 1686 1304 1733 pedum
1320 1686 1475 1721 cerneba-

93 1749 144 1773 tur
158 1767 167 1781 ‚
185 1736 272 1786 quod
284 1741 418 1787 majores
435 1736 506 1771 tubi
522 1736 630 1771 lumen
645 1749 776 1784 quoque
787 1747 842 1770 aut
853 1735 1054 1784 splendorem
1078 1733 1250 1769 debilitent
1263 1763 1271 1777 ,
1301 1736 1377 1770 dum
1399 1735 1475 1770 illud

91 1786 250 1835 spargunt.
275 1785 382 1822 Citius
401 1785 499 1820 cauda
510 1798 571 1832 prae
583 1785 709 1821 luminis
728 1787 885 1820 tenuitate
904 1787 1055 1827 evanuit,
1072 1782 1171 1831 quam
1186 1794 1302 1830 caput:
1324 1783 1398 1818 cum
1422 1783 1477 1818 illa

93 1834 278 1883 oculisipsis
294 1835 336 1870 sui
359 1836 485 1883 copiam
502 1834 623 1869 faceret
635 1862 644 1876 ‚
663 1847 718 1882 per
736 1833 945 1881 relescopium
972 1833 1074 1867 videri
1095 1832 1231 1880 amplius
1249 1845 1316 1867 non
1336 1844 1475 1880 poterat.

93 1885 189 1918 Circa
207 1898 225 1926 9
240 1883 400 1919 Februarii
411 1895 507 1931 caput
519 1895 580 1931 prae
594 1885 766 1931 exiguitate
776 1883 865 1918 nudis
877 1882 978 1916 oculis
993 1883 1095 1916 videri
1111 1893 1176 1916 non
1198 1884 1389 1927 potuit‚cum
1400 1894 1477 1916 cau-

96 1932 136 1965 da
152 1931 255 1966 adhuc
267 1931 320 1966 sub
332 1931 483 1966 obtutum
494 1933 683 1966 veniret.De
695 1932 794 1966 cauda
806 1933 858 1965 vix
872 1933 1045 1978 quicquam
1058 1928 1228 1965 verisimile
1241 1929 1346 1964 afferri
1365 1930 1478 1978 potest.

98 1981 152 2014 An
167 1979 250 2015 forth¹
268 1981 310 2014 est
333 1979 497 2015 effluvium
515 1980 680 2026 quoddam
697 1979 717 2015 ἐι
738 1983 846 2028 capite
865 1980 1028 2015 dimanans
1047 1989 1057 2015 Ξ
1084 1981 1135 2014 An
1158 1981 1266 2026 potius
1284 1980 1426 2026 quaedam
1445 1981 1478 2014 in

98 2028 214 2064 :ethere
229 2027 327 2076 sparsa
346 2031 476 2063 materia
485 2029 589 2062 radios
601 2026 715 2063 solares
732 2029 850 2064 fractos
863 2058 871 2072 ‚
889 2035 922 2065 δε
937 2027 1074 2064 reflexos
1085 2030 1117 2062 in
1135 2039 1277 2063 cometes
1287 2027 1479 2076 atmosphae.

98 2090 133 2111 ra
149 2076 186 2110 ad
198 2089 255 2111 nos
266 2075 363 2124 usque
377 2079 493 2121 regerit
511 2091 519 2112 :
536 2087 572 2110 ut
588 2077 903 2124 ingentesinterdum
917 2078 1030 2112 caudas
1044 2080 1077 2111 in
1092 2076 1222 2111 turbido
1238 2089 1313 2111 aere
1335 2078 1414 2110 radii
1429 2076 1478 2110 lu-

100 2137 191 2161 nares
206 2123 380 2173 effingunt?
399 2126 575 2171 Utcunque
587 2136 624 2158 ea
640 2137 688 2159 res
709 2124 745 2160 fit
758 2154 766 2167 ,
779 2128 880 2161 tenuis
899 2126 945 2161 est
961 2126 1136 2161 admodum
1150 2125 1205 2160 illa
1221 2124 1479 2167 substantia‚curn

100 2172 257 2208 stellarum
269 2174 373 2208 lucem
396 2172 597 2208 transmittat.
612 2174 661 2206 Ac
671 2174 710 2207 de
720 2186 846 2209 cometa
856 2177 930 2209 anni
942 2179 1013 2211 1680
1029 2174 1192 2209 hadtenus.

135 2222 303 2257 Postremo
321 2235 406 2256 anno
422 2225 491 2258 1682
504 2232 641 2256 exeunte
656 2224 791 2270 Augusto
806 2222 931 2273 insignis
943 2236 959 2257 a
985 2226 1089 2271 paruit
1104 2232 1232 2257 cometa
1249 2221 1364 2255 eodem
1382 2222 1415 2254 in
1430 2219 1479 2254 lo-

101 2283 149 2309 co,
165 2283 282 2319 nempe
294 2270 348 2306 sub
364 2270 448 2314 ursa,
467 2269 620 2304 ubianno
638 2273 711 2314 1607
721 2271 773 2304 die
790 2275 826 2307 26
844 2275 932 2319 Sept.
967 2285 984 2306 e
1001 2281 1163 2325 comet'em
1180 2272 1288 2317 Pragae
1301 2266 1478 2304 observasse

110 2331 342 2354 commemorat
352 2319 505 2367 Keplerus
518 2348 527 2361 ‚
545 2331 616 2352 cum
637 2321 670 2353 in
689 2318 817 2367 publica
837 2321 947 2355 laetitia
963 2323 1045 2367 ignis
1072 2320 1105 2355 ὅ(
1118 2318 1237 2353 lumina
1263 2316 1479 2351 accenderen-

104 2377 164 2404 tur.
196 2369 246 2403 Sic
274 2381 402 2405 cometa
422 2371 496 2404 anni
523 2369 593 2405 1682
615 2380 687 2404 cum
714 2367 818 2404 Gallia
838 2368 1062 2405 incredibilem
1083 2366 1168 2404 suam
1187 2366 1332 2402 laetiriam
1346 2363 1478 2402 accensis

1197 2417 1228 2451 T
1245 2426 1257 2449 t
1292 2417 1314 2462 ij
