1878 2724
363 135 423 174 642
913 118 939 155 P
959 119 993 155 H
1010 120 1042 155 Y
1059 118 1080 154 S
1097 120 1112 154 Ῐ
1132 117 1163 154 C
1180 119 1218 153 Α

367 186 458 220 renr3
478 185 627 211 neutrum
642 183 720 206 vero
734 199 743 213 ,
757 170 909 217 inquiunt
921 197 930 211 ,
946 181 990 204 ex
1007 168 1054 204 his
1073 169 1106 202 in
1119 166 1269 216 sanguine
1286 160 1490 202 observatur.
1523 167 1598 202 Huc
1615 165 1759 216 denique

370 226 506 267 accedit,
517 226 548 257 in
560 224 635 256 vino
652 226 685 257 &
699 219 768 253 aliis
779 216 959 266 liquoribus
972 217 1261 252 fermentationem
1276 213 1365 250 simul
1376 245 1385 259 ,
1398 221 1430 252 &
1447 216 1485 249 de
1510 217 1690 251 urationem
1700 245 1710 260 ,
1722 227 1759 251 ut

369 285 506 315 vocant,
523 271 591 306 fieri
606 271 657 305 :in
674 266 819 303 febribus
831 278 941 302 autem
952 265 1020 315 ipsa
1036 266 1207 313 deputatio
1220 263 1319 299 febris
1333 265 1440 300 aestum
1457 228 1673 311 subsequitur,
1689 277 1760 300 non

370 324 542 357 comitatur
556 347 565 361 ,
586 316 778 366 paroxysmo
794 329 851 365 per
868 315 997 351 sudores
1014 314 1125 350 soluto.
1154 316 1192 349 ln
1209 325 1248 348 ea
1269 315 1312 348 est
1326 312 1483 349 sententia
1501 311 1683 361 Alphonsus
1699 315 1759 348 Bo·

368 370 463 403 tellus
474 399 483 413 ‚
494 368 601 403 febres
616 369 725 415 potius
739 379 781 401 ex
794 365 883 400 succo
897 376 1021 400 nerveo
1034 365 1155 398 acriore
1175 362 1273 410 quam
1287 375 1325 397 ex
1343 361 1496 410 sanguine
1513 372 1664 410 corrupto
1678 390 1688 405 ‚
1706 367 1761 397 au't

368 417 637 453 fermentescente
652 417 822 465 procreari.
840 415 934 449 Idem
950 415 1038 449 enim
1052 412 1175 461 spiritus
1187 441 1197 455 ,
1214 423 1270 446 aut
1293 410 1397 446 succus
1412 411 1613 460 spirituosus,
1635 413 1692 458 qui
1705 421 1761 446 cot

368 467 498 516 placide
509 477 622 501 movet
633 479 706 500 cum
719 465 766 500 est
778 474 985 512 temperatus,
996 474 1050 496 cor
1062 462 1286 496 vehementius
1301 463 1454 510 exagitat,
1466 461 1524 496 ubi
1534 461 1763 507 intemperiem

327 525 331 529 '
367 528 424 551 aut
441 517 625 551 mordacem
641 515 851 550 acrimoniam
867 513 1036 548 contraxit.
1055 513 1100 546 Ex
1113 521 1204 545 motu
1220 510 1383 544 concitato
1399 512 1500 545 oritur
1519 509 1678 557 sanguinis
1697 508 1763 544 fer'-

369 578 429 600 vor
442 595 451 609 ‚
466 578 538 600 cum
558 566 658 613 igneae
670 562 827 611 sanguinis
837 560 999 609 particulae
1011 559 1147 594 vinculis
1158 559 1264 593 solurae
1273 557 1408 594 celerius
1430 569 1622 594 moventur:
1641 569 1677 592 ut
1689 570 1762 593 cum

368 613 509 663 sanguini
519 626 609 648 extra
620 625 718 648 venas
731 610 822 647 miffo
838 610 962 659 spiritus
976 608 1119 644 volatilis
1131 607 1341 651 admiscetur,
1364 619 1434 642 tum
1451 609 1539 642 enirn
1562 605 1598 642 fit
1616 605 1765 642 ebullitio

369 665 528 710 quaedam.
547 661 656 697 Febris
668 661 834 697 character
843 660 889 694 est
903 657 1006 708 pulsus
1018 658 1194 693 vehemens
1204 686 1213 700 ,
1229 669 1329 704 quem
1344 656 1485 705 sequitur
1497 655 1584 690 calor
1605 667 1678 690 toro
1692 666 1765 691 cor.

368 724 448 765 pore
467 710 593 747 diffusus
609 710 682 747 :hic
692 712 782 745 enim
789 709 893 743 cordis
905 709 1164 743 commotionem
1180 705 1320 754 sequitur
1330 735 1341 750 ,
1358 719 1425 742 non
1438 703 1584 742 viciffim.
1599 706 1689 741 Nam
1703 716 1765 753 po-

356 763 425 796 vlito
435 763 579 809 corporis
589 789 598 804 ‚
622 771 679 794 aut
689 758 847 794 viscerum
857 757 963 792 calore
976 769 1042 792 non
1058 756 1182 804 semper
1193 754 1334 803 sequitur
1344 755 1520 791 vehemens
1529 755 1634 788 cordis
1645 757 1768 797 motio,

369 822 406 844 ut
421 812 454 845 in
467 809 574 845 calore
585 809 710 852 aestivo·,
724 810 757 843 in
768 819 849 856 potu
862 818 1018 855 aquarum
1036 805 1212 840 calidarum
1224 806 1404 840 cernimus:
1428 805 1544 838 eadem
1563 805 1659 852 igitur
1675 802 1767 838 causa

369 872 438 906 quae
448 871 502 893 cor
512 864 598 904 juxta
609 870 726 894 naturae
737 857 844 904 legem
854 856 980 903 placide
994 866 1108 889 movet
1119 883 1129 896 ‚
1138 853 1194 888 ubi
1206 865 1341 902 augetur
1353 882 1363 897 ,
1380 854 1412 888 id
1429 850 1658 888 vehementius
1673 864 1766 888 com-

371 919 496 943 movet.
514 909 602 942 Hinc
615 908 685 941 vini
696 904 874 954 spirituosus
891 915 991 951 vapor
1000 902 1164 951 languidas
1176 903 1260 935 vires
1276 903 1383 936 statim
1397 901 1518 944 reficit,
1533 907 1566 938 &
1582 899 1704 949 pulsum
1714 913 1767 936 re-

370 968 470 1005 parat.
487 959 609 1002 Neque
620 955 725 990 fumus
735 953 790 988 ille
802 965 859 1001 per
869 964 968 987 venas
980 956 1014 988 ὃ(
1031 951 1202 998 pulmones
1219 961 1369 997 penetrat
1379 979 1389 994 ,
1401 948 1592 985 cumnullus
1607 960 1715 998 pateat
1724 949 1767 983 ad

368 1017 423 1040 cor
433 1003 603 1040 aditus-,sed
614 1005 721 1052 potius
735 1014 790 1050 per
803 998 1089 1048 nares&procelsus
1107 998 1300 1033 mamillares
1312 999 1353 1032 ad
1364 997 1530 1033 cerebrum
1543 1000 1767 1046 primum,tum

368 1055 409 1088 ad
421 1065 476 1088 cor
493 1063 675 1102 permanat.
705 1053 757 1085 Sic
779 1048 937 1098 malignus
956 1059 1058 1096 vapor
1076 1040 1180 1082 stanna
1202 1048 1286 1080 vites
1309 1047 1491 1095 prosternit.
1511 1047 1616 1080 Simili
1641 1049 1766 1082 ratione

367 1104 467 1137 animi
479 1101 611 1138 affeetus
625 1101 717 1137 varie
735 1111 790 1134 cor
801 1100 964 1147 exagitant
982 1111 989 1133 :
1004 1096 1057 1131 vel
1072 1095 1154 1131 solus
1169 1097 1216 1129 rei
1226 1097 1356 1144 ingratae
1368 1095 1510 1144 aspectus
1526 1094 1648 1144 pulsum
1658 1096 1768 1130 immi-

370 1154 441 1187 nuit
453 1180 462 1194 ,
487 1163 522 1186 ut
538 1152 585 1186 rei
601 1149 749 1199 jucundae
759 1149 927 1197 perceptio
947 1145 1070 1195 pulsum
1091 1156 1202 1194 auget.
1231 1145 1323 1192 Qin
1336 1149 1370 1181 &
1383 1145 1552 1180 celerrima
1565 1156 1767 1180 venenorum

371 1199 497 1236 diffusio
506 1212 562 1249 per
578 1210 696 1235 nervos
707 1197 880 1246 perficitur.
897 1196 982 1232 Cum
993 1207 1051 1244 pus
1062 1193 1099 1229 fit
1109 1196 1141 1228 in
1155 1193 1288 1242 pustuhs
1298 1222 1307 1238 ,
1322 1205 1378 1229 aut
1386 1193 1547 1229 ulceribus
1557 1222 1567 1237 ‚
1586 1193 1685 1228 febris
1700 1195 1769 1228 ori-

374 1261 422 1285 tur
442 1264 450 1285 :
468 1263 533 1284 non
545 1248 634 1297 quod
651 1260 709 1296 pus
718 1247 758 1281 ad
767 1258 821 1281 cor
831 1247 1001 1294 perveniat
1017 1258 1024 1279 ε
1045 1243 1126 1279 nihil
1135 1244 1223 1277 enim
1237 1254 1292 1277 cor
1301 1242 1322 1278 ὲ
1333 1245 1418 1291 puris
1432 1243 1561 1278 transitu
1578 1244 1610 1278 in
1620 1242 1771 1290 pleuriti-

374 1301 419 1332 cis
433 1297 587 1333 afficitur:
604 1294 657 1331 sed
669 1298 743 1343 quia
756 1294 834 1330 succi
851 1295 940 1330 noxii
953 1292 1043 1328 labes
1063 1293 1103 1326 ad
1122 1291 1290 1327 cerebrum
1314 1304 1371 1340 per
1395 1304 1512 1329 nervos
1527 1292 1713 1328 traducitur.
1733 1295 1770 1327 In

375 1347 494 1382 morbo
509 1345 667 1382 articulari
677 1344 757 1380 succi
772 1344 860 1379 salini
880 1350 913 1381 δε
931 1344 1061 1378 tartarei
1074 1342 1150 1376 dum
1168 1339 1372 1375 membranas
1399 1346 1432 1378 &
1446 1342 1594 1377 tendines
1616 1341 1768 1384 exedunt,

375 1409 493 1432 nervos
507 1398 645 1439 irritant,
660 1393 822 1432 &febrim
832 1392 910 1440 saepe
924 1402 1093 1441 procreant
1107 1405 1114 1427 :
1133 1389 1256 1425 tametfi
1269 1388 1403 1440 persaepe
1417 1389 1537 1440 sanguis
1550 1391 1594 1426 est
1608 1392 1768 1426 innoxius.

375 1445 487 1481 Multa
498 1448 529 1480 in
541 1446 622 1481 hanc
634 1444 826 1479 sententiam
837 1442 931 1479 affert
951 1454 1018 1477 non
1035 1440 1283 1476 contemnenda.
1626 1482 1628 1485 v

413 1495 500 1530 Cum
512 1507 621 1529 tamen
642 1505 739 1528 voces
763 1493 826 1528 illae
847 1491 1109 1527 fermentationis
1124 1494 1157 1526 &
1172 1487 1418 1525 effervescentiae
1435 1517 1446 1532 ‚
1468 1500 1524 1524 aut
1544 1487 1745 1523 ebullitionis
1757 1515 1771 1532 ‚

381 1550 400 1590 (
408 1557 481 1592 quae
500 1543 577 1592 saepe
590 1542 679 1578 nulla
689 1543 746 1585 est,
760 1544 772 1585 )
785 1547 851 1591 jam
868 1541 1082 1582 obtinuerint,
1099 1537 1197 1576 &usu
1212 1536 1268 1573 fint
1285 1550 1439 1586 receprae,
1458 1537 1506 1572 his
1525 1540 1571 1572 uti
1588 1535 1748 1586 possumus
1759 1565 1771 1580 ,

377 1594 555 1628 dummodo
568 1605 627 1641 pro
640 1590 826 1640 perturbato
837 1602 949 1633 motu,
966 1602 1032 1636 quo
1057 1588 1273 1636 heterogenea
1289 1587 1437 1635 quaedam
1455 1589 1488 1621 in
1505 1585 1663 1635 sanguinis
1675 1584 1772 1621 massa.

377 1654 532 1677 contenta
542 1640 745 1677 secernuntur
758 1669 767 1685 ,
781 1652 835 1675 aut
849 1652 935 1675 nova
945 1638 1029 1673 illius
1045 1636 1204 1685 dispositio
1220 1639 1414 1684 acquiritur,
1431 1635 1694 1671 fermentationis
1709 1647 1770 1669 vo-

379 1703 451 1726 cem
462 1690 655 1739 usurpemus.
668 1692 756 1726 Nam
766 1701 801 1724 ut
811 1687 931 1725 Clariis
944 1686 1128 1736 Sydenham
1143 1686 1269 1722 Dostor
1287 1685 1423 1734 Anglus‚
1438 1685 1493 1733 qui
1506 1685 1545 1718 de
1563 1683 1684 1719 morbis
1697 1695 1771 1719 acu-

381 1743 421 1775 tis
437 1742 542 1788 paucis
554 1739 671 1774 abhinc
681 1740 771 1774 annis
781 1736 961 1786 conscripfit
972 1765 980 1780 ,
990 1735 1121 1785 pulchre
1134 1736 1361 1770 animadvertit
1376 1763 1386 1778 ,
1405 1733 1528 1769 febrilis
1543 1734 1609 1768 haec
1620 1746 1772 1768 commo·

382 1792 427 1824 tio
443 1788 484 1824 eo
502 1789 603 1824 tendit
614 1788 665 1823 vel
678 1800 712 1823 ut
724 1789 866 1822 materiae
881 1787 1107 1834 heterogeneae
1118 1814 1126 1828 ,
1137 1782 1237 1832 &ipsi
1252 1796 1369 1819 naturae
1387 1785 1524 1818 inimica:
1541 1781 1675 1817 secretio
1694 1781 1772 1816 fiat:

325 1871 329 1874 .
379 1851 412 1872 ut
430 1841 461 1873 in
477 1837 627 1885 malignis
647 1835 791 1871 febribus
806 1848 938 1871 cernere
952 1836 994 1869 est
1005 1863 1015 1877 ‚
1039 1836 1072 1869 in
1094 1832 1212 1880 quibus
1226 1830 1468 1880 noxiae&quafi
1484 1844 1651 1865 venenarae
1671 1831 1772 1878 parti-

382 1886 459 1920 culae
478 1889 509 1921 in
528 1885 685 1933 sanguinis
697 1884 790 1918 massa
799 1883 1022 1918 delitescentes
1039 1884 1071 1916 in
1084 1883 1185 1915 cutim
1196 1883 1228 1914 vi
1242 1880 1326 1914 illius
1339 1881 1569 1914 commotionis
1581 1907 1592 1922 ‚
1610 1890 1666 1913 aut
1678 1877 1773 1913 ebul-

382 1934 503 1968 litionis
515 1931 810 1968 excernuntunvel
820 1944 861 1965 eo
871 1930 997 1965 febrilis
1013 1931 1193 1964 commotio
1205 1928 1369 1972 collimat,
1386 1940 1421 1964 ut
1435 1927 1557 1977 sanguis
1575 1941 1697 1963 novum
1714 1928 1773 1962 sta·

381 1993 449 2017 tum
462 1981 652 2029 affequatur.
663 1983 752 2017 Hinc
761 1979 841 2029 saepe
855 1978 920 2015 sani
934 1979 1082 2014 homines
1093 2007 1102 2022 ‚
1121 1980 1153 2012 in
1167 1976 1286 2024 quibus
1296 1977 1383 2012 nulla
1393 1977 1441 2011 est
1454 1978 1493 2011 ad
1505 1976 1656 2011 morbum
1665 1974 1773 2026 dispo-

381 2031 450 2066 sitio
467 2059 475 2073 ,
491 2029 575 2078 febri
593 2042 703 2065 tamen
713 2028 757 2064 ob
770 2040 911 2063 errorem
931 2029 963 2062 in
978 2029 1067 2062 viCku
1078 2056 1088 2070 ,
1102 2038 1158 2061 aut
1175 2025 1293 2075 vigiliis
1305 2054 1315 2069 ,
1326 2038 1379 2061 aut
1390 2027 1492 2061 nimio
1506 2027 1659 2060 exercitio
1671 2027 1774 2060 corti-

383 2084 509 2128 piuntur
522 2108 531 2123 ‚
549 2080 639 2126 quod
651 2079 748 2113 alium
762 2077 918 2126 sanguinis
938 2077 1051 2111 statum
1066 2087 1180 2111 natura
1198 2075 1359 2122 postulet:
1378 2089 1444 2110 non
1463 2076 1551 2122 quod
1571 2076 1603 2109 in
1620 2073 1772 2123 sanguine

383 2141 488 2177 partes
498 2127 614 2163 vitiosa
624 2127 779 2175 qualitate
792 2126 914 2163 affestae
923 2124 1144 2160 delitescentes
1155 2124 1184 2159 se
1195 2124 1350 2172 prodant3
1364 2137 1418 2158 aut
1429 2124 1516 2171 quod
1537 2123 1579 2157 ab
1594 2135 1669 2157 aere
1687 2123 1772 2158 infe-

384 2181 438 2213 Cto
449 2179 495 2212 vis
508 2188 666 2212 venenata
677 2181 711 2213 ὃ(
724 2175 863 2224 maligna
874 2204 883 2218 ,
899 2176 978 2209 utin
991 2173 1112 2208 morbis
1125 2169 1314 2222 epidemicis
1326 2201 1335 2215 ‚
1353 2172 1509 2222 sanguinis
1528 2170 1656 2206 massam
1667 2170 1771 2206 subie-

383 2227 544 2264 rit.Unde
556 2224 712 2274 pleraeque
725 2224 878 2271 ejusmodi
896 2222 1002 2257 febres
1021 2235 1100 2269 quas
1116 2223 1237 2257 Audio:
1260 2221 1403 2257 laudatus
1419 2222 1637 2268 depuratorias
1657 2233 1771 2264 vocat,

383 2277 482 2311 sanari
495 2274 615 2318 solent,
631 2287 703 2308 cum
717 2273 871 2322 sanguinis
883 2274 1063 2307 commotio
1078 2273 1163 2306 intra
1172 2282 1292 2306 naturae
1315 2271 1448 2306 modum
1463 2273 1507 2303 ita
1520 2271 1720 2311 continetur,
1735 2281 1772 2304 ut
1832 2303 1835 2306 ,

386 2337 445 2359 nec
455 2324 522 2371 plus
531 2336 621 2371 :equo
631 2323 753 2366 aestuer,
770 2335 831 2358 nec
847 2323 984 2356 nimium
1004 2332 1141 2368 torpeat.
1155 2322 1244 2356 Nam
1257 2332 1297 2354 ex
1309 2319 1438 2354 fervore
1455 2321 1558 2354 nimio
1573 2319 1772 2366 symptoma-
1817 2333 1825 2345 τ

386 2385 417 2409 ta
431 2373 618 2421 plerumque
629 2374 739 2422 gravia
760 2377 793 2409 ὅ(
810 2369 984 2420 periculosa
998 2372 1146 2413 ‚oriuntur
1161 2386 1170 2413 3
1185 2381 1231 2410 ,ex
1252 2369 1409 2417 impedita
1429 2368 1680 2404 fermentatione
1691 2394 1701 2410 ‚
1718 2378 1775 2406 aut.
