1878 2724
621 148 795 187 PARS
838 147 1089 186 TERTIA.
1494 156 1542 188 6·1

189 199 276 246 R‘fi'·
288 198 584 235 Fermentationem
600 199 706 242 illam,
719 198 740 234 fi
758 210 828 246 quae
842 197 879 234 fit
890 228 900 242 ‚
918 198 1028 233 lenem
1045 197 1106 233 else
1121 201 1156 235 δε
1170 196 1329 246 placidam
1347 212 1355 235 ε
1382 197 1438 234 nisi
1455 177 1540 236 forse·

151 260 227 284 cum
237 248 336 283 febris
351 277 359 290 ‚
372 260 427 283 aut
440 248 694 296 perturbationis
706 248 836 296 alicujus
854 249 926 283 aestu
938 261 994 282 cor
1003 251 1153 295 agitatur.
1169 251 1208 283 Et
1222 249 1354 295 quidem
1372 247 1393 282 fi
1411 249 1487 283 illud
1505 251 1538 285 in

149 297 300 344 qualibet
310 297 426 346 systole
443 311 577 333 omnem
595 298 613 334 ὲ
631 298 816 332 ventriculis
831 295 1016 346 sanguinem
1027 296 1178 343 expellit,
1193 296 1344 332 ebullitio
1354 297 1407 332 illa
1421 298 1538 332 Carte-

146 345 203 390 fii,
224 359 278 381 aut
288 346 498 382 fermentatio
510 360 547 382 ex
561 347 695 396 guttulae
704 345 880 382 acceffione
895 348 1032 381 omnino
1044 346 1087 380 est
1097 349 1322 382 commentitia
1341 361 1348 383 ε
1367 345 1538 394 praesertim

144 407 218 430 cum
231 408 286 431 cor
300 407 491 445 exemptum
504 398 520 433 ὲ
531 399 640 445 vipera
652 396 809 431 interdurn
827 407 882 443 per
891 410 927 443 50
937 394 1031 430 horas
1049 394 1150 443 pulset
1162 424 1172 439 ,
1188 398 1240 431 vix
1254 395 1331 430 illud
1342 408 1398 444 per
1409 395 1536 444 sangui-

143 446 195 480 nis
207 443 425 493 explofionem
435 445 585 493 explicari
605 446 716 494 potest.
730 447 801 480 Imo
815 444 838 479 fi
854 457 910 479 cor
927 443 1075 479 animalis
1093 446 1213 479 mortui
1232 456 1317 491 aqua
1331 444 1454 492 repleas
1468 471 1477 482 ,
1500 450 1535 481 &

143 491 238 528 simili
250 506 342 529 motu
353 495 384 528 ei
401 507 501 542 quern
515 493 586 529 fieri
604 496 739 530 diximus
758 497 792 529 in
810 493 924 544 systole
936 522 946 538 ,
962 505 1179 542 contorqueas
1193 522 1203 538 ,
1227 506 1344 542 aquam
1364 492 1536 529 ventriculi

143 545 369 579 contractione
386 556 458 578 cum
477 546 602 592 impetu
617 544 797 592 protrudeS.

180 593 292 639 Atque
303 593 363 627 huc
377 593 480 627 tendit
491 593 554 641 ipsa
572 595 674 628 cordis
684 593 850 629 formatio.
865 595 954 630 Nam
969 604 1004 628 ut
1016 592 1148 641 pulchre
1160 592 1321 626 Harvaeus
1331 589 1536 636 observat‚in

140 640 228 676 foetu
244 640 382 676 auricula
401 640 542 689 primuni
570 641 685 678 sufficit
704 642 855 691 pellendo
876 641 1017 690 sanguini
1036 656 1043 678 :
1069 641 1121 677 sed
1140 639 1301 676 crescente
1324 652 1461 689 corpore
1480 653 1535 676 cor

139 690 320 733 formatur,
339 691 428 738 quod
443 690 581 727 validius
594 691 779 741 sanguinem
800 691 950 729 impellit.
963 694 998 726 In
1016 689 1221 726 calidioribus
1242 688 1458 725 animantibus
1470 719 1481 734 ,
1501 692 1535 726 iii

138 738 256 785 quibus
272 738 389 774 fortius
405 740 530 787 impelli
543 741 729 789 sanguinem
742 739 866 777 neceffe
879 741 925 774 est
938 770 947 784 ,
971 740 1035 775 duo
1055 740 1124 775 sunt
1146 738 1319 775 ventriculi
1339 740 1442 773 cordis
1459 751 1534 775 cum

137 787 259 822 duabus
272 788 419 823 auriculis
430 794 463 826 &
474 790 696 838 pulmonibus.
707 793 754 825 Ex
762 792 798 823 iis
809 802 882 837 quae
894 788 963 824 sunt
971 788 1146 824 debiliores
1163 816 1174 831 ,
1198 800 1235 823 ut
1255 787 1389 822 aviculae
1408 790 1533 823 ventri-

137 836 227 871 culos
244 837 334 872 laeves
346 866 356 881 ‚
371 842 404 875 ὃς
418 839 576 873 lacertulis
588 840 755 874 destitutos
773 841 876 874 nadlae
897 837 990 881 sunt,
1013 850 1074 873 nec
1086 837 1231 872 valvulas
1245 835 1370 872 habent
1390 835 1533 885 tricuspi-

136 885 192 920 des
204 898 280 928 ‚aut
291 898 336 920 eae
350 886 421 921 sunt
435 887 651 935 negligentius
670 886 800 922 occlusae
815 887 922 933 :quod
946 885 1105 934 spongiosi
1124 886 1294 933 pulmones
1317 885 1501 934 sanguinem
1514 887 1532 922 ὲ

133 933 249 969 dextro
267 935 370 968 cordis
388 933 452 969 finu
465 935 617 982 placidius
636 946 809 971 exeuntem
823 937 996 983 excipiant.
1017 938 1051 969 ln
1070 932 1296 969 robustioribus
1311 933 1530 969 animantibus

134 980 254 1017 sinister
263 982 455 1019 ventriculus
467 982 554 1018 fibris
564 983 699 1019 carnosis
718 982 926 1019 validioribus
937 983 1107 1019 instru&us
1117 984 1164 1017 est
1179 1012 1188 1026 ,
1204 984 1328 1031 pariete
1342 983 1438 1030 triplo
1449 982 1529 1019 cras-

128 1029 213 1067 'flore
230 1037 265 1068 &
276 1034 371 1067 variis
383 1031 563 1066 scrobiculis
574 1032 672 1079 usque
683 1032 722 1066 ad
731 1044 924 1067 mucronem
937 1033 1129 1067 extenditur:
1149 1032 1236 1079 quod
1253 1030 1440 1080 sanguinem
1459 1046 1529 1067 ma-

130 1084 202 1126 jore
219 1083 252 1115 vi
268 1082 505 1115 comminutum
515 1083 548 1115 in
563 1093 676 1128 corpus
689 1079 870 1116 universum
892 1080 1064 1129 propellat.
1092 1081 1178 1127 Qae
1203 1092 1315 1115 omnia
1337 1079 1528 1127 persuadent

131 1141 188 1163 cor
197 1140 233 1164 ut
242 1129 415 1164 musculum
433 1132 569 1166 moveri.
581 1129 750 1164 instinctus
761 1128 841 1165 vero
848 1130 887 1164 ad
900 1142 1024 1165 motum
1034 1129 1054 1164 a
1065 1132 1173 1164 nervis
1187 1131 1269 1177 paris
1281 1131 1392 1164 oCtavi
1410 1132 1445 1165 in
1456 1142 1525 1174 cor,

131 1182 169 1214 &
184 1177 335 1213 auriculas
347 1177 475 1226 copiose
485 1177 624 1226 dispersis
634 1189 751 1214 manat.
765 1180 854 1214 Hinc
871 1179 975 1227 ligato
992 1190 1106 1213 trunco
1118 1178 1206 1227 hujus
1221 1181 1314 1213 nervi
1334 1180 1369 1213 in
1386 1181 1525 1223 cervice,

131 1226 236 1262 statim
246 1238 431 1261 commeatu
445 1226 608 1275 spirituum
619 1231 801 1276 intercepto
818 1228 923 1262 cordis
940 1238 1047 1262 motus
1060 1226 1097 1262 fit
1106 1226 1262 1261 tremulus
1279 1256 1288 1271 ‚
1305 1232 1339 1264 ὅ(
1353 1226 1524 1275 palpitans,

132 1285 267 1323 tumque
279 1287 336 1324 per
348 1288 445 1311 unum
460 1288 516 1311 aut
525 1276 660 1312 alterum
673 1277 760 1311 diem
772 1278 859 1312 canis
869 1279 970 1311 vitam
997 1274 1143 1311 miseram
1156 1278 1224 1324 agit
1233 1305 1243 1318 ‚
1257 1276 1363 1311 donec
1377 1276 1524 1325 stagnan-

133 1334 167 1358 te
183 1326 216 1360 in
225 1324 409 1359 ventriculis
421 1326 524 1361 cordis
545 1325 692 1375 sanguine
705 1328 838 1374 expiret.
851 1326 950 1372 Qiod
968 1337 1076 1360 autem
1093 1326 1197 1360 statim
1213 1338 1278 1360 non
1293 1327 1469 1370 moriatur,
1487 1327 1520 1361 id

129 1373 164 1408 in
177 1372 268 1408 causa
281 1373 324 1408 est
342 1374 432 1421 quod
448 1378 542 1410 nervi
560 1375 770 1410 intercostalis
782 1373 894 1409 surculi
912 1374 1037 1424 aliquot
1051 1377 1085 1411 in
1098 1374 1165 1423 ipso
1177 1373 1308 1410 transitu
1325 1375 1365 1408 ad
1379 1387 1434 1409 cot
1448 1387 1522 1423 per-

131 1423 285 1466 veniant,
302 1425 357 1470 qui
376 1423 551 1472 vestigales
565 1424 689 1473 spiritus
713 1424 761 1459 illi
777 1423 928 1460 afferunt.
954 1427 999 1460 Ex
1015 1436 1082 1471 quo
1097 1425 1230 1472 quidem
1245 1425 1469 1472 experimento
1486 1425 1520 1459 id

128 1473 290 1520 conjicere
301 1470 460 1520 possumus
476 1484 652 1509 tremorem
669 1474 773 1508 cordis
788 1486 825 1508 ex
836 1472 926 1508 causa
940 1472 1095 1508 confimili
1112 1473 1242 1521 prodire
1259 1486 1266 1506 :
1287 1473 1377 1520 quod
1393 1471 1519 1521 spiritus

129 1520 285 1555 animales
305 1520 358 1554 vel
381 1523 413 1556 in
429 1522 594 1557 cerebello
609 1551 619 1565 ,
638 1522 690 1557 vel
713 1524 745 1556 in
766 1520 911 1571 plexibus
923 1534 1119 1565 nervorum,
1135 1521 1189 1557 vel
1207 1524 1240 1556 in
1260 1523 1367 1556 nervis
1394 1520 1464 1569 ipfis
1484 1524 1518 1557 in

127 1569 229 1602 corde
239 1568 354 1604 diffusis
367 1570 450 1605 male
464 1570 573 1607 affecti
582 1600 591 1615 ‚
603 1577 635 1608 &
646 1570 729 1618 quasi
741 1572 875 1619 inquieti
885 1571 967 1606 hanc
982 1572 1086 1605 cordis
1099 1571 1348 1620 trepidationem
1360 1569 1516 1614 efficiant,

127 1629 194 1664 qua
207 1617 295 1653 fibrae
307 1622 372 1664 ejus
383 1621 534 1654 mottices
548 1621 716 1655 celerrime
729 1621 858 1668 quidem
873 1649 881 1662 ‚
904 1619 952 1654 sed
968 1618 1120 1654 debiliter
1134 1632 1189 1654 cor
1207 1618 1307 1667 ipsum
1319 1631 1372 1654 aut
1387 1631 1516 1654 contra-

128 1665 223 1710 hant,
243 1679 296 1702 aut
310 1667 465 1703 dilatent:
484 1669 566 1704 adeo
579 1681 614 1704 ut
624 1667 736 1719 systole
749 1675 781 1706 &
791 1668 925 1704 diastole
937 1668 1058 1703 celeres
1073 1669 1206 1716 quidem
1220 1667 1289 1712 sint,
1303 1668 1355 1703 sed
1370 1668 1514 1717 abruptae

129 1720 163 1750 &
180 1714 264 1762 quasi
286 1717 479 1762 dimidiatae3
501 1731 560 1753 nec
572 1718 703 1767 [anguis
717 1718 858 1753 ubertim
871 1748 879 1760 ,
895 1717 945 1752 sed
963 1717 1103 1752 stillatim
1116 1718 1344 1752 tantummodo
1362 1720 1393 1752 in
1407 1719 1512 1752 cordis

127 1761 208 1797 finus
220 1764 386 1808 illabatur,
400 1778 453 1801 aut
467 1781 506 1802 ex
520 1769 559 1801 iis
575 1767 735 1803 effiratur.
754 1771 832 1803 Non
843 1766 1003 1803 diffiniiles
1019 1766 1230 1801 musculorum
1246 1765 1398 1801 subsultus
1419 1769 1450 1801 in
1464 1766 1512 1801 la-

127 1810 192 1846 bris
206 1841 215 1855 ,
228 1813 326 1848 oculis
340 1843 349 1857 ‚
366 1817 456 1862 genis
469 1845 477 1859 ‚
487 1822 520 1852 &
534 1816 759 1863 aliis'partibus
776 1818 957 1865 experimur
973 1828 1065 1851 :curn
1078 1815 1200 1864 spiritus
1219 1817 1354 1849 nimium
1374 1816 1513 1862 inquieti

125 1860 256 1896 crebros
268 1868 301 1899 &
312 1863 434 1897 debiles
450 1877 487 1900 ex
499 1866 683 1900 tendinibus
696 1867 728 1900 in
740 1878 850 1901 carnes
859 1895 868 1909 ‚
886 1867 902 1902 ὲ
917 1863 1064 1899 carnibus
1076 1867 1108 1898 in
1124 1865 1271 1899 tendines
1282 1893 1291 1907 ‚
1303 1866 1402 1898 etiam
1415 1864 1511 1899 nobis

123 1910 237 1945 invitis
250 1911 392 1946 excursus
400 1913 526 1950 faciunt
541 1943 550 1958 ,
568 1920 602 1951 &
615 1913 774 1951 recursus:
792 1926 827 1950 ut
847 1913 1013 1964 ingeniose
1025 1913 1167 1962 explicat
1180 1912 1337 1950 Vvilifius.
1361 1914 1430 1960 Qi
1450 1913 1509 1947 ad-

125 1957 174 1992 dit
184 1959 271 2007 hujus
287 1964 436 1995 tremoris
460 1965 492 1998 in
510 1965 606 1998 corde
625 1963 748 1999 causam
773 1966 805 1999 in
823 1962 1021 1999 obstru&um
1036 1963 1153 1998 lienem
1170 1961 1270 2011 vulg&
1295 1964 1400 2012 rejici,
1419 1963 1509 2010 quod

122 2019 240 2054 magna
254 2006 288 2042 sit
300 2010 383 2043 inter
395 2022 512 2045 nervos
522 2013 685 2046 card-iacos
698 2041 707 2055 ‚
722 2018 754 2048 &
767 2025 882 2047 nervos
902 2012 1057 2046 viscerum
1070 2013 1224 2057 cognatio
1235 2040 1243 2053 ,
1253 2016 1287 2046 ὃς
1305 2023 1373 2058 pars
1386 2024 1447 2045 una
1458 2012 1509 2046 af-

122 2055 212 2091 fecta
221 2056 356 2092 alteram
373 2057 466 2094 facile
478 2062 510 2094 in
520 2059 705 2094 consensum
720 2060 835 2096 trahat.
849 2060 929 2094 lllud
947 2071 1080 2107 quoque
1088 2059 1239 2093 observat
1254 2059 1356 2092 cordis
1371 2059 1513 2107 palpita⁴

123 2106 249 2139 tionem
265 2104 285 2140 ὲ
301 2117 443 2141 tremore
457 2107 554 2157 longe
571 2108 632 2143 else
650 2107 804 2143 diversam
822 2138 832 2152 ‚
855 2108 929 2143 licet
944 2107 1108 2156 utriusque
1124 2120 1231 2142 motus
1252 2106 1289 2142 sit
1302 2107 1508 2144 convulfivus

123 2158 158 2189 &
172 2153 373 2202 perturbatus
389 2170 397 2191 :
411 2155 460 2190 sed
472 2170 593 2192 tremor
604 2160 635 2192 in
650 2157 873 2193 vibrationum
884 2158 1067 2205 frequentia
1079 2186 1087 2199 ‚
1104 2156 1276 2205 palpitatio
1287 2159 1320 2191 in
1334 2158 1506 2192 vehemen-

121 2203 168 2236 tia
187 2202 333 2240 confistir.
351 2208 431 2239 Haec
448 2206 529 2254 saepe
548 2208 663 2241 accidit
679 2220 752 2242 cum
772 2219 855 2242 totus
870 2206 988 2255 sanguis
1007 2207 1109 2240 cordis
1137 2205 1323 2256 ventriculis
1342 2204 1504 2240 conclusus

121 2253 193 2299 ejici
206 2265 269 2286 non
280 2255 392 2300 potest.
403 2256 501 2290 Unde
514 2255 585 2291 vasa
598 2256 700 2291 cordis
718 2258 855 2291 nimium
867 2256 1102 2304 impletajuxta
1115 2256 1218 2289 cordis
1236 2253 1332 2289 basim
1347 2267 1419 2289 cum
1442 2257 1503 2288 im.

121 2311 200 2347 petii
214 2301 347 2338 exiliunt
357 2332 367 2347 ,
385 2309 420 2340 &
434 2317 489 2339 cor
499 2317 604 2340 totum
618 2307 805 2339 concutiunt
819 2306 911 2341 :dum
924 2306 1052 2339 interim
1064 2302 1166 2351 pulsus
1180 2305 1212 2337 in
1227 2315 1324 2350 carpo
1337 2303 1500 2351 languidus

120 2349 168 2382 est
182 2350 338 2385 &debilis
353 2369 360 2395 3
373 2351 435 2386 sive
448 2354 615 2401 pulmones
637 2353 695 2388 lint
708 2354 793 2388 male
811 2354 919 2389 aff'effi
932 2383 940 2396 ‚
966 2352 1029 2388 five
1042 2355 1228 2387 arteriarum
1245 2351 1332 2394 fibrae
1348 2354 1381 2387 iii
1396 2352 1501 2387 cordis

115 2395 183 2432 basi
201 2400 424 2437 convellantur
434 2432 442 2447 ,
461 2402 526 2440 five
539 2403 602 2439 alia
612 2402 701 2439 causa
713 2402 806 2439 subsit
822 2403 989 2439 occultior.
