1878 2724
1064 133 1085 157 ⁶²„

98 199 102 202 .
554 158 694 196 PARS
729 156 983 195 TERTIA:
1386 173 1441 207 50¹

61 210 126 246 ies.
144 205 312 256 ‘roirca
323 205 468 244 videmus
487 220 600 243 ornnes
612 208 736 243 cerebri
751 208 912 243 anfradhis
931 214 966 245 &
982 203 1232 242 convolutiones
1256 209 1288 242 in
1312 208 1346 242 id
1368 222 1439 244 cor-

63 269 123 305 pus
133 256 259 293 firmum
272 262 307 294 &
319 258 491 292 candidum
505 256 657 293 definere.
677 258 755 291 Hoc
771 258 882 304 utique
897 256 943 290 est
960 255 1048 291 velut
1066 256 1178 290 animae
1199 256 1362 292 sentientis
1377 258 1439 292 do-

53 305 220 342 'micilium
234 322 243 350 ;
261 308 296 341 in
306 319 347 341 eo
360 306 482 354 spiritus
502 304 601 341 libere
618 305 829 353 exspatiantur
844 332 855 348 ,
876 307 932 352 qui
952 316 1009 352 per
1026 301 1159 338 fibtillas
1176 304 1280 339 callosi
1296 308 1440 353 corporis

62 357 231 402 expurgati
243 357 330 389 varia
351 354 558 390 circulatione
575 355 614 389 ad
632 366 704 390 eam
724 356 895 402 puritatem
915 353 1116 395 evehuntur,
1135 364 1234 400 quam
1255 353 1440 390 functiones

65 403 218 438 animales
238 406 379 452 exigunt.

61 461 65 464 ·
89 445 245 496 'Confirm
253 455 413 488 Extimam
428 452 551 488 cerebri
562 453 748 501 portionem
758 463 824 486 non
835 449 922 486 aliud
932 448 992 485 effe
1002 460 1116 498 praeter
1135 448 1355 498 glandularum
1364 463 1443 487 con-

61 501 205 548 geriem,
221 513 357 548 quaeque
379 504 415 536 in
441 500 576 542 cerebro
588 501 797 536 distinctiones
813 509 969 547 apparent
983 527 994 542 ‚
1015 511 1088 534 cum
1103 498 1290 545 exquifitum
1307 499 1444 535 adhibe-

65 558 116 582 tur
127 548 370 598 microcospium
383 579 394 594 ‚
409 550 505 584 docet
517 549 730 598 Malpighius.
751 546 835 584 Vasa
858 547 1024 595 sanguinea
1043 548 1196 582 extimam
1222 547 1445 596 glandularum

64 607 190 644 partem
202 599 378 645 pervadunt
392 612 400 634 ε
421 597 471 633 sed
482 597 571 633 fibrae
587 610 641 634 aut
657 596 759 634 tubuli
768 607 921 644 tanquam
932 594 1004 630 vasa
1013 594 1180 630 secretioni
1189 598 1325 643 purioris
1339 596 1447 643 liquo-

62 646 106 678 ris
120 645 295 689 destinata,
310 659 350 681 ex
363 649 483 682 intimis
500 646 648 696 cujusque
660 644 818 695 glandulae
838 643 979 692 partibus
994 647 1138 679 oriuntur
1157 658 1165 679 :
1185 656 1224 678 ex
1243 643 1305 678 illis
1323 643 1447 678 fibrillis

61 692 185 728 cerebri
197 694 336 730 medulla
347 697 742 744 componitur-2roirca
758 692 881 728 cerebri
899 704 1012 729 cortex
1029 704 1100 727 cum
1115 694 1221 740 granis
1236 693 1313 727 mali
1327 695 1449 741 punici,

63 754 97 778 V.
107 754 169 776 une
174 743 319 791 grenade
333 771 342 782 ‚
354 757 439 792 ¹quae
452 743 621 793 perfibras
642 755 716 779 cum
731 741 918 777 membrana
930 741 1116 784 cohaerent5
1137 739 1208 775 satis
1223 753 1298 789 apte
1313 753 1448 790 compa-

62 800 151 824 ratur
162 791 395 834 ‚omnes-fibrae
411 795 449 827 iis
464 792 621 842 glandulis
632 789 1010 826 tenaciteradhaerescunt
1025 819 1034 833 ,
1050 794 1084 825 δε
1102 791 1136 824 in
1153 791 1273 824 cortice
1291 801 1446 837 tanquam

50 840 96 872 -in
107 837 174 873 solo
186 867 196 881 ‚
209 841 293 875 unde
302 840 427 876 succum
437 841 584 882 trahunt,
599 841 721 875 radices
738 839 869 874 habent.
887 840 960 873 Nec
973 837 1096 886 prorsus
1110 838 1241 873 videtur
1256 837 1446 873 incredibile

61 885 118 921 has
133 886 256 922 cerebri
268 888 671 932 fibras-instar-tubulorum
682 886 744 923 effe
762 897 961 929 excavatas:
986 898 1061 922 cum
1081 888 1112 922 in
1137 884 1254 934 plantis
1279 884 1348 935 ipsis
1362 899 1447 921 cavae

63 933 123 970 sint
136 947 179 970 eae
192 935 318 971 fibrillae
337 950 407 984 quae
426 937 559 973 succum>
569 938 700 973 vehunt.
1125 940 1129 943 ’
1281 940 1284 943 ’

99 985 219 1031 Neque
234 984 298 1020 hoc
313 986 386 1021 loco
399 987 629 1034 inquirendum
640 997 721 1034 puto
740 995 781 1019 an
794 982 1082 1019 tubulinervorum
1098 983 1160 1019 sint
1173 982 1261 1018 velut
1278 985 1388 1018 vitreae
1409 982 1447 1019 fi-

51 1031 152 1067 ·stulae
163 1061 172 1076 ‚
184 1045 224 1067 an
235 1036 342 1081 potius
354 1034 519 1083 spongiosa
527 1033 721 1076 substantia,
738 1043 772 1067 ut
785 1031 926 1066 sambuci
945 1032 1086 1066 medulla
1099 1032 1311 1080 impleantur:
1327 1033 1447 1067 adeout

63 1090 174 1115 tamen
185 1081 289 1116 succus
301 1083 451 1118 nervosus
465 1085 496 1117 in
507 1085 541 1118 iis
552 1082 649 1118 facile
662 1082 723 1117 huc
735 1080 808 1114 illuc
822 1079 888 1114 fere
900 1090 936 1114 ut
945 1081 976 1114 in
986 1081 1139 1116 arundine
1150 1080 1258 1115 Indica
1268 1092 1446 1117 moveatur.

64 1129 117 1164 An
130 1129 215 1166 forte
228 1131 316 1175 inter¹
327 1131 412 1179 ipsos
419 1130 554 1166 tubulos·
564 1130 668 1166 succus
686 1129 742 1164 ille
752 1140 886 1163 nerveus
897 1155 908 1170 ,
923 1139 976 1162 aut
991 1127 1112 1176 spiritus
1122 1128 1177 1176 ipfi
1192 1127 1376 1162 incredibili
1393 1141 1447 1163 ce-

63 1176 193 1213 leritate
201 1190 391 1225 permeent?
402 1182 455 1214 An
468 1181 581 1228 potius>
591 1191 648 1227 per
656 1178 711 1212 illa
725 1177 887 1212 interstitia
898 1175 1001 1210 succus
1012 1175 1184 1225 benignior
1202 1181 1235 1212 &
1244 1177 1283 1210 ad
1296 1178 1447 1212 nutritio-

63 1237 141 1262 nem
161 1227 312 1270 idoneus,
326 1240 383 1275 per
393 1227 591 1277 spongiosam
605 1226 792 1261 tubulorum
801 1224 1003 1259 substantiam
1013 1223 1135 1271 spiritus
1153 1224 1208 1273 ipfi
1225 1225 1423 1272 perferantur
1436 1254 1447 1268 ,

51 1285 100 1308 -ut
109 1274 436 1313 videtutBorello.Ista
449 1279 536 1311 enim
549 1277 741 1324 conjeekuris
763 1272 987 1308 tantummodo
1000 1272 1230 1321 persequi,non
1247 1275 1446 1322 experimen-

65 1325 106 1356 tis
119 1320 236 1369 assequi
246 1323 412 1371 polsumus.
428 1324 510 1359 Illud
528 1324 623 1373 longe
643 1321 843 1372 probabilius
861 1321 987 1355 videtur
1000 1350 1009 1364 ,
1030 1320 1155 1369 spiritus
1170 1334 1228 1371 per
1243 1334 1298 1357 eos
1315 1321 1445 1356 tubulos

63 1370 218 1406 circulari.
231 1374 321 1408 Nam
334 1373 353 1409 ὲ
365 1372 499 1408 cerebro
510 1384 630 1408 exeunt
642 1401 652 1416 ,
664 1377 698 1408 &
719 1374 750 1407 in
769 1370 802 1405 id
812 1369 946 1403 redeunt
955 1397 964 1411 ‚
981 1381 1016 1404 ut
1033 1382 1070 1404 ex
1084 1373 1217 1406 venenis
1238 1376 1271 1407 ὃ(
1296 1371 1445 1405 cardiacis

63 1420 198 1456 constat.
209 1422 280 1456 Nec
290 1421 414 1469 spiritus
427 1424 482 1469 qui
496 1433 562 1456 tam
586 1419 703 1469 copioli
718 1431 773 1465 per
783 1430 897 1466 corpus
912 1416 1132 1454 diffunduntur
1145 1448 1156 1462 ‚
1186 1424 1220 1456 &
1243 1431 1381 1466 quorum
1396 1418 1447 1453 ef.

50 1467 162 1502 -fluxus
180 1468 275 1516 longe
294 1471 341 1504 est
356 1470 500 1505 velocior
515 1469 671 1519 sanguinis
682 1467 813 1511 effluxu,
836 1478 901 1502 tam
912 1468 977 1501 cito
987 1470 1125 1515 reparari
1147 1468 1270 1516 possent
1284 1481 1292 1504 :
1309 1466 1364 1503 nisi
1381 1469 1445 1501 cir,

51 1519 147 1552 -cuitu
164 1518 307 1564 quodam
333 1520 372 1554 ad
395 1517 559 1554 cerebrum
586 1519 737 1554 redirent.

590 1614 748 1650 -Secunda
767 1614 941 1660 Conclufio.

94 1728 96 1732 ’
107 1715 181 1749 Pars
192 1713 314 1748 cerebri
327 1715 451 1749 cinerea
467 1712 591 1746 videtur
601 1711 661 1746 else
674 1714 846 1761 imaginum
857 1711 944 1748 locus
957 1726 964 1748 :
978 1723 1012 1746 ut
1023 1710 1135 1746 callosa
1146 1712 1299 1758 praecipua
1312 1709 1357 1743 est
1368 1710 1446 1743 ima-

53 1764 239 1811 ginationis
256 1768 287 1798 &
302 1764 461 1811 appetitus
476 1760 561 1795 sedes
573 1790 581 1804 ‚
600 1763 737 1795 maxime
754 1773 854 1809 prope
872 1773 1046 1797 nervorum
1065 1761 1207 1794 exordia.

52 1817 54 1819 '
96 1809 257 1846 Probatur
268 1810 435 1855 Conclusio.
449 1812 607 1856 Qamvis
623 1821 670 1842 res
688 1820 757 1844 tota
773 1808 849 1843 sitin
866 1810 1058 1857 conjecturis
1074 1806 1172 1855 posita
1191 1821 1199 1842 t
1216 1805 1266 1840 sed
1288 1805 1364 1852 quid
1384 1817 1445 1839 no-

66 1857 116 1893 bis
130 1858 326 1906 probabilius
340 1860 485 1892 videatur
499 1887 508 1900 ‚
527 1858 589 1893 hoc
604 1857 676 1892 loco
690 1868 812 1892 tantum
823 1857 993 1893 afferimus.
1011 1859 1133 1891 Rerum
1152 1858 1261 1901 iraque
1274 1865 1381 1895 notas,
1391 1862 1445 1886 aut

53 1908 202 1955 -vestigia
211 1920 282 1954 quae
294 1920 348 1955 per
358 1907 456 1942 sensus
467 1906 589 1941 subiere
599 1935 607 1949 ‚
617 1909 648 1940 in
661 1908 781 1941 cortice
793 1906 935 1950 cerebri,
946 1908 1023 1943 &in
1037 1906 1163 1939 cinerea
1173 1903 1257 1937 illius
1275 1913 1364 1950 parte
1375 1900 1448 1936 ubi-

65 1967 191 2001 cunque
204 1954 261 1997 fit,
284 1956 460 1990 conservari
477 1954 577 1989 multa
589 1954 731 1990 suadent.
749 1961 778 1989 1⁰
796 1957 884 1990 Varii
906 1961 940 1992 &
959 1952 1153 2001 multiplices
1173 1952 1336 1986 anfractus
1358 1952 1447 1984 tenui

65 2005 215 2050 meninge
225 2003 346 2050 ubique
356 2002 489 2038 obducti
499 2003 604 2037 locum
616 2004 662 2037 his
681 2004 817 2051 vestigiis
827 2003 973 2050 praebent
987 2018 994 2038 ε
1014 2014 1050 2037 ut
1063 2001 1194 2036 mollior
1209 2012 1251 2034 eo
1273 2000 1346 2034 loco
1360 2009 1448 2033 cere-

66 2050 117 2086 bri
132 2050 361 2086 substantia-his
379 2049 635 2098 impressionibus
651 2052 895 2085 accommodata
911 2051 982 2086 satis
998 2051 1133 2085 videtur.

102 2107 146 2136 2⁶.
163 2099 299 2133 Cerebri
309 2099 556 2134 convolutiones
565 2101 597 2132 iu
607 2098 739 2133 cerebro
750 2099 892 2134 humano
902 2099 970 2134 sunt
981 2101 1081 2147 magis
1093 2097 1285 2145 multiplices
1298 2101 1331 2132 δέ
1341 2097 1450 2137 varix,

67 2147 166 2194 quum
178 2151 209 2182 in
219 2148 285 2183 ullo
297 2160 415 2196 genere
424 2147 610 2181 animalium
621 2163 631 2189 ·,
641 2147 745 2194 plures
759 2148 840 2181 adeo
853 2148 922 2182 sunt
934 2150 964 2183 in
976 2146 1099 2183 cerebri
1109 2148 1228 2181 cortice
1238 2145 1325 2179 velut
1336 2143 1447 2177 distin-

68 2199 126 2231 διε
142 2199 317 2243 imaginum
327 2196 444 2231 cellula:
459 2198 512 2231 :in
526 2195 716 2230 animalibus
730 2225 739 2239 ‚
754 2208 822 2242 quae
839 2209 902 2231 uno
917 2197 986 2231 fere
996 2201 1029 2233 ὃς
1041 2193 1196 2229 consimili
1213 2193 1313 2227 modo
1328 2203 1425 2240 agunt
1437 2220 1447 2233 ,

68 2256 123 2278 aut
136 2244 227 2288 nullae
237 2245 304 2279 sunt
315 2274 323 2289 ‚
344 2257 398 2279 aut
411 2246 576 2292 pauciores
588 2273 598 2287 ‚
615 2256 650 2278 ut
663 2246 696 2278 in
708 2244 858 2278 cuniculis
875 2273 885 2288 ,
910 2244 1024 2279 avibus
1042 2272 1051 2284 ,
1067 2242 1213 2290 pistibus.

87 2299 125 2337 3⁰.
140 2294 222 2328 Cum
234 2305 302 2328 rem
321 2293 407 2327 inisci
418 2293 631 2336 volumus‚aut
643 2294 871 2340 imaginatione
886 2293 1006 2339 aliquid
1021 2290 1253 2338 effingere‚tum
1266 2288 1365 2322 fronti
1379 2299 1449 2321 ma.

69 2353 145 2375 num
155 2343 411 2385 admove-mua&
425 2353 548 2389 partem
558 2340 681 2375 cerebri
698 2343 891 2375 anteriorem
903 2341 1224 2380 sollicitamu5‚tac1to
1239 2336 1380 2382 quodam
1394 2348 1449 2369 na-

57 2399 144 2423 mirae
156 2391 273 2435 judicio
284 2393 317 2427 in
327 2403 364 2426 ea
372 2402 460 2439 parte
471 2392 578 2439 vigere¹
589 2391 806 2434 inemoriam,a
812 2400 887 2437 tque
901 2389 974 2424 huic
983 2389 1162 2438 proximam
1173 2383 1234 2419 effe
1245 2385 1450 2432 imaginatio-

60 2439 119 2476 Vuis
135 2437 250 2475 sedem.
1154 2436 1209 2468 Rr
1223 2445 1238 2467 r
1270 2436 1307 2479 iij
