1878 2724
378 167 439 200 124
759 151 1020 189 PHYSICAE
1057 149 1387 188 GENERALIS

379 214 428 238 tus
448 204 570 237 vitreos
591 202 752 238 cancellos
766 201 807 236 ad
825 201 956 248 aliquot
969 199 1120 235 milliaria
1143 199 1316 243 succutiat,
1333 199 1386 235 sed
1407 199 1507 234 etiam
1522 211 1684 248 campanae
1696 228 1707 244 ,
1719 206 1770 237 tu‹‘

377 250 446 291 bae,
472 255 618 299 tympani
637 251 729 287 sonus
743 262 880 299 corpora
899 249 1049 285 solidiora
1059 261 1284 286 commoveat.
1304 252 1357 285 Sic
1370 246 1489 298 ubiscy
1515 249 1548 285 hi
1563 252 1659 285 vitrei
1677 247 1768 285 labra

375 301 479 350 digito
491 296 639 335 ‘celeriter
650 312 742 336 moto
762 311 964 348 premuntur,
977 298 1085 346 liquor
1093 296 1215 347 scypho
1230 310 1401 334 contentus
1429 297 1485 333 sub
1500 298 1582 335 ultat
1593 329 1602 344 ‚
1626 305 1660 336 &
1681 301 1770 335 inte-

376 352 436 385 rim
446 349 573 396 guttulae
587 361 678 385 extra
691 352 810 385 vitrum
824 347 1000 398 prosiliunt.
1016 350 1062 384 Ex
1078 346 1283 396 quibuslicet
1298 347 1600 398 conjicereapreffo
1621 360 1716 393 aere,
1730 353 1774 386 &2

376 399 603 434 vehementius
617 410 711 435 moto
722 398 865 434 emiffam
881 397 1030 448 sagittam
1040 395 1219 433 antrorsum
1233 393 1385 445 propelli.
1405 399 1494 444 Qu'n
1504 400 1606 434 etiam
1615 399 1700 434 hunc
1712 411 1769 435 ae-

376 449 417 482 ris
428 459 555 483 motum
572 462 645 483 cum
660 448 756 497 paulo
768 448 903 484 celerius
918 447 1159 497 progredimur,
1174 444 1260 482 sensu
1279 446 1471 495 percipimus
1481 474 1491 490 ,
1512 446 1631 496 hicque
1639 459 1768 485 motum

375 495 465 531 suum
486 500 615 545 corpori
634 499 715 534 duro
733 498 841 548 potest
856 500 1056 547 imprimere.
1089 498 1142 531 Sic
1160 497 1252 544 pueri
1270 497 1355 531 inter
1376 496 1567 531 currendum
1584 499 1667 532 aeris
1690 509 1768 533 ven-

376 557 445 581 tum
470 549 613 583 excitant
623 576 634 591 ,
645 550 702 595 qui
713 549 899 584 chartaceas
910 575 919 591 ,
933 552 966 584 &
981 544 1145 583 versatiles
1165 544 1287 580 rotulas
1302 544 1421 581 baculo
1433 542 1547 579 affixas
1565 548 1764 595 circumagit.

375 597 498 642 Neque
513 595 579 631 haec
599 598 640 631 ad
652 599 816 647 impetum
836 625 846 642 ,
864 597 919 632 vel
934 597 975 632 ad
990 595 1182 644 qualitatem
1202 591 1382 643 impreffizm
1409 594 1524 629 referri
1540 594 1666 643 poffunt
1683 610 1692 632 :
1712 598 1768 632 vix

375 646 463 680 enim
478 645 508 679 id
523 658 634 685 mente
646 649 847 696 concipimus
869 658 935 693 qua
944 648 1071 682 ratione
1081 644 1218 693 qualitas
1230 673 1240 688 ,
1250 655 1323 692 quae
1337 643 1461 680 facilius
1469 646 1769 693 nominatur‚quam

375 693 591 743 intelligitur,
607 707 657 731 tot
672 701 706 733 δε
720 708 828 732 tantos
844 694 981 731 effeetus
993 705 1155 744 procreet.
1534 709 1536 711 ’
1724 721 1727 723 >

400 745 490 791 Resp.
503 745 535 779 id
549 744 570 779 a
586 744 681 783 nobis
696 745 780 782 ultro
790 745 928 781 concedi
941 773 951 787 ,
964 744 1229 781 vehementiores
1240 753 1349 777 motus
1361 742 1383 779 ὲ
1401 742 1631 789 ratefafflone,
1643 748 1678 781 &
1688 756 1771 780 con-

375 792 563 829 densatione
573 797 655 829 aeris
666 825 677 839 ,
690 794 733 830 ab
743 799 806 843 ejus
821 792 1017 830 siiccuffione
1028 823 1037 837 ,
1053 804 1108 827 aut
1121 803 1214 828 motu
1228 791 1368 827 tremulo
1379 821 1388 835 ‚
1413 791 1468 829 vel
1493 805 1687 841 quocunque
1701 793 1770 829 alio

376 844 512 878 nomine
525 840 662 893 signetur
671 846 721 881 vis
733 844 789 879 illa
803 841 1170 892 elastica‚proficisci:sed
1180 854 1266 890 nego
1277 853 1352 876 eam
1371 839 1515 877 sufficere
1525 845 1671 891 projeeto
1681 840 1772 885 saxo,

375 904 432 939 aut
442 891 546 941 globo
559 893 751 931 deferendo,
774 894 949 930 Tormenti
968 892 1079 928 bellici
1096 890 1258 934 bombus,
1281 889 1336 925 seu
1351 902 1473 927 tremor
1487 894 1567 926 aeris
1586 892 1668 926 aedes
1689 890 1772 940 ipsas

376 940 527 977 succutiat
549 956 556 978 :
577 942 629 978 sed
643 943 782 992 globum
800 943 943 979 ferreum
962 955 1022 977 nec
1037 940 1214 984 sustinere,
1235 952 1298 975 nec
1320 940 1472 984 deferre,
1491 953 1554 976 nec
1576 941 1710 976 demum
1728 940 1771 975 ad

377 989 509 1040 scopum
521 993 624 1041 potest
633 994 783 1042 dirigere.
799 992 871 1028 Alia
885 992 984 1029 nobis
1000 991 1048 1028 est
1057 990 1229 1040 quaerenda
1241 987 1334 1024 causa
1350 991 1471 1024 certior
1480 1019 1490 1033 ,
1512 995 1546 1027 ὅ(
1558 992 1606 1025 rei
1616 991 1769 1040 projectae

376 1042 523 1085 interior,
544 1055 747 1092 quaecunque
760 1042 816 1078 illa
835 1040 884 1079 fit.
1532 1060 1534 1062 ’

901 1090 1050 1125 Secunda
1068 1089 1241 1135 Com-lusto.

409 1142 552 1190 Impetus
569 1142 589 1178 a
601 1144 792 1192 projiciente
805 1142 852 1176 rei
865 1141 1019 1189 projeetae
1033 1137 1196 1188 impressus
1208 1139 1252 1173 est
1261 1149 1366 1173 motus
1377 1138 1559 1172 continuati
1575 1135 1676 1172 causa.

399 1191 496 1227 Prob.
510 1193 609 1228 conci.
625 1192 712 1227 Cum
723 1189 811 1227 nulla
827 1188 863 1226 sit
875 1187 966 1225 causa
986 1191 1128 1224 exterior
1140 1217 1149 1232 ,
1160 1200 1233 1236 quae
1257 1187 1345 1223 hunc
1363 1187 1543 1222 motumin
1568 1198 1602 1220 re
1628 1185 1772 1235 projeElm

378 1251 506 1275 tueatur
529 1246 562 1277 &
581 1240 751 1276 conservet
764 1249 777 1276 ι’
788 1253 856 1275 non
875 1240 1062 1274 Democriti
1082 1240 1211 1280 atomi,
1233 1243 1267 1274 &
1287 1237 1329 1271 ad
1343 1248 1471 1271 motum
1492 1234 1670 1278 succinetae3
1685 1236 1774 1271 unde

377 1291 509 1324 enimin
528 1301 644 1338 corpus
661 1301 791 1325 motum
801 1297 1044 1323 commearent?
1060 1288 1141 1322 Non
1152 1288 1232 1321 aeris
1245 1284 1384 1320 recursus
1396 1302 1405 1329 3
1418 1298 1486 1319 non
1495 1284 1578 1318 illius
1588 1283 1770 1319 elaterium:

377 1337 528 1386 profecto
549 1337 672 1375 neceffe
688 1338 736 1373 est
751 1350 788 1373 ut
801 1336 892 1371 causa
908 1336 963 1371 illa
974 1334 1010 1371 fit
1022 1338 1067 1370 rei
1082 1337 1235 1384 projci&
1247 1335 1374 1378 intima,
1386 1345 1524 1380 eamque
1540 1336 1699 1380 impetum
1723 1333 1773 1368 di·

375 1389 478 1423 cimus
487 1416 497 1431 ‚
509 1389 565 1435 qui
578 1399 634 1422 aut
654 1388 700 1422 est
712 1386 867 1423 velocitas
879 1384 942 1434 ipsa
953 1385 972 1422 a
982 1387 1177 1434 projiciente
1188 1381 1334 1433 impressa
1346 1381 1418 1427 ,vel
1430 1381 1473 1416 ab
1486 1393 1524 1416 ea
1541 1381 1663 1431 sejungi
1680 1381 1773 1418 nullo

377 1437 479 1472 modo
495 1437 613 1486 potest.
627 1437 784 1485 Qandiu
801 1436 889 1471 enim
903 1435 981 1483 lapis
992 1434 1037 1470 est
1048 1437 1080 1470 in
1091 1446 1188 1469 manu
1201 1431 1626 1482 projicientis‚velocitatem
1636 1431 1775 1477 suam,ut

377 1498 506 1522 motum
517 1486 536 1522 ὲι
555 1499 653 1522 manu
671 1489 803 1535 excipit.
817 1484 889 1522 Ubi
899 1484 1041 1533 lapidem
1058 1496 1171 1519 manus
1185 1481 1324 1518 deseruit
1334 1512 1344 1526 ,
1356 1492 1468 1517 manet
1479 1479 1586 1516 adhuc
1598 1481 1712 1516 eadem
1725 1481 1776 1516 fe-

377 1547 411 1571 re
427 1535 597 1580 velocitas,
618 1550 685 1572 non
703 1536 745 1572 ab
760 1534 829 1585 ipso
846 1534 954 1583 lapide
972 1533 1120 1583 profesta
1133 1563 1143 1576 ‚
1157 1531 1209 1567 sed
1222 1532 1242 1568 ὲ
1258 1544 1355 1568 manu
1370 1532 1568 1580 projicientis
1588 1532 1773 1566 communi-

377 1597 462 1628 cata,
480 1598 619 1633 eamque
637 1598 791 1621 vocamus
806 1587 968 1633 impetum
985 1581 1186 1633 impressum,
1203 1584 1392 1629 quicunque
1413 1582 1438 1614 is
1449 1578 1497 1614 fit.
1512 1580 1602 1613 Hinc
1615 1581 1708 1614 navis
1717 1591 1774 1614 ce-

376 1633 509 1669 lerrime
523 1636 595 1670 asta
605 1647 678 1670 curn
694 1638 726 1671 in
735 1646 865 1670 arenam
876 1634 1029 1682 impingit
1042 1662 1051 1677 ‚
1067 1637 1101 1670 ὅ(
1112 1642 1251 1680 repente
1262 1629 1372 1665 sistitur
1380 1659 1391 1674 ,
1409 1641 1476 1664 tum
1487 1629 1544 1675 qui
1555 1629 1687 1672 stant,ut
1701 1628 1777 1677 plu-

375 1685 497 1719 rimum
514 1685 633 1720 cadunt
646 1684 750 1733 :quod
765 1680 958 1732 impressus&
972 1684 1047 1717 navi
1069 1684 1211 1730 impetus
1235 1679 1341 1715 adhuc
1365 1677 1560 1729 perseveret.
1592 1677 1699 1713 Simili
1724 1690 1776 1714 ra-

379 1735 468 1768 tione
479 1746 554 1769 cum
570 1732 684 1782 sagitta
695 1737 728 1769 in
736 1735 813 1769 navi
824 1731 942 1768 sursum
953 1733 1115 1766 emittitur
1128 1759 1134 1768 ,
1153 1731 1361 1777 quantumvis
1379 1725 1531 1763 citissime
1540 1738 1654 1774 agatur
1667 1729 1774 1769 navis,

379 1783 414 1817 in
440 1795 513 1817 eam
532 1794 643 1817 tamen
665 1782 781 1832 sagitta
805 1781 945 1815 recidit:
965 1780 1052 1828 quod
1074 1781 1216 1826 impetus
1241 1776 1282 1810 ab
1297 1776 1360 1824 ipsa
1375 1779 1453 1812 navi
1478 1772 1638 1822 impressus
1654 1774 1774 1824 sagitta:

381 1833 651 1867 communicetur.

417 1880 504 1924 Conf.
520 1881 552 1914 Si
564 1880 644 1930 lapis
653 1891 708 1915 aut
720 1879 832 1929 sagitta
843 1877 953 1915 emissa
969 1874 1128 1912 exlibero
1142 1886 1216 1909 aere
1229 1875 1260 1909 in
1283 1886 1421 1909 vacuum
1432 1903 1442 1918 ,
1457 1886 1513 1909 aut
1528 1876 1559 1909 in
1575 1874 1675 1923 spatia
1690 1875 1775 1910 ima-

379 1932 504 1971 ginaria
521 1936 731 1973 commearet,
742 1941 851 1965 motus
862 1929 949 1964 illius
966 1938 1133 1970 nunquam
1144 1923 1230 1960 forte
1250 1921 1419 1960 desineret.
1449 1926 1541 1959 Nam
1561 1922 1649 1958 causa
1663 1922 1774 1958 neces-

379 1969 455 2013 sit-ia
469 1978 578 2014 tandiu
594 1981 662 2028 agit
675 2007 684 2022 ,
696 1979 838 2024 quandiu
847 1990 943 2028 agere
956 1974 1074 2026 potest·
1087 1975 1188 2021 Atqui
1200 1972 1281 2008 nihil
1297 1972 1370 2008 elset
1381 1973 1470 2021 quod
1489 1985 1565 2009 eum
1575 1984 1702 2008 motum
1712 1974 1775 2007 im-

379 2028 508 2077 pediret
522 2045 530 2071 ς
543 2029 656 2064 eadem
671 2025 748 2064 effer
759 2029 799 2063 ad
817 2039 945 2063 motum
956 2024 1198 2066 determinatio,
1210 2034 1246 2057 ac
1256 2022 1341 2057 nulla
1355 2035 1403 2059 res
1414 2025 1585 2066 contraria,
1599 2033 1653 2058 aut
1662 2022 1774 2057 deter-

379 2080 595 2114 minationem
607 2078 691 2113 illius
704 2089 882 2123 motus,aut
892 2077 1110 2112 directionem
1124 2084 1248 2108 mutare
1258 2071 1381 2121 polset:
1400 2085 1477 2121 ergo
1493 2083 1562 2107 tum
1580 2083 1640 2107 nec
1657 2071 1774 2115 medii,

378 2127 430 2163 seu
443 2125 535 2161 fluidi
555 2127 725 2163 elaterium
735 2157 746 2173 ,
759 2140 821 2163 nec
836 2125 960 2162 subtilis
971 2124 1123 2172 quaedam
1134 2124 1269 2158 materia
1283 2151 1293 2165 ,
1308 2120 1360 2157 sed
1382 2133 1489 2157 motus
1502 2119 1665 2170 impressus
1683 2121 1772 2156 idem

379 2183 413 2215 &
426 2175 591 2225 aequabilis
602 2189 817 2226 permaneret.
833 2176 936 2223 Qod
951 2174 973 2211 si
987 2187 1066 2209 vero
1079 2175 1111 2206 in
1129 2174 1204 2206 a'e're
1223 2184 1288 2206 non
1309 2172 1397 2206 idem
1423 2171 1549 2205 accidat
1567 2199 1577 2213 ,
1598 2172 1715 2218 partim
1737 2171 1773 2204 in

379 2226 470 2262 causa
488 2226 530 2261 est
543 2230 624 2261 aeris
636 2229 776 2276 gravitas
791 2256 800 2270 ,
815 2228 936 2274 partim
947 2224 1048 2261 medii
1064 2220 1155 2271 ipsius
1173 2219 1362 2264 resistentia,
1373 2234 1443 2268 quae
1460 2232 1526 2267 quo
1539 2223 1640 2268 major
1652 2217 1774 2262 est,hoc

380 2288 488 2311 motus
503 2275 663 2325 impressus
677 2278 771 2312 citius
787 2274 910 2311 desinit.

414 2324 507 2359 Prob-
529 2341 554 2361 2.
572 2328 648 2362 Hoc
663 2325 730 2375 ipso
741 2327 925 2374 projecturn
935 2333 1168 2371 movetur,quo
1178 2322 1198 2358 ἐι
1209 2322 1404 2370 projicien⁴e
1417 2318 1650 2352 determinatur
1667 2316 1707 2371 ad
1724 2328 1772 2351 ta-

381 2373 446 2407 lem
460 2374 673 2411 velocitatem
685 2405 694 2420 ‚
709 2375 988 2413 &directionem
1008 2371 1058 2406 sed
1072 2385 1144 2407 eam
1159 2371 1470 2406 determinationem
1487 2378 1641 2402 vocamus
1666 2377 1773 2414 impe-

383 2434 453 2457 tum
476 2422 657 2473 impressum
673 2438 768 2474 :ergo
785 2427 809 2460 is
820 2427 962 2474 impetus
982 2421 1025 2457 est
1037 2421 1128 2458 causa
1141 2433 1248 2458 motus
1264 2418 1453 2453 continuati.
