1878 2724
424 114 486 191 430
735 133 1173 174 PHYSICAEPARS
1210 134 1497 174 SECUNDA:

425 192 552 226 ordines
577 187 704 223 firmant
723 186 836 235 ligneae
858 184 947 220 fibrae
970 194 1026 219 aut
1043 183 1156 220 tubuli.
1180 184 1278 220 Bullae
1302 197 1340 220 ut
1360 185 1536 233 plurimum
1560 186 1731 223 rotundam
1751 199 1823 227 aut.

426 239 556 274 ovalem
566 238 665 271 112&ae
683 235 752 270 sunt
763 234 897 283 figuram
908 263 918 277 ,
934 238 969 270 &
986 244 1142 269 contento
1160 233 1252 269 succo
1269 233 1347 282 saepe
1358 235 1512 270 discolore
1524 245 1662 283 turgent.
1676 237 1799 274 Cortex

423 288 481 322 sua:
491 285 679 320 accretionis
692 286 860 318 materiem
877 285 910 318 in
919 282 968 317 his
979 281 1110 317 bullulis
1119 280 1295 318 admodum
1305 283 1439 331 copiofis
1448 282 1589 318 asservat.
1601 285 1655 318 Sic
1664 287 1699 319 in
1710 295 1802 322 tene-

423 338 465 370 ris
482 333 608 368 surculis
620 332 759 367 medulla
768 331 854 380 quasi
868 343 978 366 cortex
989 333 1124 366 interior
1135 331 1261 380 copiosa
1278 332 1326 365 est
1341 345 1349 367 :
1364 333 1416 368 sed
1436 332 1494 368 ubi
1509 331 1621 380 ligneae
1637 331 1724 368 fibrae
1747 333 1801 371 fir.

422 393 569 424 mantnt,
584 381 726 416 medulla
738 383 947 417 imminuitur.
971 383 1008 415 In
1020 378 1177 416 fructibus
1200 379 1356 415 brevioris
1374 383 1469 425 virae,
1486 385 1520 418 &
1542 392 1575 415 m
1595 380 1712 428 plantis
1728 395 1801 432 quae

421 431 592 467 ferulaceae
602 431 749 465 dicuntur
758 458 768 473 ,
778 428 918 465 medulla
931 429 977 463 est
990 428 1119 463 uberior
1131 441 1139 469 ς
1156 429 1243 464 unde
1264 431 1330 463 cito
1343 429 1484 465 crescunt
1498 434 1533 466 δε
1546 441 1698 476 pereunt:
1711 433 1803 479 quod

421 491 539 524 aqueus
555 479 671 513 humor
683 478 823 515 medulla
834 488 1006 514 contentus
1024 489 1231 513 non-,tantam
1251 476 1392 526 praebeat
1411 478 1599 516 firmitatem
1618 505 1629 522 ,
1646 490 1802 526 quantam

422 527 523 564 efficit
538 526 643 562 succus
655 527 709 561 ille
721 539 822 574 quem
842 525 1061 562 transversales
1071 526 1198 561 utriculi
1213 526 1386 568 includunt.

456 580 582 624 >Itaque
598 576 678 611 illud
687 588 753 611 non
767 574 950 611 abhorret-⁴21
963 587 1053 618 ver0,
1063 574 1187 610 succum
1198 574 1220 611 a
1238 574 1351 624 ligneis
1367 574 1454 611 fibris
1474 577 1509 611 in
1519 577 1670 615 utriculos
1688 579 1736 614 his
1747 590 1802 627 ap-

421 624 555 676 pensos,
569 623 812 662 &transversim
824 623 989 672 dispositos
1005 624 1188 666 exundare,
1211 635 1246 659 ut
1273 627 1307 659 in
1334 624 1382 659 his
1411 624 1559 673 longiore
1591 639 1683 662 mora
1705 638 1802 662 exco-

422 686 554 723 quatur,
566 679 600 711 &
616 675 651 708 iri
672 672 798 708 succum
809 675 976 708 nutritium
986 671 1094 708 abeat.
1112 675 1200 708 Nam
1210 683 1246 707 ut
1259 674 1291 707 in
1300 672 1496 708 animalibus
1511 674 1622 723 chylus
1638 688 1737 711 venas
1750 675 1800 711 su-

421 724 474 760 bit
490 729 523 760 &
536 735 607 758 cum
620 721 770 770 sanguine
779 721 967 757 commistus
980 720 1142 770 perficitur
1155 749 1166 764 ,
1185 732 1223 755 ac
1243 722 1417 757 nutriendo
1432 723 1612 771 corpori-fit
1637 725 1774 760 idoneus
1789 753 1800 768 ,

421 775 466 807 ita
488 772 561 807 sere
571 771 672 807 succus
689 771 792 806 adhuc
803 771 915 807 crudus
935 769 957 806 ὲ
968 770 1080 819 ligneis
1101 768 1219 806 tubulis
1239 771 1273 805 in
1294 769 1447 805 utriculos
1465 775 1531 816 jam
1549 771 1682 808 humore
1699 776 1803 821 magis

421 821 558 857 excoao
574 820 686 868 plenos
698 847 709 863 ‚
723 825 757 857 &
774 821 809 856 in
817 818 990 854 medullam
1010 830 1193 855 commeat:
1209 817 1266 853 ubi
1285 819 1432 867 longiore
1451 832 1542 855 mora
1568 820 1801 865 fermentescit,

421 876 456 907 δε
471 869 674 905 conservatur
689 897 699 912 ,
711 879 748 903 ut
759 870 896 916 gemmis
910 870 1078 915 eruptum,
1091 867 1179 902 foliis
1192 894 1203 910 ,
1220 873 1253 904 &
1264 866 1389 902 surculis
1403 870 1538 903 materia
1549 869 1584 904 sit
1597 899 1608 914 ‚
1620 876 1655 907 δ(
1666 870 1802 906 alimen-

422 931 504 954 tum.
525 920 612 953 Hinc
623 916 761 953 surculus
771 928 883 951 trunco
896 913 1000 950 insitus
1019 915 1159 951 diversos
1174 914 1271 964 longe
1289 916 1410 951 fruetus
1431 929 1587 964 procreat.
1616 922 1704 955 Nam
1728 932 1802 967 quat

421 967 539 1002 accidit
549 968 687 1003 mutatio
697 994 706 1008 ‚
720 978 785 1001 non
799 976 866 999 tam
876 963 917 998 ab
931 962 1000 1012 ipsis
1010 962 1115 999 fistulis
1134 963 1249 1012 ligneis
1263 975 1334 1011 quae
1348 964 1419 1001 sunt
1430 968 1462 1000 in
1472 965 1539 1014 ipso
1551 978 1662 1002 trunco
1673 997 1682 1011 ,
1702 980 1801 1015 quam

421 1013 465 1051 ab
480 1015 671 1050 utriculis-in
682 1014 802 1049 surculo
815 1011 948 1061 copiosis
962 1012 1186 1059 proficiscitur:
1209 1012 1313 1048 multo
1326 1016 1415 1048 enim
1428 1017 1576 1063 vegetior
1589 1017 1621 1050 in
1640 1018 1675 1050 iis
1695 1015 1801 1051 succus

422 1067 616 1100 continetur.
649 1064 805 1110 Exiguum
822 1061 938 1095 abietis
955 1061 1118 1096 frustulum
1129 1089 1139 1103 ‚
1154 1070 1190 1096 ut
1206 1068 1296 1096 nov'o
1316 1060 1524 1110 microscopio
1546 1063 1802 1108 vidimus‚habes

423 1115 457 1148 in
475 1112 576 1162 figura
586 1114 613 1148 A
628 1141 637 1155 ‚
647 1114 756 1160 primae
770 1108 935 1152 tabellae,a
947 1111 995 1145 D.
1003 1109 1041 1143 de
1050 1110 1083 1143 la
1096 1110 1182 1143 Hire
1201 1109 1409 1147 delineatum.
1431 1113 1513 1146 Sunt
1527 1110 1616 1146 fibrae
1636 1118 1670 1150 ὃς
1688 1115 1802 1158 τεᾶεε,

421 1167 457 1198 &
478 1160 676 1204 transversae;
701 1159 772 1195 sunt
792 1158 898 1207 plures
913 1161 946 1194 in
962 1158 1070 1194 medio
1091 1157 1200 1193 circuli
1218 1162 1414 1195 concentrici
1428 1188 1440 1204 ,
1460 1161 1584 1196 utriculi
1611 1161 1697 1198 forte
1715 1161 1804 1197 Mal-

422 1210 534 1259 pighii.

462 1262 578 1294 Praeter
596 1269 649 1292 eas
668 1260 771 1294 trunci
786 1269 892 1307 partes
903 1258 964 1293 alia
975 1269 1106 1305 quoque
1124 1257 1193 1293 sunt
1205 1255 1278 1292 vasa
1292 1256 1402 1305 patula
1412 1286 1422 1301 ,
1435 1262 1470 1295 δε
1482 1256 1672 1306 plerumque
1683 1258 1802 1308 ampla,

423 1320 494 1355 quae
510 1306 645 1343 lamellis
658 1335 668 1350 ,
680 1319 737 1342 aut
753 1307 945 1354 squamatim
958 1306 1122 1355 dispositis,
1139 1309 1239 1341 autin
1249 1306 1336 1353 spirae
1351 1307 1481 1341 modum
1500 1309 1656 1342 contortis
1667 1335 1678 1351 ,
1699 1313 1734 1344 δι
1753 1320 1802 1343 re-

423 1356 540 1392 nuibus
553 1355 716 1399 constant,
729 1356 839 1390 colore
852 1356 1041 1404 plerumque
1055 1367 1230 1403 argenteo:
1250 1355 1317 1389 haec
1334 1355 1354 1390 a
1367 1355 1551 1403 Malpighio
1563 1355 1696 1390 traclieae
1711 1359 1802 1391 voci-

426 1416 546 1441 tantur.
571 1407 659 1442 Nam
674 1416 709 1439 ut
722 1404 777 1453 ipsi
792 1405 920 1439 videtur
932 1433 942 1448 ,
959 1416 1034 1438 aere
1045 1403 1282 1442 distenduntur,
1301 1409 1335 1440 &
1353 1402 1524 1439 consimilis
1538 1416 1622 1453 pene
1633 1404 1703 1440 sunt
1720 1404 1803 1454 figu-

423 1466 466 1489 rae
478 1467 516 1489 ae
530 1453 666 1489 rracheae
685 1455 717 1488 iti
735 1452 863 1489 inseetis
875 1451 1077 1496 animalibus,
1093 1464 1226 1501 quarum
1237 1452 1355 1487 ramuli
1371 1465 1428 1501 per
1437 1464 1544 1488 rorum
1557 1465 1668 1501 eorpus
1684 1454 1804 1489 diffim-

424 1504 553 1540 duntur.
566 1504 677 1550 Atque
686 1501 921 1537 e'usmodisunt
934 1501 999 1536 haec
1009 1502 1081 1537 vasa
1097 1513 1132 1536 ut
1156 1501 1314 1545 distendi,
1339 1504 1442 1550 premi
1462 1507 1496 1537 &
1516 1500 1605 1536 flecti
1619 1501 1716 1537 facile
1735 1503 1803 1550 pos-

422 1551 491 1589 fint.
516 1554 552 1588 In
567 1563 681 1586 trunco
697 1516 813 1587 sursum
827 1580 836 1595 ,
851 1562 886 1586 ut
902 1550 1016 1587 fistulae
1031 1550 1146 1600 ligneae
1167 1561 1358 1594 excurrunt3
1375 1552 1409 1585 in
1427 1550 1514 1585 foliis
1530 1549 1625 1585 instar
1638 1554 1715 1585 reris
1738 1551 1802 1586 sese

423 1612 537 1636 mutuo
555 1599 725 1647 implicant
737 1629 746 1643 ‚
758 1598 814 1634 ubi
828 1599 935 1648 ampla
947 1611 1106 1647 occupant
1119 1598 1217 1646 spatia
1229 1627 1238 1642 ,
1249 1611 1288 1633 ac
1303 1598 1497 1646 potiffimum
1512 1601 1546 1634 iii
1560 1597 1685 1634 surculis
1698 1612 1804 1635 erum⁴

422 1648 576 1697 pentibus
605 1652 639 1684 iii
664 1648 758 1697 spiras
784 1660 1047 1696 contorquentur.
1073 1648 1173 1685 Unde
1195 1652 1228 1684 &
1247 1647 1318 1683 vasa
1335 1646 1457 1697 spiralia
1477 1646 1519 1682 ab
1535 1648 1654 1682 eodem
1669 1660 1804 1696 quoque

423 1697 571 1733 Authore
588 1700 782 1733 vocitantur.
806 1699 854 1732 Ac
875 1708 997 1732 tantam
1013 1708 1106 1745 putat
1123 1694 1183 1733 effe
1200 1695 1414 1744 respirationis
1429 1695 1648 1732 neceffitatem
1660 1725 1669 1740 ,
1690 1709 1727 1731 ut
1742 1709 1803 1732 nec

421 1746 521 1794 pisces
532 1775 542 1790 ‚
559 1758 619 1782 nec
628 1746 743 1794 planrae
754 1744 826 1794 ipsae
840 1758 878 1780 ea
894 1757 1001 1780 carere
1012 1745 1254 1793 poffiiit.³Uiide
1267 1747 1301 1780 iii
1314 1744 1479 1781 vilioribus
1491 1744 1616 1780 insectis
1627 1744 1739 1793 pulmo
1748 1757 1802 1780 aut

423 1796 562 1830 traclieae
588 1795 659 1829 vasa
688 1796 771 1829 adeo
787 1807 854 1830 nori
871 1793 984 1829 desunt
1007 1822 1017 1837 ‚
1042 1806 1077 1829 ut
1095 1794 1234 1840 reliquas
1253 1805 1356 1839 partes
1376 1794 1463 1829 mole
1477 1792 1633 1839 superent.
1657 1797 1692 1828 In
1707 1796 1801 1842 papi-

422 1843 563 1878 lionibus
580 1844 765 1878 octodecim
779 1842 945 1890 pulmones
958 1842 1119 1878 interdum
1139 1841 1351 1888 deprehendit
1369 1871 1377 1884 ‚
1394 1844 1448 1889 qui
1466 1841 1625 1890 oblongas
1646 1854 1802 1890 promunt

423 1892 567 1926 traclieas
590 1890 738 1925 vasorum
766 1894 829 1925 ritu
851 1889 987 1926 diffusas.
1014 1894 1053 1926 Et
1067 1890 1199 1936 quidem
1216 1889 1405 1936 pulmonum
1426 1901 1489 1937 ope
1503 1892 1649 1926 viventia
1661 1903 1800 1938 quaeque

423 1939 464 1974 ab
480 1953 520 1974 eo
533 1939 655 1986 liquido
670 1941 702 1973 iii
715 1952 780 1986 quo
801 1939 922 1986 degunt
938 1949 1060 1972 cerrum
1081 1939 1248 1972 humorem
1267 1937 1440 1973 secernunt.
1456 1941 1508 1973 Sic
1521 1938 1674 1974 nitrosum
1693 1951 1801 1974 aerem

422 1992 495 2022 vitae
511 1987 664 2036 pabulum
677 2016 686 2029 ‚
704 1990 825 2034 quique
842 1986 982 2034 sanguini
999 1985 1194 2021 fluiditatem
1207 1987 1367 2030 conciliat,
1383 1992 1416 2023 δ(
1429 1986 1715 2023 fermentationem
1727 2001 1801 2036 pro-

422 2038 760 2079 niovet,excernimus.
771 2034 871 2070 Pisces
886 2034 1109 2070 branchiarum
1121 2047 1274 2082 ope,quas
1293 2047 1358 2070 tam
1372 2035 1505 2083 operose
1519 2048 1629 2070 natura
1644 2036 1801 2072 fabricata

423 2086 470 2120 est
483 2114 493 2128 ,
516 2084 673 2132 quiddam
687 2095 782 2118 tenue
794 2089 827 2120 δέ
845 2082 1044 2131 spirituosurri
1057 2083 1098 2118 ab
1115 2096 1198 2130 aqua
1209 2083 1362 2132 leparant-
1378 2086 1430 2118 Sic
1443 2084 1518 2118 illud
1535 2083 1799 2120 verisimillimum

422 2135 555 2171 videtur
569 2161 577 2176 ,
591 2131 715 2167 succum
731 2132 752 2168 ὲ
766 2143 849 2166 terra
861 2134 923 2166 aeri
937 2133 1121 2180 permistum
1140 2132 1241 2175 trahi,
1254 2136 1309 2180 qui
1326 2131 1449 2167 arboris
1461 2133 1604 2168 tracheas
1620 2133 1734 2182 implet
1745 2162 1754 2176 ‚
1766 2138 1800 2170 &

423 2183 581 2218 distendit.
591 2183 680 2216 Hinc
691 2192 866 2227 autequam
877 2181 1060 2229 plantentur
1071 2180 1203 2216 arbores
1217 2210 1226 2224 ,
1245 2181 1314 2220 alrae
1325 2181 1432 2216 fovete
1450 2193 1642 2216 excavantur
1652 2211 1661 2224 ,
1681 2194 1725 2216 ut-
1734 2194 1800 2217 ter-

423 2245 457 2266 ra
470 2231 672 2277 circumjecta
690 2228 810 2265 nitroso
820 2241 893 2264 aere
903 2232 1127 2278 impraegnetur
1140 2258 1149 2271 ‚
1163 2235 1197 2266 δε
1214 2227 1312 2267 affiisa
1328 2241 1411 2277 aqua
1429 2229 1566 2263 idoneos
1582 2229 1738 2265 radicibus
1751 2230 1799 2267 sa-

424 2281 469 2315 les
488 2278 682 2328 suppeditet.
700 2278 840 2314 Eandem
852 2277 896 2315 ob
911 2281 1069 2313 rationem
1082 2290 1164 2312 terra
1179 2279 1459 2313 circumsadi‘cum
1473 2289 1615 2312 extrema
1629 2278 1671 2316 sic
1696 2281 1799 2326 agita.

426 2341 476 2364 tur
489 2334 526 2365 δι
541 2329 768 2362 comminuitur
779 2355 788 2369 ‚
806 2339 841 2360 ut
854 2339 951 2361 vacua
970 2326 1101 2373 spatiola
1122 2327 1326 2367 admittendo
1342 2328 1407 2360 aeri
1421 2328 1621 2374 intercipiat:
1635 2339 1693 2363 nec
1706 2329 1798 2362 aliter

425 2376 462 2412 fit
476 2379 639 2423 vegetatio
653 2405 662 2419 ‚
680 2388 783 2422 neque
797 2374 841 2417 ob
852 2374 956 2415 alium,
961 2374 1063 2415 finem
1076 2379 1159 2411 terra
1178 2375 1335 2411 excolitur
1346 2404 1355 2418 ,
1370 2376 1538 2415 invertitur
1549 2403 1558 2418 ‚
1575 2387 1688 2419 aratur,
1698 2375 1753 2415 nifi
1763 2387 1798 2414 ut

427 2436 464 2460 ea
476 2423 594 2459 nitroso
609 2436 686 2461 ,aere
705 2427 944 2473 impraegnetur.
