1878 2724
332 189 386 223 128
693 180 948 220 PHYSICAE
984 181 1312 221 GENERALIS

338 234 478 272 aestimari
489 231 589 268 debet
604 250 612 277 ·‚
627 244 687 275 nec
702 243 807 267 motus
821 232 951 280 proprie
962 231 1009 264 est'
1018 233 1122 266 motui
1144 237 1318 270 contrarius
1334 252 1342 278 3
1359 233 1412 270 sed
1427 235 1518 283 quies
1540 239 1646 274 motui
1666 237 1726 274 ad.

341 281 481 320 versatur
495 299 504 325 3
523 281 672 316 celeritas
684 280 827 315 tarditati
843 297 852 324 3
873 281 1227 315 determinatioitidem
1240 282 1331 319 alteri
1344 285 1609 324 determinationi
1621 301 1640 322 o
1667 299 1741 336 po·-

345 335 441 369 nitur.
458 332 629 377 Qanrum
641 341 750 363 autem
763 340 880 377 corpus
895 340 933 364 ex
941 327 1080 364 aliorum
1094 328 1222 364 occursu
1231 341 1357 368 motum
1369 333 1454 369 suum
1471 346 1589 384 augear
1600 349 1640 371 ve
1667 338 1742 371 mi-v

346 392 425 418 nunt
434 408 443 423 ,
452 390 509 413 aut
530 377 615 412 suam
631 378 937 413 determinationem
947 388 1071 420 mutet,
1091 389 1128 412 ut
1137 377 1177 412 ad
1189 388 1291 412 certas
1307 383 1461 425 rationes,
1476 388 1510 420 &
1520 384 1608 421 velut
1616 386 1655 420 ad
1667 385 1731 419 cal-

349 429 438 464 culos
452 427 597 475 redigere
607 425 755 474 possimus
767 455 776 470 ‚
791 425 952 462 duriffima
963 455 972 470 ‚
989 439 1024 462 ut
1039 427 1189 470 diximus,
1202 431 1234 463 &
1251 427 1445 465 inflexibilia
1459 443 1592 480 corpora
1611 437 1641 470 in
1661 446 1731 468 me-

350 478 408 511 dio
423 473 542 523 posita,
555 476 642 521 quod
655 487 767 510 eorum
790 487 917 510 motum
936 487 995 510 nec
1012 486 1207 523 promoveat
1218 503 1227 518 ,
1249 488 1309 512 nec
1321 479 1484 522 retardet,
1500 485 1634 518 omnino
1649 485 1747 517 inter.

351 525 382 560 se
392 522 534 607 congerri
547 536 699 573 oportere
718 523 875 559 Cartefim
884 535 977 574 putat
989 538 997 560 :
1008 524 1084 560 hinc
1095 525 1182 558 enirn
1190 535 1284 560 cettae
1300 527 1418 576 regulae
1444 539 1588 567 motuum
1616 532 1751 580 depro-⁴

354 585 402 610 rni
417 585 459 621 po
485 584 549 607 unt.

402 623 512 658 Primo
523 620 544 656 si
557 621 622 656 duo
640 633 776 671 corpora
795 619 853 656 sibi
871 621 1004 668 aequalia
1021 651 1031 666 ,
1047 634 1085 657 ut
1104 624 1131 659 A
1148 628 1181 660 &
1193 625 1235 667 B,
1257 636 1320 660 ve-

356 671 491 707 locitate
502 669 615 705 itidem
626 671 739 718 aequali
750 682 839 705 mota
851 669 906 704 sibi
918 683 1087 707 occurrant
1100 686 1108 708 :
1128 685 1200 707 curn
1212 685 1319 721 aequa-

359 720 384 756 li
393 719 561 754 celeritate
571 721 605 754 in
614 731 718 768 partes
731 717 892 767 oppositas
904 717 1040 755 resilient
1053 733 1059 755 ε
1077 719 1159 755 nihil
1171 724 1260 757 enim
1272 722 1316 757 est

361 766 460 804 causae
470 780 524 802 cur
539 769 561 801 ii
571 779 679 803 motus
695 769 903 804 destruantur.

398 832 425 854 ι.
449 819 483 852 si
504 815 563 851 sint
578 817 750 864 inaequalia
767 846 777 859 ,
795 817 884 865 quod
898 819 1003 853 minus
1014 821 1095 863 erit,
1119 820 1205 855 idern
1223 818 1317 855 refle—

363 866 482 910 eretur,
498 871 531 903 &
546 865 645 901 ambo
655 878 747 914 aequa
760 865 926 901 celeritate
937 868 971 902 in
984 867 1109 903 easdem
1119 881 1224 917 partes
1237 881 1314 918 pro-

363 915 560 964 gredientur.

409 977 442 1007 3.
466 965 500 998 Si
526 962 584 998 sint
598 962 753 1010 aequalia,
769 960 822 997 sed
840 961 991 1010 inaequali
1017 961 1185 999 celeritate
1207 977 1298 1001 mota
1315 993 1325 1008 ,

367 1012 456 1062 quod
467 1011 587 1047 tardius
598 1011 770 1046 incedebat
781 1040 790 1055 ,
804 1010 1002 1047 reficeretur.
1017 1013 1120 1061 Qod
1130 1025 1238 1049 autem
1253 1027 1320 1049 rna-

366 1063 429 1111 jori
447 1061 614 1096 celeritate
625 1058 788 1095 ferebatur
799 1089 809 1104 ‚
827 1072 952 1095 tantum
969 1059 1014 1095 sui
1030 1062 1140 1096 motus
1155 1062 1248 1098 alteri
1260 1066 1321 1098 im-

370 1112 490 1159 pertiet
503 1137 513 1153 ,
539 1110 644 1144 donec
657 1108 757 1144 ambo
769 1108 858 1144 fimul
869 1138 880 1154 ‚
896 1115 929 1146 &
945 1120 1069 1156 aequata
1085 1110 1253 1147 celeritate
1273 1114 1305 1147 in
1325 1110 1451 1147 easdem
1470 1123 1577 1161 partes
1590 1121 1751 1146 movean-

371 1170 431 1194 tur.
451 1161 564 1208 Qare
580 1157 600 1192 si
614 1159 741 1206 corpori
757 1159 784 1193 A
795 1157 845 1192 sex
857 1169 947 1194 erant
966 1158 1079 1206 gradus
1088 1158 1267 1195 velocitatis
1277 1189 1287 1204 ,
1312 1166 1345 1197 ὃ(
1356 1165 1483 1210 corpori
1495 1163 1518 1196 B
1531 1169 1754 1208 quatuor,cor-

370 1219 429 1257 pus
444 1209 470 1243 A
481 1220 578 1242 unum
588 1205 650 1241 suae
663 1205 846 1242 velocitatis
859 1207 993 1257 gradum
1010 1209 1138 1256 corpori
1151 1210 1177 1243 B
1189 1209 1342 1259 largietur
1353 1237 1364 1254 ,
1376 1223 1414 1245 -ut
1429 1211 1559 1258 aequaris
1577 1206 1699 1244 viribus
1714 1204 1753 1242 fi·-
1767 1228 1771 1231 -

373 1255 439 1304 mul
457 1256 614 1290 incedant.

409 1319 443 1350 4.
454 1306 486 1338 Si
501 1315 614 1351 corpus
631 1302 768 1338 alterum
777 1303 813 1339 fit
825 1308 924 1351 majus
933 1315 969 1340 ut
981 1305 1010 1339 C
1020 1305 1162 1353 C‚idque
1178 1308 1317 1341 omnino
1328 1305 1607 1354 quiescat,'corpus
1627 1305 1654 1339 A
1667 1306 1700 1338 in
1717 1302 1771 1337 ils

374 1353 431 1388 lud
441 1356 602 1387 incurrens
617 1380 626 1394 ,
645 1351 766 1386 nullum
783 1355 812 1387 ei
829 1364 954 1388 motum
965 1352 1220 1389 communicabit
1235 1368 1242 1390 :
1262 1353 1315 1390 sed
1335 1354 1449 1390 resiliet
1462 1366 1538 1389 curn
1557 1353 1672 1388 eadem
1684 1365 1757 1386 mo-

377 1401 430 1436 tfis
442 1402 622 1448 quantitate
632 1402 757 1435 Fortior
770 1404 856 1437 enim
872 1401 916 1436 est
929 1404 1021 1449 quies
1036 1405 1067 1438 in
1085 1407 1222 1448 majori,
1245 1403 1344 1451 quiim
1368 1415 1476 1440 motus
1500 1405 1533 1438 in
1551 1403 1668 1437 minori
1684 1412 1757 1435 cor-

375 1462 456 1499 pore
470 1451 497 1484 A
515 1462 522 1484 ε
542 1454 574 1485 &
588 1447 704 1484 crescet
716 1450 830 1484 eadem
840 1452 1050 1499 proportione
1067 1450 1241 1487 resistentia
1252 1456 1284 1487 in
1298 1452 1427 1502 majore,
1441 1454 1493 1486 Sic
1504 1451 1644 1500 speCkata
1656 1448 1759 1485 solum

381 1500 523 1547 corporis
540 1527 550 1541 ,
564 1499 714 1535 &morsis
727 1501 1044 1548 ratione,nunquam
1059 1505 1159 1549 majus
1179 1500 1201 1536 ὰ
1222 1495 1340 1537 minori
1358 1500 1554 1537 movebitur.
1580 1499 1680 1548 Qod
1699 1499 1763 1533 uti.
1778 1523 1782 1526 »

380 1560 447 1595 que
465 1547 564 1594 quarn
576 1546 742 1581 absurdum
763 1546 798 1582 fit
810 1576 820 1592 ‚
840 1560 937 1584 nemo
947 1562 1012 1584 non
1024 1550 1124 1586 videt.

420 1611 446 1642 5.
464 1598 619 1643 Sicorpus
636 1597 773 1645 Cmajus
790 1599 823 1632 in
833 1608 946 1645 corpus
962 1599 990 1632 A
1009 1600 1112 1634 minus
1128 1627 1139 1642 ,
1157 1601 1494 1647 &quietumincurrat
1505 1608 1652 1642 ,tantum
1670 1598 1700 1630 ei
1717 1593 1763 1631 sui
1778 1607 1783 1615 ²

384 1656 491 1681 morus
502 1644 554 1679 vel
571 1646 711 1692 impetus
723 1645 995 1689 communicabit;
1011 1647 1086 1682 dum
1095 1647 1195 1683 ambo
1207 1660 1294 1695 aequa
1313 1648 1478 1683 celeritate
1497 1655 1764 1695 promoveantur.
1780 1671 1784 1674 .

387 1696 437 1729 Sit
451 1707 480 1728 v<
495 1705 540 1741 gt.
551 1693 611 1728 CC
624 1692 754 1742 duplum
765 1697 907 1743 corporis
925 1697 951 1730 A
961 1724 971 1739 ,
986 1700 1018 1732 &
1030 1697 1202 1731 duodecim
1215 1696 1334 1732 habeat
1351 1697 1531 1732 velocitatis
1547 1695 1673 1744 gradus,
1688 1694 1765 1729 huic

385 1754 526 1790 quatuor
534 1742 648 1790 gradus
671 1745 847 1790 impertiet.
870 1745 958 1779 Nam
968 1756 1083 1791 corpus
1095 1746 1123 1779 A
1145 1757 1216 1780 cum
1229 1756 1366 1791 quatuor
1378 1744 1528 1792 gradibus
1545 1755 1636 1789 aeque
1648 1743 1779 1776 celeri->

388 1802 440 1825 ter
450 1789 635 1824 movebitur
647 1802 683 1823 ac
695 1802 807 1838 corpus
821 1791 851 1825 C
875 1803 951 1825 cum
963 1791 1051 1827 οᾶο.

424 1849 455 1874 6.
471 1839 504 1873 Si
525 1849 662 1885 corpora
680 1840 745 1881 A,13
762 1837 820 1873 fint
830 1839 963 1886 aequalia
975 1867 985 1882 ‚
1000 1845 1033 1877 &
1045 1851 1159 1888 corpus
1172 1839 1367 1887 Bquiescar3
1386 1852 1500 1888 corpus
1516 1840 1543 1873 A
1562 1841 1593 1874 in
1606 1837 1680 1873 illud
1702 1840 1766 1873 imc

388 1888 522 1936 padrum
556 1897 680 1934 partem
701 1886 842 1935 aliquam
863 1899 968 1923 motus
978 1890 1008 1923 ei
1033 1888 1288 1924 communicabit
1305 1905 1314 1932 3
1343 1901 1480 1936 eamque
1508 1887 1548 1924 fic
1572 1888 1787 1922 determinat*

394 1933 609 1977 Cartefius,ut
625 1947 739 1983 corpus
758 1938 784 1972 A
795 1948 907 1983 quarta
922 1936 966 1972 sui
986 1948 1075 1985 parte
1087 1937 1278 1972 mulcratum
1295 1937 1506 1974 resiliat.Cum
1518 1933 1721 1983 autemfexta
1734 1940 1768 1972 δε
1780 1946 1785 1966 ἐ

392 1983 527 2031 septima
537 1981 595 2019 fint
611 1984 780 2020 intellectu
793 1984 938 2020 difficiles
954 1992 987 2024 δι
999 1986 1100 2030 falsas,
1112 1998 1147 2021 ur
1159 1998 1198 2020 ex
1213 1989 1250 2021 iis
1264 2000 1335 2035 quae
1346 1987 1453 2035 postea
1464 1987 1618 2030 dicemus,
1631 1984 1776 2020 flama·-

392 2032 545 2069 nist-stum
558 2061 568 2077 ,
589 2032 671 2068 nihil
683 2033 806 2070 neceffe
824 2034 869 2070 est
886 2047 938 2070 eas
949 2035 1012 2071 hoc
1029 2035 1103 2070 loco
1115 2033 1208 2071 fusius
1221 2037 1389 2086 explicare.
1409 2037 1458 2070 Sit
1477 2037 1590 2083 itaque

923 2133 1037 2167 vnica
1056 2133 1228 2179 Conclufio.

433 2230 537 2312 Lesges
558 2225 578 2263 ἓι
590 2228 738 2265 ’(ἶεῐῑεΐιο
756 2228 858 2265 allata:
874 2231 957 2264 circa
973 2241 1123 2267 motuum
1142 2232 1488 2275 communicationem,
1503 2239 1619 2278 magna
1631 2238 1670 2262 ex
1683 2237 1773 2276 parte

403 2289 458 2312 aut
486 2289 543 2312 unt
555 2277 684 2312 inutiles
695 2307 704 2323 ‚
720 2289 774 2312 aut
787 2278 908 2323 dubiae,
932 2290 985 2314 aut
999 2279 1097 2316 falsae.
1420 2298 1422 2300 ·

449 2324 608 2360 Probatur
645 2326 684 2360 Θ
714 2329 897 2375 explicatur
929 2328 1089 2364 conclusio.
1130 2329 1195 2364 111ae
1229 2341 1374 2364 motuum
1399 2327 1485 2375 leges
1520 2337 1575 2360 aut
1592 2324 1775 2374 supponunt

406 2375 493 2428 quod
525 2374 700 2410 admodum
734 2376 776 2410 est
808 2379 967 2411 incertum
989 2404 999 2420 ‚
1028 2389 1083 2412 aut
1117 2377 1216 2413 alium
1247 2390 1353 2411 rerum
1394 2375 1584 2410 naturalium
1634 2375 1774 2417 statum,

404 2433 504 2468 quarn
540 2436 613 2459 eum
640 2426 698 2472 qui
724 2424 770 2460 est
799 2426 1013 2472 constituam,
1039 2431 1222 2476 &corpora
1252 2425 1378 2461 alterius
1416 2436 1534 2460 naturae
1555 2422 1598 2458 ab
1630 2425 1667 2456 iis
1698 2434 1775 2477 ¹onze

1618 2482 1778 2507 ccrmmus
