1878 2724
14 0 32 158 „‚-v-„----.⁴

481 126 854 168 TRACTATUS
907 128 1173 165 TERTIUS.-
1437 143 1481 167 211

101 174 417 230 quamiipartesillae
427 178 580 228 syderatae
591 178 710 227 frigida
725 191 806 226 aqua
821 176 952 227 perfusae
972 207 982 224 ‚
1013 180 1090 213 nive
1116 180 1150 212 in
1171 174 1323 212 calidiore
1338 176 1411 214 loco
1431 147 1492 215 obi

103 233 278 267 ducantur:
298 242 367 266 tum
383 232 472 265 enim
488 227 598 265 sensnm
609 227 768 263 meatibus
782 229 901 277 apertis
914 226 1037 276 sanguis
1058 232 1092 264 &
1113 226 1238 275 spiritus
1257 227 1369 262 vitales
1383 230 1414 264 in
1435 241 1488 264 eas

103 291 209 329 partes
227 278 403 316 illabuntur
418 292 427 314 :
449 277 725 326 quemadmodum
741 290 807 315 ova
821 281 855 314 δε
866 289 945 326 pyra
961 275 1164 325 conglaciata
1178 287 1270 323 aquae
1289 276 1414 325 frigidae
1425 280 1489 313 im-

103 327 202 364 mersa
222 330 254 363 in
272 329 439 377 pristinum
458 328 576 365 statum
596 326 790 375 plerumque
801 326 1022 364 restituuntur·
1036 327 1160 365 Contra
1179 327 1310 360 eveniet
1324 355 1336 370 ,
1352 325 1373 361 fi
1390 339 1428 361 ea
1448 329 1491 364 ad

101 379 212 426 ignem
229 390 427 427 praepropere
445 377 627 412 admoveris
643 389 652 411 z
672 387 741 410 tum
760 377 849 411 enim
867 374 999 424 insipida
1019 380 1052 412 δε
1065 387 1149 423 pene
1168 386 1322 423 corrupta
1346 389 1492 414 manent.

102 428 155 461 Sic
174 426 323 462 Barclaeus
343 426 444 462 refert
459 428 591 475 Regem
609 426 733 474 Angliae
743 423 907 476 Jacobum
933 437 1008 464 cum
1027 426 1154 472 juvenis
1169 426 1201 458 in
1220 426 1324 459 Dania
1338 426 1490 474 degeret,

101 488 244 523 eumque
256 475 319 510 nali
336 482 368 514 &
379 478 499 511 aurium
511 486 657 510 extrema
671 476 705 509 vi
722 473 851 522 frigoris
865 485 950 522 pene
966 474 1081 508 enee‘ka
1093 472 1203 516 efferat,
1218 475 1327 508 nivem
1339 474 1379 508 de
1390 475 1491 510 consi..

102 524 148 560 lio
164 536 275 560 eorum
297 526 356 574 qui
367 525 520 566 aderant,
533 521 730 566 adhibuilse,
746 534 816 571 quae
831 521 1226 572 pareesillasagangtaena
1239 521 1445 559 defenderet.

141 573 272 622 Qartb
285 603 296 618 ,
311 573 400 623 quod
414 576 552 622 partium
569 583 759 609 contextum
779 577 812 610 δε
826 571 976 610 otdinem
999 572 1100 620 frigus
1119 582 1305 620 pervertat,
1331 572 1364 606 id
1381 575 1489 609 notius

102 623 151 657 est
166 623 265 670 quam
277 635 313 659 ut
323 621 520 672 probatione
529 621 686 670 indigeat.
711 622 764 656 Sic
780 621 972 660 animalium
988 621 1091 657 oculis
1117 619 1294 669 congelatis
1306 650 1317 664 ,
1334 621 1490 669 crystalli-

104 683 160 708 nus
176 671 293 706 humor
309 684 348 708 ex
361 671 526 720 diaphano
549 669 587 706 fit
613 670 765 709 candidus
789 686 798 712 ;
823 682 943 718 aqueus
960 675 994 708 δ(
1012 673 1132 706 vitreus
1144 672 1177 706 in
1190 668 1334 709 lamellas
1350 672 1492 706 concres-

101 731 187 756 cunt.
203 723 256 756 sic
270 720 369 770 frigus
386 723 421 756 in
438 720 546 756 nostro
557 732 694 768 corpore
703 719 841 755 lividum
854 719 1000 758 colorem
1013 718 1134 758 efficit:
1156 719 1246 767 quod
1259 720 1341 754 utin
1355 720 1490 756 contusis

101 768 250 804 carnibus
267 769 425 819 sanguinis
443 768 624 817 percolario
645 767 840 806 inhibeatur.
855 769 957 807 Unde
973 769 1105 818 appulsu
1126 769 1286 817 sanguinis
1306 781 1415 806 manus
1430 783 1491 818 prae

101 817 225 867 frigore
241 818 465 856 intumescunt.
483 820 574 855 Nam
587 818 744 867 sanguinis
758 820 926 856 circuitum
936 845 947 861 ,
957 823 989 855 &
999 818 1254 866 percolationem
1272 817 1373 867 frigus
1388 820 1489 869 impe-

102 867 160 904 dit.
177 869 268 903 Hinc
284 869 405 918 hyeme
427 880 508 916 aegre
524 867 674 904 sanantur
696 866 830 903 vulnera
844 896 853 911 ‚
872 868 961 914 quod
985 866 1186 916 benignioris
1209 866 1325 902 caloris
1351 867 1489 905 influxus

102 915 316 965 prohibeatur
326 946 338 961 ,
367 929 430 953 nec
461 915 517 952 illa
543 917 681 952 stamina⁴
704 915 825 964 quibus
851 920 971 954 coeunt
995 916 1128 954 vulnera
1145 945 1157 960 ,
1188 928 1255 965 prm
1273 916 1394 965 frigore
1416 918 1491 953 duci

101 963 230 1014 possint.

135 1013 267 1059 Qinto
281 1044 290 1059 ‚
300 1014 376 1051 hinc
388 1018 490 1052 etiam
504 1015 542 1052 fit
556 1016 638 1052 utin
651 1014 789 1054 Polonia
806 1019 840 1052 δε
857 1014 926 1051 aliis
945 1014 1168 1064 frigidioribus
1183 1014 1264 1051 locis
1282 1015 1389 1052 trabes
1408 1015 1490 1066 saepe

101 1064 148 1098 ita
165 1064 378 1112 congelentur
393 1093 404 1108 ,
417 1077 453 1100 ut
468 1064 525 1101 nifi
541 1075 634 1100 caute
649 1069 684 1100 &
699 1064 858 1112 paulatim
870 1063 978 1102 calore
992 1065 1140 1102 laxentur
1152 1094 1161 1108 ‚
1180 1070 1215 1101 <Sc
1234 1064 1362 1114 fragiles
1381 1065 1462 1101 fiant
1477 1094 1488 1109 ,

102 1117 135 1148 δε
145 1112 286 1147 aedificiis
298 1142 309 1156 ‚
325 1112 470 1162 disruptis
484 1125 600 1150 eorum
613 1111 702 1148 fibris
714 1112 837 1160 prorsus
846 1112 987 1149 inutiles.
1001 1114 1114 1159 Quare
1129 1115 1210 1148 iniis
1223 1113 1300 1148 locis
1318 1115 1489 1150 domorum

102 1162 190 1195 reeta
205 1161 334 1210 frigoris
349 1164 382 1197 vi
394 1163 525 1198 didueha
540 1173 672 1210 crepant
684 1161 758 1198 :sed
775 1166 808 1198 δε
824 1162 894 1197 duri
914 1162 1035 1210 lapides
1049 1162 1069 1197 h
1096 1174 1167 1197 eme
1183 1161 1284 1199 effoffi
1295 1191 1306 1206 ‚
1322 1174 1379 1198 aut
1391 1164 1491 1199 aedifi-

101 1211 160 1244 ciis
171 1221 238 1246 tum
257 1213 413 1259 temporis
430 1210 571 1248 adhibiti
587 1209 655 1246 cito
672 1210 829 1246 fatiscunt.
849 1211 950 1257 Qord
976 1213 1060 1246 utin
1089 1213 1093 1217 '
1118 1214 1167 1246 nis
1181 1239 1191 1254 ,
1216 1211 1256 1246 fic
1275 1214 1311 1247 in
1329 1211 1488 1260 lapidibus

102 1256 216 1294 humor
229 1259 415 1308 congelatus
425 1262 622 1296 minutarum
653 1261 770 1295 artium
784 1260 933 1295 ordinem
947 1264 981 1295 &
998 1270 1189 1295 contextum
1202 1270 1377 1309 pervertat.
1391 1262 1490 1299 Unde

101 1312 136 1343 &
151 1307 326 1355 chalybem
339 1309 465 1358 gelidus
478 1321 533 1344 aer
548 1272 701 1358 fragilem
711 1306 824 1344 efficit.
842 1311 895 1344 Sic
910 1310 1009 1345 eciam
1022 1308 1228 1356 expertissimi
1239 1309 1395 1345 testantur
1409 1314 1491 1345 arti..

104 1354 180 1391 fices
190 1359 350 1393 extractos
367 1360 502 1394 ineunte
514 1359 619 1393 aestate
636 1357 778 1405 lapides,
801 1362 835 1393 &
851 1370 909 1407 per
925 1357 1058 1405 aliquod
1075 1369 1201 1407 tempus
1216 1361 1285 1394 aeri
1307 1358 1467 1406 expositos
1479 1388 1488 1403 ‚

103 1416 171 1452 quo
187 1405 302 1441 humor
317 1406 372 1441 ille
383 1407 495 1442 crudus
509 1413 544 1444 &
558 1409 750 1441 immaturus
764 1404 903 1442 diffletnr
920 1436 930 1450 ‚
952 1405 1081 1455 longius
1097 1407 1209 1444 durare
1221 1437 1232 1452 ,
1262 1407 1363 1456 quam
1377 1406 1398 1442 fi
1420 1408 1488 1443 haec

103 1453 194 1496 velut
207 1453 355 1490 insolatio
365 1469 433 1491 non
449 1454 655 1505 praecefferit„

136 1502 258 1548 Sexto,
277 1503 380 1554 frigus
395 1517 530 1555 corpora
543 1503 625 1554 saepe
638 1505 842 1554 &putredine
861 1505 1026 1548 vindicat,
1055 1505 1134 1542 dum
1159 1507 1298 1554 partium
1317 1505 1488 1544 fluidarum

103 1551 418 1600 motum'fistit,.quae
433 1554 519 1589 foras
540 1555 736 1602 prodeuntes
750 1556 993 1602 corruptionem
1010 1565 1222 1603 promovent.
1249 1557 1339 1590 Hinc
1361 1569 1489 1592 mortua

105 1612 240 1649 corpora
253 1604 329 1636 nive
338 1602 456 1637 obruta
466 1603 520 1637 diu
528 1604 712 1651 incorrupta
731 1601 908 1638 servantur.
928 1605 963 1636 ln
978 1602 1111 1637 lssandia
1123 1614 1252 1637 carnem
1266 1608 1301 1639 &
1311 1603 1410 1651 pisces
1422 1609 1489 1639 aeri

103 1661 284 1697 exponunt,
297 1654 331 1685 &
345 1653 424 1685 citra
436 1650 532 1686 salem
545 1651 599 1685 diu
608 1650 746 1688 servant.
757 1652 956 1687 Hirundines
973 1652 1005 1686 in
1024 1651 1136 1699 stagnis
1153 1656 1187 1688 &
1199 1650 1335 1687 {acubus-
1345 1652 1488 1688 Poloniae

105 1697 284 1746 congelatis
299 1710 356 1747 per
368 1699 523 1748 hyemem
541 1702 724 1744 immotas
741 1706 775 1737 ὅ(
791 1700 884 1735 velut
901 1711 1064 1743 mortuas,
1087 1699 1140 1734 sed
1160 1702 1292 1748 pingues
1311 1701 1488 1737 admodum

105 1751 211 1794 jacere
227 1775 236 1790 ‚
255 1758 321 1782 tam
334 1759 450 1783 norum
463 1748 509 1783 est
523 1748 624 1796 quam
639 1749 728 1795 quod
738 1751 883 1783 maxime.
893 1764 896 1766 ·
907 1751 989 1784 Haec
1004 1753 1038 1784 &
1055 1748 1118 1783 alia
1130 1751 1167 1784 in
1179 1761 1251 1783 eam
1265 1761 1334 1784 rem
1351 1750 1488 1798 plurima

103 1794 237 1842 pulchre
251 1796 390 1845 explicat
401 1799 557 1846 D..Boyle
568 1800 601 1833 in
616 1799 753 1846 Frigoris
767 1798 910 1834 Historia
924 1796 1226 1847 Anglicosermone
1241 1797 1428 1847 conscripta,

622 1897 868 1934 CAPUT
941 1900 982 1931 V.

251 1991 306 2025 De
326 1989 540 2037 qualitathus
562 1992 692 2034 aestuosis
707 2021 716 2031 ,
741 1993 780 2028 ῥ’
795 1992 1036 2039 occultioribus,
1057 1992 1113 2030 ubi
1131 1994 1376 2033 medicaminum

614 2043 702 2077 vires
721 2042 988 2093 perstringuntur.

114 2136 254 2231 QUi
269 2140 390 2174 remim
404 2138 654 2188 philosophandi
669 2142 831 2177 rationem
840 2140 1060 2186 infistunt,nec
1070 2155 1143 2179 cum
1155 2146 1305 2192 imperita
1318 2143 1415 2190 plebe
1428 2145 1489 2179 ab..

209 2185 372 2224 ditiffimas
392 2201 499 2224 rerum
513 2188 617 2223 causas
631 2188 746 2225 volunt
760 2191 858 2226 oculis
877 2203 1008 2228 cernere
1020 2222 1029 2236 ,
1055 2199 1089 2230 δε
1099 2192 1186 2241 quali
1196 2195 1230 2228 in
1247 2192 1395 2226 manibus
1410 2206 1489 2228 con-

111 2238 247 2270 nectare
262 2266 272 2280 ‚
292 2250 352 2272 nec
366 2250 439 2273 cum
459 2250 577 2286 magna
586 2236 852 2287 Philosophorum
864 2252 954 2288 parte
971 2241 1075 2276 caulas
1094 2255 1159 2276 non
1174 2239 1345 2275 invisibiles
1365 2240 1466 2276 modo
1478 2271 1488 2286 ‚

110 2283 161 2317 sed
171 2287 268 2320 etiam
279 2299 345 2333 quse
355 2286 524 2322 intelledm
535 2289 658 2335 percipi
670 2299 836 2335 nequeunt
847 2317 857 2333 ,
881 2295 915 2326 &
927 2301 1054 2325 tantum
1063 2303 1128 2325 non
1146 2288 1217 2323 sunt
1236 2288 1389 2336 spiritales
1407 2302 1487 2325 con-

111 2331 280 2372 sectantur.
293 2335 418 2372 Verum
427 2335 530 2370 causas
539 2348 645 2371 rerum
660 2337 845 2383 inquirunt,
859 2351 938 2385 quas
951 2351 1018 2374 non
1026 2338 1126 2373 oculis
1138 2338 1274 2384 quidem
1284 2366 1293 2381 ,
1311 2336 1363 2372 fed
1376 2340 1487 2374 animo

112 2381 333 2430 consequimur
348 2390 457 2433 :cujus
470 2388 595 2434 generis
612 2384 681 2421 sunt
695 2397 884 2424 communes
901 2392 935 2424 &
951 2386 1119 2436 generales
1141 2386 1315 2435 corpbrum
1339 2387 1488 2424 affeffio-

1215 2438 1266 2472 Ee
1293 2439 1315 2478 ii
