1878 2724
539 104 616 141 ·DE
651 104 954 142 METEORIS.
1391 121 1442 155 343

565 200 595 238 C
612 201 641 237 A
657 202 682 236 P
697 202 731 238 U
745 203 776 236 T
835 204 909 239 111.

581 298 636 333 De
645 298 784 348 fimtium
795 299 926 348 origine.

120 397 303 433 Roxirnum
319 396 361 432 est
378 407 413 432 ut
430 396 469 431 de
490 393 632 431 fontium
650 398 774 445 origine
790 407 951 445 perpauca
966 394 1113 431 dicamus
1128 408 1137 432 z
1157 406 1232 431 nam
1248 407 1297 431 tes
1318 397 1364 434 est
1384 398 1430 434 la-

116 458 149 481 te
173 446 240 481 fusa
250 475 260 490 ‚
274 444 294 481 si
304 458 418 482 omnes
434 443 617 480 Authorum
635 445 693 480 hac
705 445 744 480 de
753 457 787 479 re
804 448 985 493 opiniones,
1000 457 1055 480 aur
1064 444 1185 480 referre
1197 444 1360 491 volumus,
1370 460 1426 484 aut

49 494 198 530 refellere
214 495 322 542 :quod
337 496 442 543 paucis
452 492 571 530 abhinc
580 496 670 528 annis
680 494 820 542 praestitit
835 496 893 530 Vir
909 493 1000 529 Clar.
1015 497 1060 530 D.
1078 496 1189 530 Petrus
1208 495 1431 544 Perraulr‚qui

47 543 218 592 postquam
231 546 264 579 in
276 545 380 592 prima
396 542 440 578 sui
451 544 555 591 operis
571 541 700 577 Gallico
716 541 862 578 sermone
879 542 998 578 conseri
1025 545 1049 577 ti
1061 554 1161 591 parte,
1174 557 1211 580 21.
1231 542 1271 576 de
1287 542 1426 580 fontium

45 594 169 640 origine
190 592 364 628 sententias
381 591 579 634 confutavit,
592 592 623 626 in
635 590 769 627 secunda
789 603 878 641 parte
894 592 973 640 quid
984 556 1212 637 fibividearur,
1230 590 1427 630 disertiffime

46 641 185 688 explicat
197 668 207 683 ‚
228 646 262 678 δε
275 643 369 677 variis
379 641 608 688 experimentis
623 639 803 677 confirmat.

85 691 228 726 Primum
243 691 353 737 itaque
364 700 572 725 communem
582 717 591 732 ,
611 694 644 726 ὃ(
658 701 820 737 receptam
832 692 933 740 magis
947 691 1138 739 opinionem
1154 687 1237 724 ultro
1261 688 1426 738 amplecti-

41 749 93 774 tur
104 767 115 783 ,
128 738 237 774 fontes
250 750 362 773 omnes
381 750 421 772 ex
431 735 604 780 imbribus,
619 743 652 774 &
666 737 775 773 solutis
797 737 924 774 nivibus
941 740 1103 787 originem
1120 738 1206 774 suam
1221 738 1348 774 ducere.
1372 741 1425 773 Sic

44 798 152 823 tamen
164 787 236 822 huic
250 786 416 823 sententiae
426 785 632 834 adstipulatur
641 799 675 822 ut
685 789 717 822 in
730 792 794 836 ejus
814 787 1007 836 explicandae
1018 789 1143 823 ratione
1153 786 1326 836 plurimum
1336 786 1377 822 ab
1387 800 1424 822 ea

43 848 113 884 quae
122 834 330 885 vulgatiffima
345 835 390 870 est
402 864 412 879 ,
426 833 591 870 diffentiat.
610 837 722 884 Negat
732 839 818 872 enim
828 837 973 884 pluviam
988 848 1053 871 tam
1066 836 1130 871 alte
1142 847 1260 871 terram
1268 836 1424 885 pervade-

43 896 95 928 re,
108 897 182 920 cum
190 887 243 920 vix
253 887 336 920 intra
349 884 428 919 duos
440 884 538 932 pedes
563 895 719 932 penetret.
739 886 824 933 Qae
839 887 927 920 enim
943 885 1051 934 pluvia
1067 887 1099 920 in
1118 887 1300 928 montium,
1318 896 1372 920 aut
1388 887 1422 920 in

41 945 228 982 camporum
248 933 416 982 planitiem
443 932 582 977 decidit,
604 933 671 968 haec
686 944 754 968 tota
765 945 821 969 aut
838 933 954 982 plantis
964 934 1164 978 nutriendis,
1187 945 1240 968 aut
1253 934 1423 983 stagnis,&

40 981 171 1018 lacubus
182 982 370 1031 colligendis
381 1010 390 1025 ‚
400 993 455 1016 aut
466 980 641 1030 vaporibus
654 981 892 1031 suppeditandis
907 982 1069 1018 insumitur
1086 997 1094 1019 z
1110 995 1171 1018 nec
1189 993 1305 1017 terram
1320 982 1402 1017 subit
1411 1012 1421 1026 ‚

39 1041 93 1066 aut
103 1044 159 1080 per
170 1044 267 1067 venas
280 1030 497 1066 subterraneas
513 1029 688 1066 delabitur.
707 1032 742 1065 Id
752 1043 869 1066 norunt
882 1031 1029 1080 agricolae
1041 1060 1051 1074 ,
1074 1033 1128 1079 qui
1150 1031 1331 1079 stagnantes
1348 1031 1419 1066 illas

37 1091 136 1126 aquas
153 1082 186 1115 in
207 1078 299 1114 fossas
327 1078 514 1114 humiliores
546 1079 708 1114 deducunt
736 1094 745 1115 ε
784 1078 871 1115 secus
890 1079 1052 1115 commiffa
1078 1091 1169 1114 terrae
1198 1091 1295 1127 grana
1318 1081 1420 1115 nimio

32 1127 172 1163 :humore
195 1139 445 1176 corrumpuntur.
478 1128 567 1162 Hinc
589 1129 714 1162 Seneca
729 1127 827 1162 docet
844 1127 966 1163 nullam
983 1127 1044 1163 effe
1075 1126 1220 1176 pluviam
1249 1139 1315 1162 tam
1351 1141 1420 1163 ma-

37 1188 137 1224 gnam
164 1189 237 1225 quae
267 1187 384 1211 terram
417 1175 500 1210 ultra
523 1175 638 1210 decem
666 1175 767 1224 pedes
797 1178 830 1211 in
863 1176 1068 1211 altitudinem
1098 1175 1293 1210 madefaciat
1313 1190 1322 1211 :
1351 1189 1417 1211 om-

38 1228 88 1259 m's
102 1253 113 1268 ‚
128 1228 231 1273 inquit
243 1254 253 1268 ‚
273 1225 384 1260 humor
393 1225 479 1258 intra
488 1226 626 1272 primam
636 1223 768 1269 crustam
783 1226 985 1270 conflanitum
1012 1236 1066 1259 nec
1082 1226 1114 1258 in
1130 1223 1276 1268 inftriora
1296 1224 1418 1270 defien..

37 1274 97 1310 dit.
117 1276 189 1310 lmo
204 1276 258 1308 vix
270 1285 352 1308 terra
361 1273 429 1321 post
442 1271 613 1320 largiorem
626 1271 766 1307 imbrem
784 1273 866 1308 ultra
883 1273 962 1308 duos
972 1273 1071 1321 pedes
1098 1273 1227 1307 madida
1251 1276 1418 1321 reperitur.

31 1322 121 1357 Cum
133 1321 552 1369 puteieffodiuntur‚eadem
565 1319 632 1354 fere
641 1319 759 1356 siccitas
777 1320 872 1369 usque
885 1321 925 1356 ad
937 1335 978 1357 20
990 1321 1180 1370 plerumque
1201 1322 1299 1369 pedes
1320 1334 1420 1370 appa..

35 1382 97 1406 ret.
114 1373 200 1406 Tum
213 1370 289 1418 saepe
307 1382 363 1405 aut
374 1382 469 1405 arena
480 1398 489 1412 ‚
508 1380 564 1403 aut
580 1369 711 1417 argilla,
731 1381 785 1404 aut
807 1382 915 1418 marga
936 1370 1099 1405 humidior
1119 1371 1257 1404 occurrit
1270 1398 1281 1412 ,
1298 1370 1416 1405 deinde

6 1422 9 1425 ’
34 1431 120 1466 aqua
133 1419 151 1455 ὲ
168 1419 290 1468 topho,
303 1430 357 1454 aut
372 1417 513 1467 lapidosa
526 1428 608 1452 terra
645 1417 811 1464 letumque
830 1420 987 1467 erumpit,
1006 1430 1076 1465 quae
1093 1417 1114 1452 si
1130 1416 1284 1453 summam
1297 1418 1416 1453 telluris

35 1478 161 1515 partem
174 1465 384 1516 penetrasset,
409 1465 564 1515 quidquid
582 1431 768 1502 effkodiendo
790 1477 878 1501 terrae
896 1467 1073 1503 extrahitur
1085 1495 1096 1510 ,
1119 1467 1151 1501 id
1166 1466 1298 1503 humore
1312 1468 1416 1502 madi-

36 1516 112 1550 dum
133 1514 334 1565 apparuilset.

70 1570 109 1601 2⁰.
125 1567 185 1599 Sed
198 1577 305 1612 neque
315 1564 424 1612 pluvia
433 1575 505 1611 quae
518 1565 550 1599 in
562 1563 681 1599 summa
695 1566 856 1600 montium
869 1569 945 1612 juga
957 1564 1078 1598 decidit
1090 1591 1099 1605 ,
1121 1574 1172 1598 tot
1185 1562 1344 1605 fontibus,
1361 1575 1415 1598 aut

28 1612 137 1648 ‘fluviis
153 1612 308 1648 sufficeret
321 1626 329 1649 :
343 1626 411 1647 non
422 1613 509 1646 enim
520 1623 600 1646 terra
610 1624 726 1658 aquam
736 1614 820 1659 prius
837 1614 941 1653 reddit
951 1641 961 1654 ,
979 1611 1077 1659 quam
1089 1611 1153 1659 ipsa
1170 1614 1304 1646 omnino
1314 1610 1349 1645 sit
1358 1624 1416 1647 an-

33 1671 67 1698 te
78 1661 204 1709 perfusa
216 1690 225 1704 ,
236 1667 269 1698 &
280 1661 525 1697 madida.Unde
534 1659 590 1695 ubi
603 1672 684 1695 terra
694 1660 736 1694 est
753 1659 860 1695 siccior
873 1689 883 1704 ,
902 1673 1019 1708 aquam
1035 1672 1072 1693 ea
1084 1662 1206 1695 retinet
1227 1676 1235 1702 ;
1259 1658 1278 1693 fi
1298 1658 1332 1694 fir
1354 1660 1416 1695 hu-

34 1710 172 1753 midior,
183 1713 236 1745 vix
247 1722 317 1744 eam
333 1709 519 1745 transmittit
530 1737 540 1751 ,
561 1707 617 1743 nisi
631 1707 793 1756 spongiofii
818 1708 852 1743 fit
868 1709 1043 1744 admodum
1054 1737 1064 1751 ‚
1085 1720 1140 1743 aut
1161 1706 1297 1742 arenosa.
1328 1709 1414 1744 Cum

33 1759 129 1806 igitur
143 1770 225 1793 terra
235 1757 379 1807 argillosa
389 1756 499 1806 saepifis
512 1756 594 1793 ultra
605 1759 718 1805 viginti
733 1757 830 1805 pedes
842 1757 877 1792 sit
891 1757 967 1800 alta,
978 1756 1158 1804 priusquam
1172 1757 1278 1804 pluvia
1292 1757 1332 1792 ad
1343 1769 1414 1793 eam

29 1809 202 1854 perveniat
212 1835 222 1849 ,
244 1807 404 1854 quidquid
421 1807 463 1841 est
479 1817 568 1842 terrae
580 1804 793 1841 incumbentis
802 1808 876 1842 ante
885 1806 1076 1841 madefaciat
1089 1805 1211 1840 necesse
1226 1805 1278 1841 est.
1296 1809 1334 1840 Et
1342 1805 1415 1840 sane

29 1867 99 1890 non
112 1855 194 1889 adeo
203 1854 273 1891 sunt
282 1857 429 1891 continui
445 1854 565 1890 imbres
578 1882 589 1897 ,
603 1856 684 1901 quin
700 1865 783 1889 terra
794 1856 964 1902 interJefilm
978 1866 1126 1903 tempore
1146 1853 1320 1902 plurimum
1332 1854 1415 1889 ares-

26 1904 176 1950 cat-Jam
188 1915 341 1950 quantum
354 1915 446 1951 aquae
455 1914 509 1938 aut
523 1902 630 1938 calore
646 1902 718 1938 solis
732 1930 742 1944 ,
767 1914 821 1938 aut
834 1903 953 1952 frigore
966 1902 1033 1951 ipso
1054 1913 1090 1937 ut
1107 1904 1139 1937 in
1150 1901 1252 1952 glacie
1263 1931 1273 1945 ‚
1288 1907 1323 1939 ὅ(
1334 1905 1412 1938 nive

28 1953 194 1985 cernimus
211 1979 222 1994 ,
243 1952 410 1991 exhalatur
424 1967 431 1988 :
448 1951 638 1999 quantulum
650 1952 683 1986 id
695 1951 740 1986 est
759 1952 845 1999 quod
858 1963 1004 1987 remanet
1018 1979 1028 1994 ,
1047 1962 1082 1986 ut
1096 1962 1161 1986 tam
1175 1950 1304 1986 densam
1320 1962 1410 1985 terrae

28 2010 158 2046 partem
169 1999 301 2034 madore
313 1999 365 2034 suo
379 2000 570 2047 perfundat,
592 2005 625 2035 &
641 2011 690 2035 tot
702 2002 785 2035 rivos
803 2002 835 2036 in
846 2013 931 2036 terra
940 2011 1103 2050 procreet,
1126 2012 1164 2034 ex
1175 1999 1290 2047 quibus
1301 1999 1410 2035 fontes

27 2048 116 2082 circa
136 2051 296 2083 montium
309 2048 444 2082 declivia
456 2077 465 2091 ,
482 2060 539 2082 aut
550 2048 671 2082 radices
685 2052 882 2084 exoriantur.

71 2103 101 2139 3⁰
109 2098 152 2131 Ex
166 2098 203 2131 iis
220 2096 353 2131 efficitur
364 2096 489 2139 fontes,
510 2094 683 2132 &flumina
696 2109 733 2131 ex
745 2098 858 2145 pluviis
872 2098 1008 2145 quidem
1022 2126 1031 2140 ,
1046 2102 1080 2134 &
1097 2096 1228 2134 nivibus
1246 2098 1323 2131 oriri
1337 2095 1408 2143 pos-

33 2142 64 2177 se
81 2172 91 2186 ,
114 2157 182 2192 quae
196 2157 311 2179 terram
323 2156 390 2180 tam
408 2144 471 2178 alte
487 2157 553 2179 non
572 2156 760 2191 penetrant,
784 2145 835 2180 sed
849 2159 918 2193 quae
935 2158 995 2195 per
1005 2145 1144 2180 declivia
1163 2145 1313 2180 labuntur
1330 2161 1338 2186 ;
1355 2144 1407 2179 seu

29 2202 191 2228 torrentes
208 2193 345 2228 efficiant
361 2222 370 2235 ,
391 2193 441 2228 seu
454 2195 590 2240 primam
601 2193 753 2228 duntaxat
767 2194 855 2229 collis
870 2194 1067 2243 superficiem
1078 2223 1088 2237 ,
1110 2206 1165 2228 aut
1186 2193 1316 2227 crustam
1334 2203 1405 2239 per-

33 2252 177 2276 meantes
188 2243 307 2278 rivulos
321 2253 490 2290 procreent
504 2255 512 2276 :
534 2253 572 2275 ex
587 2239 700 2287 quibus
712 2241 847 2278 fiumina
860 2244 990 2278 tandem
1004 2242 1180 2278 nascuntur.

69 2290 171 2336 Qod
181 2303 290 2326 autem
299 2292 421 2339 opponi
431 2289 510 2324 solet
522 2302 586 2324 non
597 2300 718 2323 tantum
731 2302 818 2336 aquae
828 2305 865 2328 ex
879 2291 1034 2328 imbribus
1050 2317 1059 2330 ‚
1075 2300 1128 2322 aur
1141 2286 1268 2322 nivibus
1284 2286 1407 2322 exsolu-

30 2337 73 2370 tis
84 2339 117 2373 in
126 2350 242 2376 terram
250 2341 417 2383 decidere,
424 2349 581 2387 quantum
595 2336 665 2373 satis
679 2338 722 2374 est
738 2348 787 2373 tot
806 2339 949 2376 fontibus
962 2369 972 2383 ,
987 2344 1019 2376 δε
1029 2334 1220 2373 fluminibus.
1246 2336 1333 2370 Hinc
1348 2337 1405 2370 Se-
