1878 2724
356 169 416 203 ¹90
743 149 1016 189 PHYSICAE
1055 150 1394 189 GENERALts·

404 204 492 254 Resp.
505 214 622 250 aquam
634 198 688 234 vel
696 198 939 250 hydrargyrum
949 213 1019 236 non
1030 199 1056 236 ὲ
1066 199 1225 244 ctaffiore,
1244 203 1299 250 qui
1313 206 1381 251 jam
1390 197 1495 237 nullus
1512 199 1555 236 est
1567 230 1577 245 ‚
1586 199 1643 237 scd
1649 200 1670 238 ἐι
1679 199 1754 238 sub*-
1770 218 1779 221 ’-

358 253 486 296 tiliore‚
504 252 545 285 de
556 262 623 297 quo
639 261 715 283 mox
733 250 876 286 diximus
891 278 903 294 ‚
919 260 994 285 aere
1011 247 1163 285 sustineri.
1174 249 1236 284 Illa
1255 252 1343 285 enim
1361 249 1508 285 subtilior
1520 253 1657 285 materia
1676 253 1756 287 vitn'
1777 265 1780 269 ·

356 303 491 351 quidem
506 310 602 347 poros
619 299 789 347 pervadit,
808 298 861 334 sed
874 298 934 335 lios
948 309 1075 334 meatus
1091 309 1198 348 partes
1219 298 1411 348 hydrargyri
1430 298 1595 335 solidiores
1616 299 1757 348 plerum-

358 362 423 399 que
441 348 626 384 occludunt.
641 346 744 383 Unde
760 357 855 396 purus
868 360 922 383 aer
931 360 998 384 non
1013 345 1040 382 sa
1046 349 1085 383 tis
1097 346 1277 383 confertim
1289 349 1393 392 irruit,
1404 360 1441 384 ut
1453 347 1616 396 liquorem
1624 348 1655 384 ιἐι
1664 351 1756 385 >virro
1776 363 1783 370 ³

357 397 502 435 divellat,
520 397 670 446 Qaeque
685 398 806 433 vitrum
825 408 962 447 tangunt
981 397 1173 446 hydrargyri
1197 424 1207 439 ,
1229 395 1283 431 vel
1307 408 1399 444 aquae
1423 396 1583 445 particulae
1601 425 1612 442 ,
1628 400 1662 434 in
1682 397 1756 434 vase

357 447 504 496 subjecto
518 446 610 494 huJus
630 444 752 481 subtilis
769 448 851 481 aeris
864 444 1064 495 impressioni
1077 457 1202 494 patent.
1230 446 1324 481 Idem
1340 447 1427 480 enim
1448 445 1517 480 fere
1545 447 1664 482 accidit
1684 459 1722 482 ac
1735 446 1757 482 fi
1776 460 1784 474 ,-

356 497 437 532 duas
447 494 591 531 lamellas
607 506 806 530 marmoreas
818 525 828 540 ,
838 501 871 533 &
886 495 1004 544 politas
1017 523 1027 538 ‚
1041 493 1094 530 sed
1114 493 1236 530 crebris
1252 493 1392 543 pertusas
1405 493 1606 530 foraminulis
1629 496 1757 532 cuidam
1779 512 1783 515 ¹

357 545 479 593 liquori
500 547 672 594 immergas
684 562 693 588 ·,
703 543 808 593 ficque
818 557 834 579 a
862 555 944 580 tatas
956 544 1064 579 animo
1084 542 1244 593 fingamus
1258 573 1268 587 ‚
1280 555 1316 579 ut
1329 543 1434 593 plures
1448 544 1539 578 unius
1549 555 1667 591 ¹partes
1685 543 1759 580 soli-

357 595 408 630 dae
423 593 555 630 alterius
571 593 776 630 foraminulis
803 556 1030 643 respondeant.
1047 594 1134 628 Tum
1155 595 1242 628 enim
1261 593 1394 641 liquoris
1413 591 1577 640 particulae
1595 592 1658 628 huc
1679 593 1757 629 ill-uc

356 645 485 693 agitatae
507 642 669 692 utriusque
700 643 984 679 laminaeextimas
1011 641 1194 690 superficies
1214 641 1280 678 una
1297 643 1508 690 compingent
1526 642 1759 690 potius‚quam
1784 657 1786 661 ’

358 693 539 729 divellent:
555 691 595 728 sic
611 693 698 728 enim
715 704 807 741 aquae
827 692 881 727 vel
894 692 1086 741 hydrargyri
1095 693 1265 741 expurgati
1282 702 1389 740 partes
1403 689 1461 724 fibi
1473 717 1485 734 ,
1499 695 1532 727 &
1551 692 1636 726 vitro
1655 693 1772 727 conti-v

357 754 439 792 guae,
451 754 486 778 ut
499 742 640 778 totidem
648 740 866 785 lamellae‚sese
877 752 994 776 mutuo
1004 740 1163 777 sustinent.
1741 764 1744 765 ν

397 793 487 827 Rem
502 794 547 826 ita
563 790 592 826 se
602 789 725 827 habere
742 791 798 826 vel
817 791 893 826 hinc
905 789 1130 837 liquet‚quod
1147 787 1284 824 succussa
1295 787 1462 837 paululum
1481 787 1633 824 machina
1650 787 1759 824 statim
1783 808 1788 812 ,

359 853 448 889 aqua
468 840 550 876 tubo
571 839 739 884 conclusa,
763 839 819 875 vel
840 838 1058 888 hydrargyrus
1081 838 1228 873 decidat:
1246 850 1322 874 nam
1338 849 1378 872 eo
1399 847 1495 873 motu
1511 848 1585 886 quae
1605 836 1668 872 fuit
1682 846 1759 873 ante

387 892 505 925 artium
517 891 720 939 contiguitas,
737 889 863 924 tollitur
874 916 884 930 ,
903 893 937 924 &
955 899 1010 922 aer
1019 889 1128 934 purior
1139 889 1276 922 nimium
1286 897 1367 922 ante
1376 886 1527 934 disjeetus
1536 906 1548 930 5
1559 886 1622 921 hac
1639 884 1759 922 succus.

359 903 448 975 gone
461 938 755 988 alicubicolligitur
765 967 776 983 ,
785 940 840 986 qui
850 936 1009 984 subjeCRas
1020 936 1154 983 liquoris
1166 947 1272 985 partes
1288 936 1453 982 deprimit.
1472 937 1549 971 Huc
1565 937 1665 971 etiam
1675 936 1760 970 adde

362 987 542 1037 suspensum
561 987 722 1036 liquorem
739 988 849 1023 tandiu
860 985 1187 1032 remanere,quand1u
1195 983 1236 1019 ab
1251 983 1420 1020 ambiente
1439 995 1580 1032 corpore
1602 997 1670 1020 non
1685 996 1761 1033 pte..

364 1039 465 1073 mitur
474 1067 483 1081 ,
495 1048 550 1072 aut
561 1048 649 1072 certe
667 1035 783 1085 pressio
796 1034 859 1086 ipsa
872 1034 1015 1070 debilior
1032 1035 1083 1069 est.
1103 1034 1204 1071 Unde
1222 1032 1309 1068 forte
1319 1034 1390 1081 quis
1409 1045 1477 1068 non
1489 1031 1574 1068 male
1588 1033 1760 1082 colligeret

362 1088 564 1136 gravitatem
584 1086 605 1120 a
614 1084 773 1135 preffione
787 1084 963 1120 subtilioris
973 1082 1060 1118 illius
1071 1085 1154 1118 aeris
1164 1081 1334 1131 proficisci,
1356 1083 1398 1116 Et
1410 1081 1482 1117 sane
1494 1093 1531 1116 ut
1540 1080 1606 1115 duo
1618 1093 1761 1118 marmo-

363 1147 400 1170 ra
415 1133 472 1171 fibi
487 1135 684 1170 cohaerentia
697 1134 838 1182 obliquo
851 1163 860 1177 ,
872 1133 924 1168 seu
936 1130 1113 1168 transverso
1126 1143 1220 1166 motu
1238 1130 1335 1166 facile
1345 1129 1529 1178 separantur
1542 1157 1553 1172 ‚
1568 1128 1619 1164 sed
1635 1129 1761 1174 sursum,
1787 1159 1790 1162 .

368 1196 424 1220 aut
442 1183 591 1219 deorsum
603 1183 701 1219 avelli
714 1180 922 1232 nonpolsu‘nt
934 1211 945 1226 ,
954 1182 1033 1229 quin
1047 1182 1127 1216 aeris
1137 1179 1494 1216 resistentiamvincanr
1510 1192 1518 1214 :
1537 1177 1577 1213 fic
1585 1177 1761 1221 subtilioris

367 1235 449 1269 aeris
471 1233 575 1268 moles
602 1231 720 1268 sursum
753 1229 882 1280 impelli
900 1232 954 1266 vix
979 1230 1087 1279 potest
1105 1245 1113 1266 :
1150 1228 1341 1265 immensum
1356 1230 1444 1264 enim
1460 1228 1503 1264 est
1525 1226 1599 1263 illus
1616 1229 1761 1276 pondus:

368 1283 453 1316 adeo
483 1293 520 1316 ut
555 1280 689 1328 Boylius
715 1279 950 1328 hydrargyrum
978 1278 1020 1312 ad
1050 1293 1070 1323 7
1085 1291 1103 1313 2
1127 1279 1301 1326 digitorum
1338 1277 1549 1312 altitudinem
1579 1276 1634 1311 sus
1649 1277 1760 1313 ensum

370 1332 514 1370 tenuerit
525 1358 535 1373 ,
569 1332 669 1364 etiam
697 1341 770 1363 cum
800 1327 897 1363 tubus
920 1338 1009 1362 extra
1031 1338 1087 1361 vas
1120 1325 1296 1373 subjeetum
1323 1329 1357 1361 in
1371 1339 1376 1345 ·
1394 1337 1470 1360 aere
1496 1323 1602 1378 libero
1621 1290 1762 1361 siiblatus

367 1377 498 1423 fuiss'e‘t3
521 1377 576 1413 sed
591 1377 785 1415 succuffione
799 1406 810 1421 ,
831 1376 921 1413 facta
942 1375 1036 1413 velut
1055 1374 1184 1412 lamella
1202 1373 1432 1426 hydrargytia
1448 1376 1535 1410 vitro
1551 1374 1672 1410 divulsa
1696 1375 1763 1420 est,

369 1433 405 1465 &
421 1429 552 1464 decidit.

405 1477 493 1512 Cum
513 1480 611 1513 etiam
620 1477 672 1512 diu
689 1479 721 1512 in
735 1489 836 1513 vacuo
850 1478 1025 1513 mercutius
1033 1474 1227 1524 relinquitur
1239 1505 1249 1520 ,
1261 1473 1348 1511 ultro
1360 1474 1504 1520 subfidit,
1522 1476 1576 1514 seu
1585 1487 1690 1514 novus
1706 1482 1762 1511 aer

369 1537 544 1575 generetur
555 1556 564 1570 ,
581 1526 633 1562 seu
643 1529 745 1562 atomi
754 1526 904 1574 quaedam
915 1528 948 1561 in
963 1525 1090 1573 liquore
1101 1524 1264 1560 latitantes
1277 1536 1456 1574 emergant.
1465 1528 1644 1575 Utcunque
1657 1537 1695 1560 ea
1709 1535 1761 1560 res

371 1574 430 1619 fit,
448 1575 641 1624 nihilmagis
655 1575 853 1610 demonstrat
872 1576 1032 1624 recipiens
1049 1587 1117 1609 non
1129 1577 1269 1622 omnino
1284 1571 1346 1609 effe
1363 1587 1498 1610 vacuum
1512 1604 1522 1619 ,
1541 1575 1593 1611 sed
1612 1573 1762 1612 subtilem

371 1624 537 1672 quandam
550 1627 582 1660 in
596 1636 636 1659 eo
648 1622 708 1659 else
719 1622 937 1660 substantiam.
956 1623 1020 1659 Sed
1038 1622 1116 1657 illud
1133 1621 1198 1658 sem
1224 1635 1258 1658 er
1276 1635 1389 1659 manet
1403 1623 1621 1660 inconcussum
1639 1653 1649 1668 ,
1671 1619 1763 1658 craffi

371 1675 455 1708 aeris
465 1684 588 1709 certum
598 1671 659 1709 else
671 1679 704 1710 &
719 1672 886 1709 definitum
900 1673 1039 1722 ponduS,
1050 1684 1088 1706 ex
1099 1684 1167 1720 quo
1176 1685 1196 1720 p
1213 1674 1324 1720 erique
1334 1682 1455 1708 naturae
1466 1683 1574 1709 motus
1589 1675 1645 1721 qui
1655 1671 1694 1707 ad
1707 1680 1765 1706 va-

371 1724 426 1767 cui
443 1734 567 1757 metum
580 1722 692 1757 referri
701 1721 807 1757 solent
819 1750 828 1765 ‚
841 1724 978 1757 omnino
988 1721 1165 1757 dimanant.
1180 1723 1258 1757 Non
1272 1733 1326 1755 me
1347 1721 1432 1770 fugit
1450 1721 1548 1770 paulo
1563 1722 1658 1757 aliter
1671 1720 1765 1755 vide-

373 1773 402 1805 ri
417 1774 457 1806 D.
474 1772 650 1805 Marione.
662 1770 829 1805 Existimat
844 1772 933 1804 enim
943 1780 1052 1803 aerem
1069 1768 1224 1803 inclusum
1240 1771 1273 1803 in
1281 1769 1503 1817 hydrargyro,
1519 1782 1592 1805 curn
1609 1769 1646 1804 fit
1665 1779 1764 1817 expe-

373 1822 550 1854 rimentum
560 1818 731 1854 Torricelli
743 1847 752 1862 ‚
775 1819 790 1854 ὲ
805 1816 861 1852 suis
872 1818 961 1853 velut
978 1816 1098 1851 cellulis
1114 1828 1279 1866 emergere
1289 1845 1298 1859 ,
1312 1822 1346 1854 δ(
1357 1816 1533 1865 supremam
1548 1816 1618 1852 tubi
1637 1828 1764 1866 partem

374 1868 521 1916 implere.
536 1868 741 1916 Argumento
753 1867 785 1901 id
798 1865 859 1902 effe
869 1877 962 1915 putat
973 1867 1230 1914 experimentum
1250 1878 1327 1900 mox
1340 1865 1473 1901 allatum
1486 1879 1493 1902 :
1512 1867 1601 1914 quod
1617 1866 1637 1901 fi
1650 1866 1764 1903 videli-

375 1929 430 1952 cet
443 1918 600 1952 mercurio
618 1918 651 1951 in
670 1916 823 1951 machina
845 1927 902 1964 per
917 1915 1046 1962 aliquot
1060 1914 1127 1948 dies
1140 1913 1296 1950 asservato
1307 1943 1318 1958 ,
1341 1919 1374 1952 δε
1389 1917 1481 1950 omni
1498 1927 1572 1950 aere
1585 1925 1764 1964 expurgato

377 1965 470 2000 tubus
483 1977 532 2012 40
544 1977 599 2000 aut
609 1980 646 2013 50
656 1965 831 2014 digitorum
842 1963 1015 2014 impleatur
1026 1992 1036 2007 ‚
1051 1963 1200 2012 &digito
1219 1975 1285 1999 tam
1295 1975 1441 1999 accurate
1456 1964 1652 2008 occludatur,
1663 1974 1700 1998 ut
1710 1974 1765 1998 aer

377 2025 527 2049 externus
541 2013 645 2049 subire
655 2027 720 2049 non
729 2010 846 2062 poffit‚
865 2013 937 2048 fore
951 2025 988 2048 ut
1003 2012 1044 2047 ad
1057 2011 1266 2048 altitudinem
1281 2027 1329 2060 40
1344 2024 1398 2048 aut
1413 2029 1450 2061 50
1469 2014 1641 2062 digitorum
1659 2014 1684 2047 is
1701 2011 1765 2047 sus-

378 2062 491 2111 pensus
505 2075 644 2098 maneat.
659 2061 876 2110 Qod{nullus
899 2074 954 2096 aer
965 2073 1093 2111 partem
1103 2060 1318 2098 tubivacuam
1332 2074 1402 2098 tum
1422 2062 1560 2111 implere
1579 2060 1695 2111 poffit,
1709 2059 1765 2096 nisi

380 2112 467 2149 forti:
492 2112 717 2148 vehementius
739 2113 941 2146 concutiatur
958 2110 1075 2147 tubus:
1097 2122 1165 2145 tum
1190 2114 1278 2147 enim
1303 2111 1528 2147 bullulaeaetis
1544 2123 1582 2146 ex
1602 2108 1765 2147 collisione

379 2172 584 2209 erumpentes
600 2172 727 2209 partem
746 2160 815 2195 tubi
829 2159 985 2195 summam
996 2159 1188 2207 implebunt.
1211 2162 1331 2197 Eadem
1351 2159 1398 2195 est
1407 2162 1492 2196 ratio
1503 2171 1601 2207 aquae·
1616 2172 1692 2195 aere
1715 2170 1764 2193 ex-

379 2222 519 2259 purgatae
530 2240 539 2254 ,
559 2223 626 2258 quae
637 2209 753 2259 phialae
764 2208 966 2257 oblongioris
978 2209 1053 2243 colli
1065 2212 1244 2258 imponitur
1257 2240 1266 2254 ,
1282 2215 1316 2248 ὅ(
1331 2213 1416 2244 vitro
1428 2209 1542 2244 itidem
1553 2220 1637 2255 aqua
1651 2219 1767 2256 expur-

377 2271 451 2305 gata
468 2259 565 2307 pleno
578 2260 880 2307 immergitur.Nam
893 2258 1043 2293 exli-msto
1054 2272 1084 2292 af
1093 2271 1125 2293 re
1139 2271 1223 2307 aqua
1237 2273 1304 2294 non
1321 2255 1660 2304 descendit,quousque
1673 2269 1766 2292 novae

380 2307 514 2342 bnllulae
533 2321 571 2344 ex
588 2322 675 2357 aqua
693 2309 875 2343 formentur
889 2336 898 2350 ‚
917 2320 986 2355 qua:
1000 2307 1051 2342 ubi
1073 2307 1228 2343 fiimmvim
1243 2308 1356 2356 phialae
1366 2309 1562 2351 attigerunt,
1582 2318 1699 2353 aquam
1712 2305 1765 2340 de·

381 2358 625 2403 primunt.ldem
643 2358 767 2393 accidet
784 2355 802 2391 fi
817 2356 912 2405 paulo
931 2357 1159 2393 vehementi&
1178 2359 1376 2392 macutiatut
1394 2345 1572 2390 tubuszhaec
1588 2357 1677 2390 enim
1687 2366 1765 2390 con-

381 2403 483 2439 cuffio
492 2418 597 2453 partes
606 2419 715 2445 aereas
726 2407 766 2442 ad
779 2407 985 2455 eruptionem
1003 2406 1153 2444 sollicitat
1169 2435 1173 2439 ,
1190 2408 1202 2439 '1'
1274 2417 1306 2442 ’τι
1320 2408 1353 2442 iti
1368 2403 1487 2440 silicum
1501 2402 1664 2443 :allisione
1680 2405 1764 2454 ignis

380 2463 532 2504 erleUPlt.
