1878 2724
378 166 426 201 252
855 147 879 180 ι)
899 147 933 180 H
948 145 978 180 ἰ’
998 146 1019 180 s
1037 146 1050 179 1
1073 143 1104 179 C
1122 146 1160 179 ,κε

376 212 496 249 imgna
519 199 565 233 est
585 200 616 232 in
635 208 675 230 eo
694 206 801 230 errore
822 194 1003 231 constantia
1021 222 1029 236 ,
1044 204 1080 228 ut
1100 193 1212 241 postea
1238 192 1451 229 ostendemus,
1476 190 1583 228 Stellae
1608 188 1679 228 fixae
1696 204 1762 230 uno

376 252 445 286 fere
457 279 465 292 ,
485 254 517 285 ξς
529 244 680 294 aequabili
694 255 783 279 motu
801 243 950 279 feruntur
961 272 971 287 ,
982 254 1087 291 eoque
1097 243 1214 277 diurno
1228 255 1236 278 z
1250 254 1321 277 cum
1335 243 1465 292 planeta
1478 240 1613 290 quisque
1635 255 1765 280 motum
1859 240 1862 280 l

376 299 431 334 fibi
449 298 612 346 proprium
632 293 773 336 habeat,
792 305 859 341 quo
869 291 911 327 ab
927 291 1040 327 occasu
1061 293 1094 327 in
1114 302 1221 327 ortum
1251 292 1372 329 nititur.
1389 294 1477 328 Hinc
1492 291 1537 327 sol
1551 305 1658 328 annuo
1671 292 1768 338 ,luna

376 346 541 383 menstruo
559 343 663 393 spatio
683 342 799 379 orbem
816 341 902 378 suum
921 340 1076 378 conficit:
1091 340 1139 376 his
1161 342 1271 388 itaque
1295 342 1474 389 explicatis.
1728 360 1730 363 ·

411 394 572 429 Probatur
589 392 739 435 conclufio
753 421 763 435 ‚
778 391 894 427 Stellas
911 393 1044 441 proprio
1063 390 1186 426 lumine
1199 389 1324 439 fulgere
1337 404 1387 435 10,
1406 392 1496 439 quod
1513 390 1643 428 fixarum
1659 391 1718 427 lux
1731 384 1775 428 fit?

377 446 527 494 vegetior
536 473 545 487 ,
565 442 768 492 planetarum
781 453 860 477 vero
872 441 984 477 lumen
997 439 1032 477 fit
1042 439 1210 489 placidius,
1222 452 1260 475 ac
1271 439 1428 476 debilius:
1443 443 1533 489 quod
1547 441 1618 477 sane
1631 442 1769 478 demon-

377 495 453 529 strat
466 492 570 528 stellas
581 493 726 541 ingenita
744 492 814 527 luce
823 490 1102 540 micare,planetas
1122 491 1308 525 mutuatitio
1327 489 1500 534 duntaxat,
1512 495 1546 528 ὅ(
1563 497 1584 526 a
1597 490 1662 527 sole
1676 504 1771 527 acce.-

377 555 437 594 pto
452 543 571 579 lumine
582 543 737 577 relucere.

413 607 456 630 20.
492 592 525 627 ld
543 593 644 627 etiam
659 591 789 627 videtur
804 590 914 639 colligi
933 601 972 625 ex
991 589 1220 627 scintillatione
1233 588 1395 625 stellarum
1415 604 1423 626 :
1442 588 1492 625 hae
1513 591 1635 640 quippe
1651 589 1772 627 [cintii-⁷

378 643 448 679 lant
458 672 466 686 ,
481 641 570 690 quod
585 652 696 677 earum
721 640 771 676 lux
786 639 946 690 puriffima
957 639 1040 675 visus
1056 643 1160 676 aciem
1174 640 1364 690 perstringat
1379 669 1388 683 ,
1409 639 1585 689 pupillam,
1610 640 1664 676 seu
1680 640 1773 678 fora.-

378 704 453 728 men
472 704 530 741 per
541 690 632 739 quod
654 691 735 725 radii
747 690 875 726 luminis
891 688 1026 725 subeunt
1041 690 1172 725 oculum
1191 719 1201 734 ,
1219 688 1392 725 contrahat
1409 688 1581 731 ;nervulos
1603 702 1641 725 ex
1653 689 1775 738 quibus

379 744 503 785 retina,
517 740 568 776 seu
578 738 663 777 visus
684 752 842 790 organum
856 740 1054 784 contexitur,
1074 738 1240 788 percellat.
1264 740 1354 774 Hinc
1376 749 1503 774 motum
1525 737 1618 774 illum
1648 737 1774 776 (cintii-³

380 791 509 826 lationis
541 789 712 825 tremulum
735 790 896 839 imprimit
914 788 1017 825 :adeo
1045 800 1079 824 ut
1097 788 1141 823 sol
1153 818 1163 833 ‚
1179 793 1213 826 &
1230 787 1326 823 stellae
1341 786 1514 832 fluctuare,
1538 800 1595 823 aut
1609 788 1772 825 intremis-

381 853 456 875 cere
472 841 651 876 videantur.
670 841 769 875 Secus
785 839 903 873 accidit
919 840 954 873 in
967 837 1106 886 planetis
1118 867 1128 883 ,
1143 836 1262 886 quibus
1276 835 1366 874 nulla
1377 865 1387 880 ‚
1402 835 1460 874 vel
1479 849 1577 886 parva
1594 838 1774 875 admodum·

380 889 564 926 scintillatio
582 888 680 924 inestss:
692 889 781 936 quod
795 886 854 923 fint
870 899 1005 936 corpora
1022 886 1150 936 aspera,
1174 892 1208 924 &
1226 898 1328 936 opaca
1339 915 1348 929 ‚
1363 897 1434 933 quae
1450 886 1556 922 lucem
1575 887 1708 936 quidem
1721 900 1774 923 re-

381 951 497 988 getunt
508 938 572 983 ,sed
584 937 760 974 reflexione
775 935 981 972 debilitatam
994 963 1004 980 ,
1016 948 1054 970 ac
1065 935 1209 985 pluribus
1223 934 1374 971 umbellis
1391 946 1618 984 temperatam.
1629 935 1774 974 Tametfi

382 991 437 1023 vix
458 987 551 1024 stellae
560 986 735 1024 scintillant
744 1016 756 1032 ,
772 985 829 1022 nisi
847 997 919 1022 cuin
933 986 1100 1023 horizonti
1112 984 1184 1023 sunt
1205 986 1376 1022 viciniores
1388 1011 1398 1029 ,
1408 995 1464 1020 aut
1479 984 1600 1034 frigido
1614 991 1649 1023 δι
1661 987 1778 1036 gelido·

384 1049 467 1075 acre.

424 1085 576 1132 Confirm.
596 1086 706 1121 Tanta
723 1085 766 1121 est
787 1083 947 1121 stellarum
969 1083 987 1121 a
1006 1083 1072 1120 sole
1091 1083 1266 1129 distantia,
1281 1094 1316 1119 ut
1334 1083 1380 1119 sol
1400 1095 1439 1119 ex
1458 1093 1570 1119 earum
1591 1084 1665 1121 loco
1691 1082 1775 1122 visus

382 1138 447 1171 vix·
464 1135 550 1171 forte
563 1140 665 1183 major
685 1134 775 1170 stella
796 1136 893 1182 primi
909 1134 1029 1169 ordinis
1051 1134 1229 1170 videretur:
1247 1147 1315 1169 non
1333 1135 1430 1182 igitur
1455 1132 1509 1168 lux
1525 1131 1662 1170 ‘fixarum
1691 1134 1775 1170 adeo

384 1196 501 1234 vegeta
519 1197 562 1220 ex
576 1183 656 1219 lucis
677 1184 784 1219 solaris
807 1182 984 1219 reflexione
1008 1182 1218 1232 proficiscitur
1230 1195 1238 1217 τ
1252 1182 1304 1219 sed
1322 1181 1393 1232 ipsis
1408 1183 1538 1231 propria
1556 1183 1602 1218 est
1614 1212 1625 1228 ,
1644 1188 1679 1222 ὅ(
1696 1196 1778 1229 con-ff

384 1237 508 1283 genita.
528 1235 617 1270 Hinc
632 1233 731 1268 stellae
744 1232 926 1268 lucescente
946 1244 1060 1267 aurora
1079 1231 1220 1267 multum
1239 1234 1493 1275 imminuuntur,
1509 1236 1544 1268 δε
1560 1234 1661 1268 noctu
1675 1233 1776 1282 longe

385 1287 522 1332 majores
537 1293 635 1329 quam
651 1294 707 1331 par
720 1280 776 1324 fit,
790 1292 963 1317 cernuntur
975 1295 983 1317 ε
993 1292 1064 1316 tum
1081 1280 1169 1329 quod
1180 1280 1232 1315 lux
1247 1280 1301 1316 illa
1321 1280 1457 1316 tremula
1469 1285 1503 1318 &
1514 1279 1687 1317 scintillans
1702 1282 1778 1330 plu-

386 1343 436 1366 res
451 1333 564 1367 retinae
584 1329 680 1366 fibras
694 1360 704 1376 ,
716 1342 771 1366 aut
785 1330 934 1366 nervulos
953 1331 1112 1378 percutiat
1127 1340 1215 1374 ;tum
1233 1330 1319 1366 forte
1333 1332 1434 1365 etiarn
1449 1331 1526 1377 quia
1544 1330 1664 1380 pupilla
1674 1331 1777 1367 noctu

387 1383 489 1428 magis
512 1380 715 1429 explicatur:
737 1392 774 1415 ut
785 1379 899 1416 videre
917 1379 960 1414 est
976 1381 1010 1415 in
1030 1377 1149 1414 felibus
1163 1408 1171 1422 ,
1187 1391 1323 1427 quotum
1347 1378 1467 1428 pupilla
1482 1379 1523 1414 de
1536 1380 1588 1415 die
1610 1380 1657 1415 est
1675 1378 1778 1430 angui-J

389 1429 537 1474 stimma,
552 1430 655 1465 noctu
671 1442 750 1465 vero
759 1428 897 1464 multum
918 1429 1073 1476 apertior.
1095 1428 1196 1466 Unde
1219 1430 1275 1476 qui
1292 1429 1333 1463 d‘e
1349 1427 1496 1463 tenebris
1522 1429 1556 1464 in
1573 1428 1679 1465 lucem
1699 1435 1778 1479 pto..‘

389 1480 492 1515 deunt
504 1508 515 1523 ,
528 1479 668 1528 caligant
683 1478 784 1515 oculis
798 1478 902 1526 :quod
912 1476 1097 1520 uberiorem
1108 1477 1217 1513 lucem
1228 1490 1326 1525 quam
1337 1477 1432 1512 latior
1441 1477 1574 1525 pupilla·
1583 1476 1716 1524 admifit,
1727 1479 1781 1516 su-

389 1530 502 1564 stinere
521 1541 588 1564 non
606 1527 732 1577 poffint.
1031 1567 1034 1569 ,
1265 1545 1269 1548 ·

427 1587 467 1623 30.
494 1576 608 1612 Stellas
628 1576 768 1626 ejusdam
787 1576 849 1613 effe
866 1587 938 1612 cum
955 1575 1020 1611 sole
1036 1588 1163 1614 naturae
1172 1577 1251 1613 hinc
1267 1576 1367 1611 etiam
1388 1574 1493 1624 liquet
1508 1575 1623 1622 ,quod
1651 1574 1723 1611 solis
1743 1585 1780 1611 ut

395 1625 533 1662 fixarum
548 1639 614 1662 non
625 1638 745 1675 vagus,
759 1625 811 1662 sed
824 1636 930 1661 certus
949 1625 985 1661 sit
1002 1638 1127 1664 motus:
1150 1627 1234 1662 adeo
1249 1636 1286 1661 ut
1300 1623 1345 1659 sol
1365 1637 1429 1660 una
1451 1637 1491 1659 ex
1516 1623 1586 1659 fixis
1608 1623 1704 1661 nobis
1726 1626 1781 1660 vi-

392 1677 505 1711 deatur
520 1703 529 1718 ‚
555 1675 608 1710 sed
648 1675 743 1711 nobis
769 1676 910 1711 vicinior
928 1704 938 1719 ,
964 1680 999 1713 δε
1029 1674 1098 1711 fixae
1127 1676 1267 1712 totidem
1293 1673 1374 1709 soles
1398 1703 1408 1718 ‚
1440 1675 1498 1721 qui
1527 1685 1620 1709 tanto
1641 1675 1661 1711 ἐι
1681 1673 1779 1711 nobie

393 1725 514 1760 distant
537 1724 731 1768 intervallo,
751 1737 787 1760 ut
809 1722 830 1759 fi
845 1735 943 1760 exuto
969 1724 1125 1773 capillitio
1147 1735 1352 1760 cernerentur
1373 1750 1380 1762 ‚
1414 1725 1468 1758 vix
1507 1734 1665 1770 tanquam
1695 1735 1780 1771 pun-

393 1775 447 1808 &a
460 1773 564 1807 lucida
579 1784 790 1821 apparerent:
805 1774 851 1807 ita
860 1784 896 1806 ut
907 1771 1084 1808 GassEndus
1097 1772 1254 1808 affirmare
1263 1784 1329 1806 non
1351 1771 1483 1805 dubitet
1494 1784 1609 1806 omnes
1626 1772 1731 1807 stellas
1746 1773 1782 1809 in

393 1835 493 1857 unum
508 1820 644 1870 globum
659 1821 812 1856 collectas
826 1850 834 1864 ‚
853 1833 922 1856 non
935 1826 1074 1868 majores
1090 1820 1193 1856 visum
1207 1819 1279 1865 iri‚fi
1295 1821 1341 1854 uti
1359 1831 1486 1867 aequum
1501 1819 1780 1865 est,cernerentur‚

394 1883 492 1918 quam
510 1883 594 1906 nunc
615 1869 703 1905 stella
715 1873 811 1919 primi
823 1870 945 1905 ordinis
958 1870 1162 1920 conspicitur.
1193 1873 1306 1919 Qare
1320 1879 1376 1904 aut
1391 1868 1580 1917 capillitium
1595 1869 1672 1904 illud
1692 1869 1780 1905 forte

394 1923 427 1955 in
446 1919 634 1954 humoribus
645 1920 729 1954 oculi
744 1919 799 1954 sibi
813 1918 994 1963 accersunt,
1011 1931 1067 1955 aut
1083 1930 1170 1955 certe
1180 1931 1296 1969 magna
1304 1917 1434 1968 pupillae
1451 1918 1600 1954 dilatatio
1610 1947 1620 1962 ,
1632 1931 1668 1954 ac
1680 1929 1782 1970 vege.

397 1973 422 2004 ti
436 1968 519 2003 illius
531 1969 660 2004 luminis
675 1969 861 2004 scintillatio
873 1968 906 2002 id
927 1967 1080 2004 sideribus
1095 1967 1229 2020 affingit.
1776 2010 1780 2016 ,

437 2019 500 2052 Sed
514 2047 522 2061 ‚
535 2020 658 2064 inquies
676 2047 686 2061 ‚
708 2018 857 2054 nonnulli
879 2017 1017 2064 planetae
1034 2016 1228 2061 scintillant,
1243 2029 1281 2053 ut
1299 2019 1426 2062 venus,
1448 2023 1483 2056 &
1497 2029 1608 2054 tamen
1627 2018 1692 2055 haec
1705 2023 1782 2068 pto-¹

400 2070 468 2116 pria
490 2066 558 2101 luce
572 2080 638 2101 non
659 2066 782 2115 fulget:
795 2080 868 2101 cum
883 2065 1009 2101 easdem
1027 2079 1112 2115 pene
1121 2066 1245 2116 phases,
1257 2067 1434 2105 &luminis
1453 2071 1652 2104 incrementa
1665 2068 1779 2103 subeat

399 2129 467 2164 quae
485 2115 560 2150 luna
572 2129 580 2150 ε
595 2127 630 2150 ιιι
642 2115 722 2151 tubo
734 2118 844 2165 optico
853 2115 1143 2163 deprehendimus:
1161 2130 1239 2167 ergo
1251 2130 1290 2153 ex
1301 2115 1526 2155 scintillatione
1538 2131 1604 2154 non
1617 2116 1687 2152 satis
1701 2128 1780 2165 apte

401 2165 581 2214 colligimus
593 2163 694 2199 stellas
713 2167 843 2214 propria
856 2164 927 2199 luce
947 2164 1081 2213 fulgere.

438 2215 529 2262 Resp.
553 2216 596 2249 Ex
608 2211 857 2256 scintillatione,
873 2211 894 2248 si
907 2212 971 2249 sola
987 2213 1062 2250 elset
1076 2245 1084 2258 ‚
1102 2229 1169 2252 non
1189 2215 1446 2251 demonstratum
1469 2217 1506 2249 iri
1527 2214 1627 2250 stellas
1651 2218 1780 2264 propria

400 2264 475 2298 luce
488 2264 608 2298 micare
622 2276 630 2297 :
655 2261 708 2298 sed
722 2275 795 2298 curn
811 2262 994 2298 scintillatio
1009 2266 1040 2299 in
1055 2267 1090 2299 iis
1107 2265 1141 2300 fit
1157 2266 1331 2313 conjun&a
1350 2277 1423 2300 cum
1438 2263 1590 2299 immensa
1614 2264 1634 2300 a
1650 2265 1714 2301 sole
1729 2265 1781 2299 di-

402 2314 514 2346 stantia
528 2323 685 2360 ,cumque
698 2315 810 2348 Venus
830 2318 863 2349 &
883 2314 1061 2348 Mercurius
1075 2313 1132 2349 sint
1143 2313 1205 2350 soli
1220 2317 1409 2355 viciniores,
1421 2325 1457 2346 ac
1475 2312 1562 2348 forte
1581 2326 1619 2348 ex
1645 2315 1780 2350 materia

403 2361 483 2395 tersa
498 2366 530 2399 &
542 2360 642 2397 solida
654 2363 811 2408 constent,
826 2375 891 2399 non
901 2364 1020 2399 mirum
1030 2364 1077 2399 est
1091 2362 1302 2413 sthi-planeta:
1312 2360 1480 2397 scintillare
1494 2363 1674 2400 videantur,
1689 2364 1782 2401 Adde
