1878 2724
560 139 729 182 PARS
759 143 995 183 TERTIA:
1420 157 1439 188 9

64 192 172 235 ‘iucem
183 193 229 233 rei
240 194 358 246 magna
367 192 562 231 obscuritate
577 195 733 231 involutae
746 195 860 232 afferre
881 195 1015 245 possunt.
1401 160 1418 196 ς
1439 159 1462 196 9

111 249 218 283 Prima
227 247 270 282 est
280 246 361 282 fixos
371 246 495 281 colores
509 256 576 280 tum
587 257 741 294 apparere
751 274 760 289 ‚
778 258 852 281 cum
872 246 925 280 lux
940 258 1012 281 eam
1030 241 1127 280 subiit
1140 247 1307 281 materiem
1322 255 1455 284 tenuem

69 301 105 333 &
122 296 315 344 pellucidam
330 324 340 339 ‚
378 308 424 330 uae
434 294 558 330 colores
574 294 653 342 ipsos
666 306 812 344 procreat
822 322 833 338 ,
845 299 879 332 δι
889 293 962 331 satis
971 306 1090 342 vegeta
1102 295 1141 329 ad
1151 294 1260 330 oculos
1269 296 1390 330 nostros
1403 309 1457 332 re-

67 343 226 383 fleaimr.
239 345 340 393 Qod
352 307 467 381 sienim
478 347 607 393 proprie
623 348 658 381 &
670 345 711 379 ad
731 343 838 393 legem
856 346 1001 379 veritatis
1017 344 1110 392 loqui
1133 343 1279 379 volumus
1291 373 1301 387 ,
1321 356 1458 392 corpora.

67 406 143 442 quae
153 408 220 431 non
235 394 342 430 lucent
351 405 408 442 per
419 393 450 429 se
461 393 627 438 ‚colorum
643 393 712 428 sunt
728 395 891 442 expertia:
904 392 979 430 cum
987 392 1134 428 colorum
1152 404 1263 428 natura
1275 395 1306 428 in
1317 393 1380 441 ipsa
1394 395 1459 428 im-

69 441 232 491 preffione
244 456 309 492 qua
321 443 374 478 lux
384 455 470 478 certa
481 444 607 478 ratione
617 442 804 480 modificata
817 441 911 479 visus
923 454 1078 492 organum
1091 442 1385 493 percellit‚omnino
1397 456 1459 491 po-

67 491 125 527 fita
135 493 294 530 videatur.
305 493 406 544 Qod
418 494 517 541 igitur
533 492 580 526 est
597 504 707 541 expers
719 491 861 535 luminis,
875 493 908 527 id
920 491 1053 527 oculum
1061 492 1148 528 nullo
1160 491 1270 527 colore
1282 489 1404 536 afficit3
1419 504 1458 527 ac

69 539 125 577 nisi
133 541 205 577 satis
215 542 320 578 valida
336 555 374 577 ea
386 541 422 577 fit
437 543 458 577 ὲ.
476 539 598 577 reflexo
611 540 732 577 lumine
749 539 933 589 impreffi0,
949 543 1003 576 vix
1019 540 1075 576 illa
1091 543 1276 590 percipitur.
1300 543 1352 576 Sic
1373 543 1458 576 vitra

68 602 139 637 quae
150 593 183 627 in
196 590 285 627 sacris
293 590 414 626 aedibus
434 591 550 626 vividis
567 589 691 626 imbuta
701 589 864 626 coloribus
881 601 1056 639 apparent,
1076 602 1150 625 cum
1169 592 1253 626 intus
1265 590 1460 638 sperantur,

68 641 127 675 vix
146 640 225 675 foris
243 639 300 676 sub
309 639 461 675 obtutum
476 641 614 676 cadunt:
628 640 764 675 multum
773 641 862 675 enim
880 639 958 674 lucis
975 638 1143 675 introrsum
1162 642 1245 678 vitra
1263 639 1368 683 subit,
1384 651 1460 688 quse

66 687 150 724 foris
167 689 321 734 advenit3
334 702 503 739 perparum
516 701 554 725 ex
566 702 604 725 ea
618 688 794 724 extrorsum
806 687 989 726 reflectitur.

106 739 158 773 sic
170 737 378 782 carbunculi,
388 744 421 776 ὃς
430 738 501 774 aliae
509 750 646 788 gemmae
657 738 799 773 colorem
811 739 1003 773 vividiorem
1013 750 1164 786 regerunt
1172 768 1182 783 ,
1199 737 1299 786 quam
1313 740 1393 774 vitra
1406 738 1458 773 iis-

68 786 145 822 dem
155 787 317 823 coloribus
326 788 447 824 infecta
459 816 469 833 ,
478 789 682 837 quodmajor
695 790 730 822 in
746 788 884 836 gemmis
899 785 934 822 fit
947 787 1099 824 refractio
1111 805 1120 832 3
1133 788 1218 822 unde
1228 790 1348 822 vitrum
1366 786 1457 822 simili

70 835 181 870 colore
195 836 357 872 imbutum
370 866 379 881 ,
398 842 433 874 &
450 839 568 872 eodem
579 837 679 872 modo
690 836 823 871 incisum
841 835 943 884 plures
965 837 1070 872 radios
1086 836 1284 873 transmittit.
1304 838 1392 872 Hinc
1403 835 1459 871 fo-

70 883 114 919 iia
133 888 256 934 argenti
274 885 373 920 rubro
384 885 493 921 colore
501 885 618 921 imbuti
630 883 751 919 rubinis
763 884 971 932 subjiciuntur
989 899 998 920 :
1013 885 1078 920 haec
1094 896 1244 933 regeruut
1259 884 1387 920 luminis
1408 897 1460 919 ra-

69 933 153 977 dios,
164 936 220 981 qui
231 935 270 968 ad
282 934 451 969 secundam
465 933 563 982 usque
575 932 775 982 superficiem
791 943 1013 981 penetrarunt.
1035 934 1137 981 Qod
1155 933 1175 972 fi
1186 945 1315 982 gemma
1330 935 1365 969 in
1384 933 1459 969 vase

69 984 152 1030 aqui
166 982 265 1031 pleno
275 982 314 1018 fic
323 994 453 1032 aptetur
464 1012 474 1027 ,
486 995 523 1019 ut
540 983 694 1032 posterior
707 981 791 1017 illius
810 981 986 1030 superficies
996 995 1115 1030 aquam
1134 994 1244 1031 tangat
1256 1011 1266 1026 ‚
1289 993 1356 1017 tum
1374 982 1461 1019 mul-

70 1041 139 1067 tum
150 1031 323 1080 splendoris
334 1035 456 1067 amittit
469 1059 479 1074 ,
493 1033 582 1079 quod
598 1043 712 1080 magna
723 1043 794 1079 pars
813 1031 941 1066 luminis
955 1031 1114 1080 &gemma
1126 1033 1159 1067 in
1168 1043 1286 1078 aquam
1301 1031 1461 1079 pertrans-

69 1091 124 1115 eat
135 1098 144 1125 ;
157 1093 232 1116 nam
242 1080 394 1116 refractio
408 1093 478 1129 quae
496 1080 532 1116 fit
544 1083 576 1115 in
586 1092 714 1129 gemma
724 1108 734 1123 ,
746 1092 812 1114 nou
821 1079 926 1115 multo
937 1085 1040 1128 major
1055 1080 1099 1114 est
1110 1091 1148 1113 ea
1159 1092 1228 1127 qua:
1243 1082 1275 1114 in
1285 1091 1369 1127 aqua
1385 1077 1463 1115 effi-

70 1131 159 1165 citur.
173 1131 216 1165 Ea
227 1141 345 1178 nempe
354 1130 397 1165 est
413 1131 494 1164 ratio
507 1142 575 1177 quae
594 1141 675 1176 5aut
690 1130 815 1164 circiter
826 1129 866 1163 ad
879 1143 902 1175 4
921 1144 930 1172 -,
952 1140 989 1163 ac
1006 1128 1111 1165 multo
1125 1131 1232 1163 minor
1247 1130 1309 1163 erit
1330 1129 1404 1163 vitri
1421 1129 1463 1163 ad

71 1189 188 1225 aquam
202 1180 371 1226 proportio
387 1207 396 1222 ,
410 1177 530 1213 scilicet
543 1189 579 1212 ut
593 1182 611 1214 8
625 1179 665 1212 ad
686 1193 714 1223 9.
742 1178 843 1214 Unde
859 1183 892 1214 δι
911 1177 1000 1213 color
1015 1177 1120 1213 multo
1137 1180 1198 1211 erit
1219 1176 1417 1226 languidior,
1440 1176 1463 1212 fi

94 1239 210 1261 emmae
225 1229 299 1262 vitri
310 1227 440 1262 factitiae
450 1239 532 1273 aqua
548 1226 742 1274 subjiciatur·
754 1226 818 1261 Sed
830 1227 959 1260 vividus
970 1227 1106 1270 est‚cum
1116 1225 1229 1261 folium
1240 1227 1364 1275 argenti
1377 1224 1464 1262 fimi-

69 1238 212 1310 {colore
225 1278 364 1311 tinctum
374 1276 445 1311 huic
455 1274 572 1311 subest.
587 1277 695 1322 Atque
709 1286 751 1311 ex
769 1287 809 1309 eo
824 1274 919 1311 fonte
940 1274 1083 1323 plurimae
1101 1274 1246 1310 colorum
1265 1277 1461 1311 niutrtiones

71 1324 237 1361 ducuntur.
247 1327 424 1373 Perpaucas
442 1336 493 1360 ex.
508 1336 558 1373 gr.
575 1323 757 1360 afferamus.
788 1323 844 1358 Sol
858 1336 915 1372 per
928 1323 1106 1360 densiorem
1129 1324 1254 1359 fumum
1272 1322 1463 1372 conspectus

72 1374 198 1408 videtur
209 1373 304 1409 ruber
319 1390 329 1417 ·,
348 1372 399 1408 sed
415 1373 522 1408 furnus
536 1373 686 1408 caeruleus
700 1385 739 1420 ap
765 1372 870 1407 arebir
881 1402 890 1419 ‚
903 1372 924 1406 si
935 1376 1099 1416 cominus,
1118 1378 1152 1409 ὃ(
1163 1372 1262 1408 aversi
1272 1372 1292 1408 ὲ
1303 1372 1368 1407 sole
1387 1386 1462 1409 eum

69 1422 445 1465 intueamur,dumrnod0
457 1421 540 1456 ultra
549 1421 673 1457 furnum
684 1420 728 1457 ob
743 1423 848 1457 curior
859 1420 895 1456 sit
904 1421 1008 1458 locus:
1021 1423 1106 1470 quod
1123 1422 1197 1458 lucis
1217 1421 1395 1470 languidior
1404 1421 1464 1459 fiat

71 1470 214 1514 reflexio,
226 1471 282 1506 ubi
293 1482 417 1519 partem
428 1476 494 1514 ejus
505 1469 736 1518 fumialiquam
753 1468 899 1518 pervasit.
930 1472 980 1505 Sic
990 1470 1105 1506 ceruslit
1114 1484 1184 1518 quae
1194 1473 1285 1519 nigro
1300 1470 1409 1506 colore
1422 1483 1463 1506 ex

72 1518 180 1554 oleosa
197 1519 335 1568 fuligine
347 1531 459 1568 parato
470 1519 583 1553 leviter
595 1519 657 1554 fuit
667 1519 974 1562 infeaa,caeruleum
985 1519 1119 1555 exhibet
1129 1520 1283 1557 colorem.
1297 1522 1366 1555 Lux
1375 1522 1463 1555 enim

73 1579 202 1603 tenuem
216 1568 356 1618 fuliginis
369 1567 566 1616 superficiem
575 1579 724 1614 penetrat
736 1579 907 1615 antequam
922 1581 960 1602 ex
971 1569 1103 1604 candida
1116 1568 1310 1612 refleetatur,
1322 1580 1462 1615 cumque

73 1616 194 1653 reflexa
209 1620 324 1652 iterum
340 1616 450 1651 subeat
462 1627 565 1651 atram
585 1616 672 1650 illam
684 1616 885 1664 pelliculam,
903 1616 1039 1652 multum
1051 1616 1220 1652 debilitata
1233 1618 1271 1651 ad
1288 1617 1399 1652 oculos
1419 1617 1464 1652 us-

72 1678 138 1712 que
149 1669 300 1715 pervenit
311 1680 319 1702 :
330 1666 412 1700 adeo
420 1677 454 1699 ut
465 1665 633 1700 caeruleum
644 1671 675 1701 &
688 1667 780 1714 nigro
791 1666 933 1700 vicinum
943 1666 1052 1700 induat
1064 1665 1219 1702 colorem.
1231 1667 1320 1701 Idem
1336 1666 1420 1702 forte
1430 1669 1462 1703 in

72 1726 148 1748 aere
161 1717 323 1765 contingit
335 1744 343 1758 ‚
361 1726 435 1753 cum
449 1713 500 1748 lux
510 1713 573 1751 alte
588 1726 662 1749 eum
674 1716 857 1765 penetravit
868 1743 877 1761 ,
898 1719 931 1752 &
945 1713 963 1750 a
973 1714 1160 1751 tenuiffimis
1172 1714 1363 1767 corpusculis
1373 1715 1463 1752 refle-

77 1763 183 1802 elizur,
669 1772 672 1773 ’

109 1814 188 1847 Nou
201 1810 343 1848 dissimili
359 1814 482 1850 ratione
502 1813 579 1862 lapis
596 1813 767 1855 Astroites,
789 1826 889 1861 quem
912 1812 1012 1862 vulgo
1027 1814 1172 1861 gyrasble
1192 1824 1330 1857 vocant,
1356 1816 1464 1849 varios

73 1860 207 1896 exbibet
218 1861 342 1896 colores
353 1892 361 1905 ‚
373 1873 407 1896 ut
417 1861 532 1898 lumini
542 1864 630 1896 varie
648 1864 824 1910 exponitur.
850 1865 939 1899 Nan]
949 1863 1116 1908 objectum
1132 1862 1272 1897 lucidum
1284 1891 1293 1905 ,
1315 1875 1371 1898 aut
1395 1864 1464 1898 for.

74 1912 155 1944 tiore
167 1910 288 1946 lumine
300 1912 426 1946 radians
437 1923 523 1947 trans
541 1911 631 1947 illum
643 1910 786 1959 lapidem
797 1911 896 1946 rubro
908 1922 961 1946 aur
975 1910 1067 1947 flavo
1085 1911 1194 1945 colore
1206 1912 1346 1946 tinch-im
1364 1924 1468 1960 appa-

73 1970 124 1992 ret
134 1975 143 2001 ·,
152 1957 172 1992 fi
183 1959 353 1993 obscuriori
362 1960 435 1993 loco
449 1960 636 1995 obverratur
649 1989 658 2002 ‚
669 1960 836 1995 caeruleum
846 1959 991 1995 colorem
1002 1959 1105 2003 dabit,
1119 1960 1189 1994 fere
1201 1971 1236 1994 ut
1254 1960 1294 1993 de
1311 1960 1398 2009 ligno
1410 1973 1466 1996 ne-

74 2006 213 2054 phritico
232 2006 381 2042 diximus.
394 2010 484 2043 Nam
493 2021 575 2054 aqua
588 2010 638 2041 cui
650 2008 711 2042 hoc
727 2008 849 2055 lignum
863 2008 1000 2044 infusum
1025 2009 1086 2042 fuit
1100 2037 1108 2050 ‚
1139 2008 1247 2056 phiala
1263 2008 1466 2057 oblongioris

73 2054 150 2089 colli
161 2054 305 2089 conclusa
314 2054 433 2089 flavum
443 2056 585 2089 colorem
596 2055 743 2097 exhibet,
756 2055 811 2090 ubi
824 2059 944 2092 vitrum
956 2057 1002 2091 est
1015 2057 1185 2104 angustius,
1194 2055 1289 2091 rubet
1298 2069 1380 2103 aqua
1394 2070 1468 2092 cum

73 2102 197 2138 densior
213 2103 260 2137 est
276 2102 354 2144 ;ubi
365 2103 446 2137 ultra
457 2103 597 2150 phialam
609 2101 771 2138 obscurior
783 2105 825 2138 est
837 2104 941 2148 locus,
962 2104 1113 2138 caeruleus
1134 2104 1225 2139 color
1244 2103 1274 2139 se
1289 2106 1464 2140 videndum

72 2151 198 2200 praebet
212 2166 220 2187 :
235 2151 287 2186 sed
302 2152 385 2186 adeo
395 2151 447 2186 hic
455 2152 569 2186 debilis
582 2152 628 2190 ,est
641 2180 649 2194 ‚
667 2163 702 2186 ut
715 2150 734 2185 fi
753 2165 866 2201 corpus
877 2153 988 2188 album
1001 2154 1032 2187 in
1049 2154 1158 2188 medio
1172 2166 1259 2201 aquae
1269 2153 1469 2197 collocetur,

74 2202 106 2234 in
119 2213 158 2235 eo
171 2200 243 2235 loco
252 2203 379 2249 penitus
397 2200 506 2235 deleat
517 2201 660 2239 colorem
674 2201 842 2238 caeruleum
872 2202 972 2252 Qd
993 2200 1012 2235 si
1034 2214 1200 2250 perparum
1218 2202 1309 2249 hujus
1330 2202 1466 2249 liquoris

73 2251 161 2284 vitro
170 2249 267 2296 plano
281 2248 449 2293 affuderis,
465 2249 796 2285 caeruleumscolorem
817 2249 909 2285 dabit
931 2279 939 2294 ,
972 2251 1149 2284 dummodo
1169 2249 1332 2284 obscurior
1351 2250 1469 2286 umbra

73 2296 155 2331 ultra
165 2300 355 2346 porrigatur.
371 2298 501 2344 Qodsi
512 2298 638 2344 aiiquot
653 2309 758 2345 guttas
777 2299 898 2348 spiritus
916 2298 1064 2332 aluminis
1083 2298 1157 2332 huic
1176 2298 1293 2345 liquori
1306 2297 1471 2343 affimdas·,

72 2346 223 2380 caeruleus
240 2346 328 2380 color
342 2344 511 2381 evam-scer
526 2376 534 2389 ‚
553 2360 618 2381 non
636 2348 713 2380 item
727 2347 823 2382 ruber
835 2359 889 2382 aur
911 2347 1030 2381 '‘'avust
1047 2346 1133 2393 quod
1149 2345 1237 2386 forte
1251 2349 1386 2381 materia
1400 2360 1472 2393 qua:

72 2393 244 2430 caeruleum
257 2395 400 2432 colorem
429 2394 553 2440 efficit,
573 2393 700 2431 facilius
714 2395 917 2433 diffolvatur:
938 2395 990 2431 sed
1013 2394 1125 2431 oleum
1139 2397 1251 2431 tartari
1268 2394 1352 2432 hunc
1381 2395 1469 2432 colo-2
