1878 2724
607 129 634 167 P
648 130 676 167 Α
686 128 719 165 R
732 131 754 166 S
790 130 822 168 T
833 129 857 166 Ε
875 129 907 165 R
921 131 952 167 T
968 130 983 164 1
998 131 1039 169 A.
1442 135 1460 164 6

102 181 146 218 ab
170 181 294 217 arteriis
318 180 484 231 exsugant.
520 183 559 218 Et
578 180 710 228 quidem
732 181 764 216 id
787 179 1052 216 verisimillimum
1079 180 1207 216 videtur
1220 209 1229 223 ,
1246 175 1309 216 hoc'
1332 147 1492 229 quidquid<

101 232 149 267 est
160 260 170 274 ‚
182 243 249 279 quo
258 230 348 267 cibus
357 231 533 279 subigitur,
553 230 655 266 salinae
669 227 731 264 esse
750 240 888 273 natum,
907 228 959 264 seu
974 230 1100 265 acidum
1111 228 1147 265 fit
1161 259 1171 274 ‚
1195 229 1248 265 seu
1266 242 1338 264 ecre
1351 259 1360 273 ‚
1385 229 1435 264 seu
1451 243 1491 266 ex

102 292 242 328 utroque
257 291 484 329 temperatum.
505 283 595 317 Nam
611 278 642 313 id
656 278 750 313 valde
762 290 932 328 penetrans
946 278 1007 322 est,
1027 284 1060 315 ὅ(
1071 278 1236 315 actuosum
1247 308 1256 322 ,
1276 279 1366 327 quod
1380 278 1440 314 offa
1455 285 1491 317 &

99 323 245 365 duriores
256 329 348 367 cibos
363 341 428 364 tam
439 332 504 364 cito
514 328 659 364 exsolvit.
671 326 770 363 Fibrae
788 331 893 365 etiam
903 327 1039 375 copiosae
1054 330 1087 362 in
1105 330 1199 363 tertia
1214 327 1388 364 ventriculi
1404 331 1489 364 tuni-

99 391 138 414 ca
149 379 287 414 multum
297 379 471 415 conferunt
488 379 526 413 ad
541 377 830 413 fermentationem
846 405 856 420 ‚
877 382 912 414 &
927 379 1219 414 comminutionem
1234 377 1464 413 alimentorum
1479 393 1488 414 :

99 429 227 463 uticum
241 426 336 463 malfa
345 428 505 463 farinacea
518 426 669 463 manibus
679 425 846 475 subigitur.

134 477 252 523 Quare
262 489 342 526 potu
352 506 362 521 ,
386 476 522 512 humore
531 478 598 511 acri
610 505 620 519 ,
631 481 664 513 &
681 474 780 512 salino
798 478 834 516 in
847 474 1030 511 ventriculo
1040 474 1158 513 imbuti
1176 476 1241 512 cibi
1260 479 1291 511 in
1306 478 1465 511 cineream
1476 506 1489 521 ‚

98 529 134 563 ὅ(
149 527 299 562 tenacem
307 525 431 561 abeunt
443 524 658 561 substantiam.
683 524 785 560 Calor
802 525 917 559 itidem
931 525 1116 561 moderatus
1142 520 1199 573 qu‘i
1214 525 1425 562 ventriculum
1439 526 1488 560 fo-

98 587 156 610 vet
170 593 179 619 3
200 574 280 610 liber
295 573 448 611 halitibus
459 576 559 609 exitus
573 571 832 610 fermentationis
843 586 922 622 opus
930 587 996 609 non
1006 575 1213 610 mediocriter
1223 577 1261 610 ad
1261 581 1388 624 juvant.
1399 577 1488 610 Nam

94 620 136 664 'ad
153 624 443 659 fermentationem
453 623 517 659 haec
534 626 694 673 praecipue
707 625 908 672 requiruntur
918 651 930 667 ,
940 634 1023 672 aqua
1036 623 1184 673 copiosa,
1203 625 1290 661 calor
1304 625 1490 668 mediocris,

96 677 131 710 ἔ(
148 675 227 707 aeris
240 672 322 707 liber
334 674 452 709 aditus.
753 675 756 677 ’

136 724 224 757 Hinc
235 725 308 757 vina
321 722 444 757 acidula
463 722 559 772 longe
576 721 670 757 citius
690 721 942 758 fermentescunt
958 737 966 759 :
987 721 1026 757 fic
1037 721 1252 765 Rhenanam,
1277 722 1365 770 quod
1383 722 1490 758 multo

95 771 286 820 phlegmate
300 769 444 806 abundat
456 802 466 816 ‚
493 771 587 807 citius
611 770 830 807 fermentescit
844 800 854 815 ‚
872 771 972 819 quiim
986 773 1097 807 vinum
1112 771 1334 820 Hispanicum.
1351 774 1485 820 Quique

94 820 214 869 frigido
225 823 290 855 aeri
300 832 504 869 exponuntur
514 821 654 869 liquores
666 850 676 864 ‚
687 832 741 855 aut
752 820 858 855 calore
870 823 961 856 omni
974 821 1182 864 destituuntur
1199 849 1209 863 ,
1221 833 1275 855 aut
1286 819 1361 856 valis
1376 822 1487 856 occlu-

93 868 129 904 sis
142 872 348 905 continentur
357 898 368 912 ,
387 871 440 904 vix
451 868 577 918 potsunt
586 869 784 904 fermentari.
795 872 869 906 Nec
880 870 949 904 fere
961 869 998 904 fit
1011 869 1073 903 ulla
1086 869 1296 904 fermentatio
1305 869 1360 904 nisi
1373 872 1405 904 in
1416 883 1486 905 am-

93 917 435 966 plioribusvafisNam
467 930 550 952 artes
563 918 693 964 liquoris
706 919 788 951 intra
799 918 929 952 fluidum
940 930 1006 953 non
1020 917 1114 953 facile
1127 929 1352 960 moventur,ac
1362 918 1489 954 neceffe

92 966 137 1002 est
148 978 184 1002 ut
191 966 261 1002 aliis
273 932 502 1001 accedentibus
515 966 585 1002 aliae
595 966 713 1001 cedant
727 965 800 1001 loco
815 982 825 1009 3
841 967 929 1014 quod
946 969 1059 1013 utique
1072 965 1108 1001 fit
1121 979 1177 1014 pet
1188 968 1292 1001 varios
1305 972 1338 1004 &
1348 971 1486 1016 vertigi-

93 1014 190 1053 nosos
203 1027 308 1051 motus
322 1044 332 1059 ‚
349 1016 427 1050 dum
439 1027 544 1063 partes
564 1015 634 1049 aliae
647 1014 723 1049 alias
741 1016 938 1063 impediunt,
963 1021 997 1052 &
1015 1015 1176 1063 repellunt
1188 1044 1200 1058 ‚
1223 1028 1330 1063 neque
1351 1017 1435 1052 adeo
1451 1018 1485 1052 hi

92 1077 202 1101 motus
213 1067 245 1099 in
257 1063 374 1099 tubulis
385 1092 395 1107 ,
410 1063 462 1099 sed
475 1067 508 1098 in
516 1062 730 1112 amplioribus
742 1063 847 1112 spatiis
868 1063 1083 1113 perficiuntur.

126 1117 169 1150 Ex
182 1116 218 1148 iis
235 1116 336 1148 etiam
352 1113 457 1160 liquet
467 1125 522 1147 cur
534 1115 567 1148 in
588 1111 745 1161 plerisque
760 1113 980 1149 animantibus
991 1126 1077 1161 ‚quae
1088 1113 1196 1149 herbis
1215 1113 1400 1163 pascuntur,
1411 1128 1483 1151 tan-

92 1175 142 1198 tus
158 1162 193 1198 fit
204 1161 456 1198 ventriculorum
469 1164 786 1210 apparatus.Primus
798 1164 886 1198 enim
903 1168 936 1200 &
948 1165 1105 1198 maximus
1122 1164 1388 1210 instarcujusdam
1406 1165 1487 1200 sacci

90 1212 284 1249 alimentum
303 1209 510 1260 excipit‚ubi
525 1210 673 1246 nonnihil
706 1223 897 1259 raeparamr,
919 1217 953 1249 ὅ(
967 1214 998 1246 in
1024 1224 1059 1246 os
1072 1212 1301 1248 masticandum
1328 1227 1385 1262 per
1401 1213 1485 1248 oeso-

92 1262 234 1310 phagum
247 1261 353 1308 postea
363 1261 516 1309 rejicitur.
530 1262 618 1295 Hinc
634 1224 745 1296 melius
761 1259 929 1295 stibadium
943 1263 977 1296 in
994 1263 1134 1309 primum
1153 1264 1268 1297 iterum
1282 1263 1464 1298 demittitur
1474 1294 1484 1308 ,

89 1322 161 1346 tum
170 1313 204 1345 in
213 1309 382 1344 secundum
398 1338 408 1353 ,
421 1311 550 1345 tertium
562 1314 596 1346 &
605 1321 753 1356 quartum
766 1310 994 1348 ventriculum.
1006 1312 1105 1346 Primi
1118 1310 1288 1346 ventriculi
1312 1315 1420 1347 tunica
1438 1315 1486 1347 in-

93 1362 190 1394 terior
201 1388 209 1403 ‚
224 1364 258 1393 ut
277 1358 391 1393 diserte
403 1358 543 1406 explicat
557 1361 595 1394 D.
610 1359 777 1398 Permult,
791 1373 858 1395 non
869 1359 1030 1408 aequabilis
1044 1360 1086 1395 est
1097 1365 1130 1397 δε
1140 1360 1224 1395 laevis
1235 1390 1243 1404 ‚
1259 1360 1311 1395 sed
1322 1361 1484 1409 particulis

92 1408 192 1444 firmis
208 1414 240 1444 δε
252 1407 359 1442 solidis
370 1408 477 1456 aspera
488 1437 498 1451 ‚
514 1408 632 1455 quibus
643 1407 754 1443 herbae
764 1409 868 1444 adhuc
880 1410 1022 1454 duriores
1037 1421 1114 1444 ante
1123 1410 1382 1446 masticationem
1394 1410 1484 1446 velut

90 1460 124 1493 in
142 1469 226 1493 crate
240 1457 343 1492 ferrea
357 1457 546 1493 sustinentur
555 1487 565 1499 ,
578 1463 610 1495 δι
622 1460 732 1506 primae
743 1460 884 1494 coffioni
894 1470 1123 1507 praeparantur.
1138 1463 1174 1494 In
1184 1451 1274 1506 equis
1289 1461 1345 1507 qui
1359 1474 1424 1494 non
1434 1472 1486 1494 ru*

90 1509 216 1543 minant
230 1507 361 1554 quidem
371 1536 380 1549 ,
397 1506 448 1540 sed
461 1505 568 1541 herbis
583 1507 749 1542 vescuntur
761 1537 770 1549 ‚
784 1520 862 1554 quas
872 1509 1067 1543 masticando
1079 1521 1146 1542 non
1158 1507 1230 1542 satis
1244 1507 1396 1555 exquisite
1407 1521 1484 1543 eon-

90 1556 204 1591 cidunt
215 1585 223 1599 ‚
241 1555 354 1590 callosa
366 1556 408 1590 est
420 1560 454 1592 &
466 1555 541 1590 dura
553 1557 722 1590 ventriculi
738 1559 843 1591 tunica
857 1586 867 1601 ,
884 1568 951 1591 tum
967 1569 1008 1591 ne
1022 1555 1196 1591 herbarum
1207 1557 1326 1591 aculess
1340 1557 1482 1602 laedarur,

92 1618 161 1641 turn
173 1606 313 1639 maxime
331 1616 368 1639 ut
378 1603 609 1651 conipreffione
626 1603 690 1653 ipsa
706 1605 831 1640 foenum
842 1635 851 1648 ,
872 1618 926 1641 ant
940 1614 1036 1641 &rana
1049 1608 1110 1640 rite
1125 1608 1396 1643 comminuantur.

128 1654 266 1689 Secundi
280 1653 448 1692 ventriculi
459 1655 592 1688 interior
604 1656 709 1689 tunica
721 1657 752 1689 in
767 1636 1001 1690 ruminantibus
1013 1658 1105 1689 variis
1117 1654 1207 1690 lineis
1222 1655 1371 1698 distincita
1380 1659 1484 1691 cerni-

91 1716 142 1738 tur
154 1732 163 1746 ,
183 1702 296 1751 figuras
311 1703 474 1737 delineant
486 1702 670 1751 hexagonas
683 1733 691 1746 ,
707 1706 905 1752 pentagona's
917 1734 926 1748 ,
944 1704 1114 1751 quadratas
1132 1733 1141 1747 ,
1165 1704 1251 1740 unde
1268 1709 1302 1741 &
1313 1697 1484 1739 reticulu'm

89 1754 217 1787 dicitur.
231 1753 293 1786 Hae
305 1752 440 1798 quidem
451 1751 540 1786 lineae
555 1763 706 1799 tanquam
722 1756 805 1786 inuri
823 1755 1005 1801 eriguntur,
1029 1758 1063 1788 &
1076 1751 1160 1800 quafi
1173 1741 1322 1788 dentibus
1336 1754 1484 1788 incidun-

91 1814 140 1836 tur
151 1831 159 1844 ‚
179 1812 213 1835 ut
225 1801 316 1835 iustu·
327 1813 358 1834 ra
365 1801 499 1835 strorum
513 1813 617 1849 partes
627 1800 804 1836 'herbarum
814 1803 957 1836 nondum
972 1801 1131 1836 diffolutas
1149 1801 1313 1851 colligant.

118 1853 247 1886 Tertius
263 1856 294 1886 &
307 1861 437 1896 quartus
455 1851 549 1883 variis
572 1849 659 1885 foliis
679 1850 930 1899 distinguuntur,
949 1853 1032 1885 inter
1061 1863 1132 1898 quae
1149 1851 1342 1893 alimentum
1368 1853 1484 1887 atilius

86 1902 254 1947 premitur.
272 1898 329 1933 Illa
341 1900 451 1946 utique
474 1898 554 1934 folia
574 1900 657 1933 miro
674 1898 810 1934 artificio
828 1901 844 1935 ὲ
859 1902 946 1934 tertii
960 1900 1134 1938 ventriculi
1152 1903 1305 1936 interiore
1320 1899 1484 1935 membra-

89 1953 130 1983 na
144 1948 300 1995 assurgunt
319 1962 328 1988 ·,
351 1959 458 1994 neque
480 1950 568 1983 enim
583 1947 711 1995 aequalis
728 1947 797 1983 sunt
815 1948 1005 1985 altitudinis.
1031 1950 1121 1985 Octo
1147 1949 1215 1984 sunt
1232 1952 1391 1992 maxima,
1414 1963 1484 1997 qux

89 1997 186 2044 usque
199 1997 238 2029 ad
252 2003 400 2030 centrum
416 1998 630 2043 porriguntur3
641 1998 776 2031 totidem
791 1997 860 2031 sunt
875 1997 1159 2043 parva5sexdecim
1179 1999 1365 2034 mediocria.
1379 1998 1484 2045 Qod

89 2044 109 2080 fi
123 2045 241 2083 eadem,
253 2041 358 2079 fuiffet
367 2046 513 2078 omnium
528 2044 697 2091 longitudo
708 2074 717 2086 ‚
730 2045 833 2079 multo
852 2045 978 2081 fuitsent
995 2045 1194 2081 confertiora
1209 2046 1313 2082 versus
1325 2058 1483 2089 centrum,

88 2094 186 2141 quani
196 2095 230 2128 in
242 2092 521 2127 circumferentia:
543 2093 642 2138 quam
658 2095 794 2127 minima
815 2096 909 2141 igitur
930 2094 1101 2129 intervalla
1125 2107 1227 2143 prope
1252 2095 1483 2130 circumferen-

89 2146 168 2178 tiam
178 2141 277 2190 posita
289 2142 429 2189 implent
441 2170 450 2184 ,
463 2147 495 2177 ει
507 2143 550 2175 ita
564 2139 635 2175 sunt
644 2141 787 2190 disposita
798 2171 807 2186 ,
827 2155 862 2177 ut
879 2142 969 2178 succo
979 2143 1117 2178 liberum
1132 2143 1294 2180 transitum
1306 2143 1485 2193 praebeant:

88 2205 159 2240 quae
171 2194 285 2237 utique
295 2190 395 2238 figura
411 2190 430 2225 ἐι
443 2189 562 2225 Clariis
573 2191 656 2224 Viro
666 2191 826 2229 delineata
838 2194 964 2239 optime
979 2194 1144 2239 exprimit.
1156 2194 1242 2228 Vide
1255 2193 1306 2240 frg.
1326 2207 1342 2227 2
1353 2220 1360 2227 .
1378 2192 1443 2229 tab.
1455 2209 1484 2237 7.

125 2242 246 2288 Qarti
263 2240 434 2274 ventriculi
451 2239 532 2273 folia
547 2241 641 2273 variis
654 2239 810 2287 glandulis
829 2243 911 2276 inter
927 2241 1132 2277 membranas
1150 2241 1288 2290 disperfis
1314 2241 1385 2277 sunt
1403 2254 1484 2277 con-

88 2289 205 2338 sperla3
222 2300 295 2336 quae
306 2290 416 2336 utique
430 2287 588 2335 glandulae
603 2290 634 2323 in
647 2288 715 2323 aliis
729 2291 913 2325 ventriculis
924 2289 1046 2327 desunt.
1064 2292 1173 2337 Atque
1188 2303 1226 2325 ea
1245 2292 1373 2326 ratione
1388 2290 1407 2325 a
1426 2303 1485 2326 na-

89 2350 156 2384 tura
168 2349 298 2373 cautum
311 2338 353 2383 est
366 2350 401 2372 ut
414 2337 603 2372 alimentum
622 2350 678 2386 per
694 2337 855 2386 longiores
873 2339 1034 2375 anfradms
1050 2339 1258 2387 pertransiens
1283 2368 1292 2382 ‚
1317 2338 1437 2374 diutius
1453 2343 1484 2376 in

88 2387 136 2423 his
147 2387 284 2432 haerear,
298 2387 412 2424 melius
423 2397 582 2435 coquatur
595 2415 605 2431 ,
626 2392 659 2425 &
674 2388 808 2424 tand‘em
827 2390 863 2430 in
874 2401 993 2437 quarto
1005 2388 1186 2424 ventriculo
1201 2395 1232 2427 δε
1247 2389 1401 2424 intestinis
1419 2401 1487 2437 qua:
