1878 2724
398 127 461 158 290
867 145 872 148 -
925 104 1269 152 ῬΗῙΫ8ῘΟΕ’

389 166 557 215 colloquio
567 163 771 214 conjiciebat.
788 163 909 209 Neque
923 159 966 197 ab
977 173 1016 197 ea
1026 160 1210 209 conjectura
1224 159 1322 208 louge
1335 156 1450 197 absunt
1461 166 1531 208 quat
1553 159 1587 196 in
1598 159 1698 201 calco
1707 158 1785 201 L-de

392 218 547 253 meteoris
562 214 676 262 scripta
697 212 780 248 sunt.
1254 259 1259 264 .

448 271 487 308 30
521 265 622 299 Linea
654 258 931 311 perpendicularis
966 257 1095 295 occursu
1125 256 1276 294 denfions
1297 267 1354 295 aut
1370 259 1497 295 rarioris
1526 260 1627 294 medii
1648 271 1718 296 non
1733 269 1786 298 te.

390 314 674 361 fringiturtneque
683 313 772 347 enim
782 307 847 346 ulla
857 307 902 345 est
916 311 1000 345 ratio
1019 320 1073 344 cur
1086 310 1120 343 in
1133 320 1230 344 unam
1247 317 1373 355 partem
1391 309 1496 356 potius
1521 310 1623 356 quam
1645 310 1677 343 in
1689 307 1785 344 aliam

390 361 585 398 mfledtatur.
605 360 690 410 Quo
705 372 816 395 autem
835 358 919 394 radii
931 356 1063 395 luminis
1074 357 1145 394 sunt
1158 355 1415 406 perpendiculari
1426 359 1611 408 propiores,
1638 355 1702 392 hoe
1722 359 1786 394 mi-

390 423 450 447 not
464 411 509 446 est
523 421 638 446 eorum
654 410 807 446 refraClzio
821 421 829 444 ε
845 408 930 444 unde
955 405 1054 444 sidera
1072 408 1190 443 vertici
1205 405 1314 442 nostro
1332 407 1480 454 proxima
1501 406 1625 445 nullam
1648 405 1786 444 subeunt

387 460 620 497 xefraffionem
635 473 642 495 :
657 459 709 494 sed
720 461 859 494 maxima
870 456 915 492 est
926 470 1026 506 prope
1037 457 1259 493 horizontem.
1411 494 1415 496 q

423 511 508 546 Haee
524 511 641 556 utique
657 511 769 544 omnia
795 519 834 543 ex
853 519 894 542 eo
906 509 1064 555 principio
1082 517 1215 542 manant
1226 534 1238 550 ‚
1251 504 1345 552 quod
1355 505 1434 541 radii
1451 504 1578 541 luminis
1594 517 1634 540 ex
1655 518 1729 542 aere
1749 508 1784 542 in

385 571 505 607 aquam
515 570 570 594 aut
579 560 700 594 vitrum
716 560 915 593 incurrentes
931 557 977 592 ita
986 556 1201 606 infringantur
1213 583 1222 598 ,
1243 566 1279 589 ut
1288 554 1328 588 ad
1339 554 1607 603 perpendiculum
1620 558 1722 603 magis
1735 568 1785 592 ac·

388 608 516 644 cedant.
529 609 655 643 Contra
667 607 821 642 recedunt
833 605 853 642 ὲ
862 605 1104 654 perpendiculo,
1116 603 1173 639 ubi
1185 616 1223 639 ex
1236 602 1321 651 aqua
1332 606 1364 638 in
1373 615 1481 638 aerem
1491 603 1645 643 subeunt:
1663 616 1786 640 utrum.

387 669 451 705 qne
469 658 626 694 constanti
636 657 836 705 experientia
845 655 1092 690 demonstratur.
1107 656 1198 690 Hinc
1209 651 1247 689 fit
1263 665 1299 688 ut
1317 665 1466 688 nummus
1477 655 1510 688 in
1527 653 1631 689 fundo
1644 651 1727 691 *vasta*
1740 651 1786 688 fic

385 704 505 755 positus
521 718 557 742 ut
571 705 613 741 ab
631 705 727 741 oculo
737 704 871 752 oblique
894 703 1066 752 spestantis
1081 704 1185 739 videri
1203 702 1341 750 amplius
1364 715 1430 737 non
1448 701 1543 749 poffit
1554 730 1565 746 ‚
1583 702 1682 739 affixsa
1701 714 1787 750 aqua

385 761 451 805 jam
465 754 520 791 sub
540 755 652 791 oeulos
664 756 851 792 veniat..Sit
861 756 949 789 enim
958 783 968 798 ,
994 764 1029 788 ut
1043 751 1207 802 perspicue
1217 750 1259 786 ab
1270 750 1341 785 aliis
1360 750 1425 786 fuit
1438 752 1636 800 explicatum
1647 781 1657 797 ,
1674 752 1786 787 oculus

386 807 436 850 A,
459 807 515 854 qui
537 803 576 842 fic
594 804 753 842 recefferit
764 803 786 841 ὲ.
800 801 872 840 vase
883 813 941 848 ‚ut
950 815 1124 840 nummum
1141 803 1176 838 in
1192 799 1298 835 fundo
1314 797 1391 835 vasis
1415 802 1448 836 D
1462 801 1648 836 existentem
1668 799 1787 837 intueti

1187 848 1322 898 amplius
1332 862 1397 884 non
1410 848 1611 898 poffinaffiifiz
1626 862 1709 898 aqua
1719 853 1788 897 jam

1203 911 1280 934 eum
1292 910 1412 935 cernet.
1424 901 1515 935 Nam
1525 901 1629 935 radius
1640 903 1673 937 D
1681 903 1706 936 E
1720 911 1787 935 non

1201 948 1290 984 reeta
1305 959 1420 996 perget
1433 951 1466 984 in
1475 951 1509 993 Ἐς
1522 947 1576 984 sed
1593 950 1637 983 ita
1656 950 1787 998 frange-

1204 1008 1304 1040 tur,ut
1315 999 1418 1045 magis
1436 997 1568 1033 recedat
1580 996 1601 1033 {2
1613 999 1787 1047 perpendi-

1201 1046 1274 1081 culo
1285 1048 1308 1082 B
1316 1046 1442 1090 C,ade0
1454 1059 1490 1082 ut
1505 1047 1610 1082 radius
1628 1048 1784 1084 refraetus

1202 1105 1375 1144 appareat,
1395 1097 1428 1130 in
1444 1097 1483 1140 1,
1509 1100 1543 1133 &
1557 1096 1734 1145 degeneret
1750 1098 1785 1134 in

1198 1146 1330 1180 vradiurn
1342 1146 1367 1180 E
1377 1144 1416 1181 A.

1215 1194 1342 1229 Contra
1350 1191 1371 1228 fi
1381 1205 1496 1241 corpus
1506 1191 1644 1230 lucidum
1653 1193 1688 1232 sit
1697 1198 1730 1233 in
1741 1198 1788 1242 Α,“

1204 1243 1318 1277 radius
1336 1241 1535 1289 AE‚oblique
1545 1254 1584 1278 ex
1595 1256 1668 1280 aere
1682 1248 1716 1281 in
1727 1259 1784 1282 vas

1198 1302 1283 1338 aqua
1295 1289 1426 1338 plenum
1436 1303 1491 1338 per
1506 1290 1655 1328 foramen
1668 1296 1691 1329 E
1701 1297 1784 1330 inci..

1197 1339 1357 1383 dens,non
1366 1339 1454 1374 retsta
1469 1352 1581 1388 perget
1599 1343 1634 1377 in
1645 1342 1722 1379 lzsed
1740 1346 1785 1380 ita.

1189 1387 1408 1437 ‘frangetunut
1418 1392 1519 1435 magis
1527 1390 1657 1427 accedat
1665 1392 1704 1426 ad
1716 1405 1784 1440 per.

1201 1437 1408 1487 pendiculum
1427 1439 1488 1473 BC
1499 1467 1509 1481 ,
1521 1437 1605 1473 adeo
1621 1452 1657 1477 ut
1674 1442 1781 1479 radius

1211 1486 1370 1522 refta&us
1385 1498 1539 1535 appareat
1549 1489 1581 1522 in
1593 1489 1638 1526 D.

887 1583 928 1627 ες
953 1584 983 1620 Α
1007 1586 1031 1621 P
1055 1584 1090 1622 U
1113 1586 1145 1622 T
1200 1587 1273 1622 IV.

930 1681 985 1716 De
1011 1681 1085 1718 tubo
1118 1685 1233 1732 optica.

390 1775 551 1862 CUm
562 1778 645 1812 inter
653 1779 804 1827 praeclata
820 1779 919 1815 nostri
935 1780 1025 1825 hujus
1039 1777 1139 1813 saeculi
1152 1780 1283 1815 inventa
1296 1781 1506 1829 telescopium
1529 1783 1647 1818 merito
1658 1783 1780 1819 habea-

388 1825 392 1829 *
481 1836 603 1868 tur‚nec
614 1832 789 1876 quicquam
802 1827 870 1863 fere
883 1827 919 1863 fit
929 1828 1037 1863 utilius
1048 1841 1116 1862 non
1125 1827 1164 1861 ad
1175 1826 1264 1862 usum
1277 1841 1401 1865 tantum
1413 1833 1537 1873 vitae,&
1548 1830 1588 1865 ad
1598 1834 1783 1880 navigatio-

393 1876 633 1922 nemimprimis
644 1904 653 1919 ,
670 1876 830 1912 sedetiam
840 1877 877 1911 ad
895 1877 1098 1912 scientiarum
1115 1882 1149 1913 &
1164 1877 1373 1913 Astronomiae
1386 1881 1543 1927 imprimis
1558 1891 1780 1928 augmentum,

393 1922 494 1969 quam
506 1922 600 1958 tubus
615 1928 741 1972 opticus
757 1954 767 1969 ,
784 1931 818 1962 &
830 1925 1077 1973 microscopium
1090 1953 1100 1968 ,
1121 1925 1208 1972 quod
1219 1927 1297 1962 nihil
1312 1929 1355 1963 est
1372 1940 1487 1977 ptaeter
1505 1927 1616 1963 tubum
1634 1931 1782 1977 opticum

392 1971 552 2006 inversum
568 1986 575 2007 :
599 1972 695 2008 nobis
713 1977 769 2022 qui
782 1973 944 2022 phyficam
956 1987 1022 2010 tum
1048 1974 1284 2012 contentiosam
1296 2005 1307 2020 ‚
1329 1989 1397 2012 tum
1411 1980 1485 2012 vita:
1500 1977 1647 2013 humanae
1665 1977 1785 2015 utilem

392 2021 518 2056 tradere
531 2021 662 2069 professi
673 2022 775 2058 sumus
789 2051 798 2065 ‚
817 2034 989 2070 utrumque
1002 2023 1064 2059 hoc
1077 2034 1194 2058 naturae
1208 2030 1241 2061 &
1255 2028 1331 2060 attis
1343 2026 1534 2062 miraculum
1546 2028 1698 2061 omittere
1712 2039 1784 2063 non

388 2068 484 2114 ‘licet3
499 2070 670 2117 praesertim
679 2084 753 2107 curn
767 2071 824 2107 soli
840 2072 1066 2107 Mathematici
1077 2072 1108 2106 id
1122 2072 1179 2108 fibi
1188 2072 1274 2121 quafi
1284 2078 1449 2124 proprium
1459 2076 1780 2122 vindicarint.Qan-

393 2131 491 2165 quarn
506 2132 521 2152 c
531 2132 577 2154 uae
591 2120 745 2156 hactenus
757 2120 778 2157 ὲ
791 2120 885 2156 nobis
897 2121 984 2156 dicia
1005 2121 1074 2156 sunt
1084 2150 1094 2165 ,
1121 2122 1271 2158 nonnihil
1286 2124 1363 2160 lucis
1376 2127 1422 2159 rei
1435 2123 1651 2159 tamobscurae
1668 2128 1701 2159 &
1711 2124 1783 2159 dif-v

394 2131 595 2204 ficiliafierre
606 2168 746 2217 possunt.
763 2171 826 2206 Sed
838 2183 884 2204 res
898 2170 959 2218 ipsa
977 2169 1073 2219 paulo
1089 2171 1262 2208 accuratitls
1278 2175 1443 2209 trafflmda
1454 2203 1463 2216 ,
1476 2184 1579 2219 eaque
1593 2172 1636 2205 est
1652 2171 1694 2206 ab
1711 2172 1779 2221 ipso

391 2216 488 2251 fonte
503 2219 676 2265 repetenda
696 2234 705 2256 :
733 2223 812 2268 Qo
824 2218 948 2254 veroid
964 2220 1167 2267 praestemus,
1185 2233 1224 2256 ex
1236 2224 1372 2258 tmEtatu
1390 2223 1429 2256 de
1448 2220 1527 2256 tubo
1547 2222 1659 2268 optico
1678 2233 1779 2269 quem

394 2269 439 2302 D.
453 2266 492 2301 de
516 2267 550 2300 la
563 2268 651 2302 Hire
665 2267 832 2304 nobiscum
852 2270 1108 2303 communicavit
1127 2298 1137 2313 ,
1170 2283 1207 2305 ea
1225 2270 1424 2319 potiffimsim
1447 2271 1655 2315 decerpemns
1668 2299 1677 2313 ‚
1703 2282 1779 2317 quae

395 2312 438 2347 ab
448 2315 600 2351 omnibns
613 2316 683 2352 fere
694 2318 832 2366 intelligi
845 2316 1026 2366 poffi1n13ex
1036 2318 1178 2367 eleganti
1187 2322 1287 2354 etiam
1306 2322 1442 2355 tractam
1453 2319 1492 2353 de
1503 2318 1666 2356 coloribus
1678 2331 1780 2368 nuper

396 2360 417 2397 ἒι
432 2365 477 2400 D.
489 2366 766 2417 Marione—edito,
782 2366 1008 2404 nonnullahoc
1020 2366 1093 2403 loco
1110 2367 1342 2405 mutuabimur.
1353 2399 1365 2417 s

1874 1152 1878 1225 ῌᾼῌᾼ
1871 1029 1878 1138 ι-μ-μ--ᾺἾ
1870 993 1878 1014 :v
1870 955 1878 972 ⁴.
1875 930 1878 938 .
1867 882 1869 902 Ν
1866 847 1867 850 ⁴
1876 814 1878 819 .
