1878 2724
461 153 819 194 TRACTATUS
873 155 1119 193 PRIMUS.
1461 162 1491 197 ει

107 210 147 250 ἴῃ
168 207 356 261 corporibus
368 207 479 243 mixtis
487 206 595 243 inesse.
615 208 664 242 Ac
682 205 753 241 satis
771 205 870 241 fuerit
879 204 1075 253 Philosopho
1091 203 1112 239 fi
1125 216 1163 239 ea
1179 215 1302 241 textura
1313 204 1363 250 fit,
1375 211 1491 256 &pan

112 263 191 296 tium
202 259 416 308 configuratio
439 259 471 292 in
483 268 618 306 corpore
634 285 642 298 ,
672 268 742 302 quae
757 253 938 303 hujusmodi
954 256 1178 290 concretiones
1192 283 1203 299 ,
1229 266 1282 290 aut
1299 254 1320 290 fi
1337 259 1402 300 vis,
1419 270 1492 293 cor-

110 322 190 359 pora
201 313 302 344 mainus
318 305 492 356 composita
511 306 612 341 oculis
632 304 786 352 subjiciat.

124 350 128 353 ¹
148 361 258 406 Atque
274 358 341 392 haec
351 357 396 391 est
409 358 512 405 prima
526 367 697 402 corporum
714 352 847 402 analyfis
862 368 869 390 :
884 367 950 390 non
967 355 1056 389 enim
1065 351 1180 389 dubito
1194 356 1273 401 quin
1290 354 1429 402 liquores
1448 355 1493 390 illi

109 409 145 443 in
162 420 299 456 corpora
316 405 507 454 simpliciora
525 403 565 437 ab
581 404 732 438 industrio
751 402 881 438 artifice
889 403 1006 438 resolvi
1029 414 1171 449 queant:
1185 405 1234 437 uti
1250 403 1374 439 factum
1387 407 1495 442 innui·

109 468 191 492 mus-
218 457 280 491 Sed
293 458 397 504 prima
416 451 548 500 analysis
565 465 638 499 quae-
649 454 750 500 magis
764 453 805 486 est
815 450 1063 495 obvia‚uberius
1077 450 1119 486 ab
1132 453 1251 486 eximio
1267 453 1432 501 Chymico
1448 457 1496 491 D.

107 505 169 539 Du
189 506 262 539 Clos
278 533 285 543 ,
306 516 404 551 quem
416 502 502 550 supra
517 501 735 542 laudavimus,
755 499 935 547 explicatur
947 501 1010 535 hoc
1037 501 1148 536 modo.
1169 503 1275 536 Mixta
1289 515 1422 550 corpora
1433 533 1441 546 ‚
1457 515 1495 538 ac

107 553 227 603 planta:
248 550 472 602 potiffimum,
496 554 507 592 ί
528 552 578 583 vix
598 549 720 583 enime
742 548 883 582 metallis
902 576 912 591 ,
947 560 1003 583 aut
1029 549 1189 596 lapidibus
1210 562 1332 585 tantam
1354 555 1495 598 partium

109 607 146 639 &
161 601 325 650 liquorum
336 602 526 635 varietatem
540 597 672 639 elicies)
694 599 726 632 in
740 608 847 645 partes
859 625 868 639 ‚
884 608 921 631 ut
935 597 1074 631 diximus
1084 626 1094 640 ,
1112 609 1167 632 aut
1183 598 1322 646 liquidas
1340 628 1350 642 ‚
1378 613 1434 636 aut
1449 600 1496 635 so·

108 651 188 686 lidas
207 649 413 684 resolvuntur.
478 659 521 680 use
536 645 662 693 liquidae
678 657 798 680 exeunt
817 673 825 687 ‚
843 658 916 680 curn
929 644 1125 682 inflammari
1144 659 1312 694 nequeunt
1326 676 1336 690 ,
1354 649 1408 683 vel
1426 648 1495 684 sunt

107 697 251 746 infipidae
260 727 271 742 ,
290 710 361 745 quae
373 695 569 745 phlegmatis
580 695 742 730 donantur
755 696 889 729 nomine
899 723 909 738 ,
930 694 985 730 vel
999 695 1114 743 sapidae
1122 696 1262 731 existunt
1278 713 1287 739 ς
1312 696 1375 731 five
1388 710 1474 732 acres
1484 728 1496 742 ,

106 759 178 795 quae
191 745 351 796 sulphurei
362 745 510 794 spititu83
527 742 591 779 five
606 742 666 779 [int
682 744 781 777 acidae
796 772 806 786 ,
828 756 897 791 quae
919 743 1042 792 spiritus
1057 745 1262 780 mercuriales
1284 746 1495 794 appellantur.

105 795 306 844 Sulphureus
319 795 372 831 vel
388 793 579 840 acenliquo:
596 791 659 827 sale
674 791 820 836 volatili,
844 797 878 829 &
896 792 983 839 quasi
1005 792 1134 828 urinoso
1155 797 1495 831 autammoniacoim..

106 857 308 894 praegnatur:
328 844 413 879 unde
434 842 631 878 solutionem
657 840 820 876 sublimati
847 841 975 884 turbat,
993 853 1030 876 ac
1054 844 1235 891 praecipitat
1250 871 1260 887 ‚
1289 856 1429 892 eamque
1450 845 1496 880 la.

108 895 168 929 &is
189 893 301 928 colore
312 894 415 929 induit
427 906 434 929 :
446 904 512 927 non
525 893 607 926 item
617 890 787 938 liquor-aut
799 890 923 939 spiritus
941 891 1048 925 acidus
1061 907 1071 935 5
1085 903 1199 927 verum
1210 895 1235 927 is
1256 892 1379 929 succum
1392 894 1497 930 helio-

107 944 206 991 tropii
219 970 239 986 ‚A
253 942 472 986 v..tournesol,
492 938 656 974 caetule-urn
675 937 776 974 rubro
797 938 907 974 colore
922 941 1042 988 tingit.-

140 994 251 1027 Partes
270 988 520 1026 inflammabiles
534 988 590 1024 vel
603 987 672 1024 sunt
686 987 830 1036 aquosae,
854 1000 990 1037 tumque
1003 989 1152 1025 ardentes
1171 988 1293 1038 spiritus
1309 1007 1317 1034 ς
1336 991 1389 1026 vel
1408 992 1498 1028 oleo‘

104 1039 162 1076 fit:
177 1039 524 1088 siveaquaeinnatent,
539 1036 604 1072 five
616 1050 682 1086 prae
697 1041 861 1086 gravitate
878 1038 1102 1087 deprimantur
1119 1053 1126 1074 :
1150 1038 1214 1073 haec
1241 1040 1376 1086 quidem
1395 1040 1497 1077 balsa-

104 1102 162 1125 ma
176 1092 386 1125 nominantur
399 1099 490 1135 :quae
507 1089 675 1130 innatant,
700 1085 830 1122 velsunt
840 1085 1023 1122 subtiliores
1037 1093 1071 1125 &
1082 1086 1204 1136 spiritus
1221 1087 1319 1123 oleofi
1337 1089 1496 1135 dicuntur,

106 1137 162 1173 vel
179 1136 340 1173 craffiores
355 1138 411 1182 qui
425 1148 598 1172 commune
610 1135 674 1170 olei
692 1148 813 1170 nomen
836 1137 1001 1172 retinent.>

145 1186 232 1234 Qae
247 1198 286 1221 ex
304 1183 422 1233 analyfi
446 1195 618 1218 occurrunt
636 1195 741 1229 partes
759 1182 922 1218 solidiores
936 1213 946 1227 ,
968 1182 1020 1219 vel
1051 1185 1084 1218 in
1107 1196 1192 1232 aqua
1210 1184 1417 1223 exsolvuntur
1430 1215 1440 1230 ,
1458 1192 1495 1224 ὅς

107 1234 186 1270 sales
202 1234 429 1282 appellantur3
449 1232 513 1267 sive
526 1235 548 1266 ii
561 1231 621 1267 sint
635 1231 709 1275 fixi,
727 1231 791 1267 five
809 1232 970 1268 volatiles.
998 1233 1067 1266 fixi
1080 1232 1134 1267 vel
1157 1232 1227 1268 sunt
1240 1233 1396 1270 lixiviales
1411 1250 1419 1270 τ
1439 1248 1495 1270 ευ.-

103 1283 243 1332 jusmodi
261 1282 308 1317 est
325 1281 368 1316 sal
378 1283 486 1316 tartari
497 1309 508 1323 ,
532 1286 565 1317 ἃ
576 1282 597 1314 ii
608 1280 676 1314 fere
687 1282 800 1315 omnes
813 1283 918 1328 quiex
934 1279 1096 1315 cineribus
1107 1280 1278 1316 eliciuntur
1292 1300 1300 1327 3
1325 1283 1377 1318 vel
1393 1282 1496 1321 salini.

105 1332 161 1367 sal
173 1331 341 1374 lixivialiS,
359 1342 394 1365 ut
413 1335 478 1379 jam
505 1331 668 1364 innuimus
683 1358 691 1373 ‚
720 1329 916 1365 solutionem
933 1328 1095 1364 sublimati
1121 1332 1288 1375 mercurii,
1306 1344 1381 1379 qua:
1399 1333 1495 1367 instar

105 1393 198 1428 aquae
217 1380 302 1416 clara
312 1380 358 1414 est
373 1409 383 1423 ‚
406 1385 440 1416 &
453 1378 607 1427 limpida,
627 1377 786 1414 subrubro
799 1378 909 1414 colore
928 1377 1031 1413 inficit
1046 1407 1057 1421 ,
1088 1383 1122 1415 δε
1140 1376 1249 1413 turbat
1271 1396 1281 1423 ς
1308 1381 1361 1415 vel
1387 1393 1493 1429 partes

104 1428 272 1465 folidiores
288 1431 322 1464 in
331 1441 416 1476 aqua
433 1441 500 1463 non
514 1426 723 1462 dissolvuntur
735 1455 744 1469 ‚
767 1439 880 1474 exque
897 1439 1008 1472 terne,
1032 1438 1089 1461 aut
1104 1429 1219 1475 capitis
1235 1432 1357 1464 mortui
1372 1442 1494 1466 nomen

104 1480 275 1526 accipiunt.
284 1480 336 1515 Sic
347 1475 479 1525 analyfis
489 1489 661 1525 corporum
676 1476 836 1524 explicata
847 1488 998 1525 magnam
1011 1474 1225 1523 Philosophiae
1241 1478 1379 1513 naturali
1387 1477 1492 1514 lucem

103 1525 221 1563 afferre
231 1527 359 1576 potest:
375 1525 451 1561 cum
460 1525 590 1574 vulgata
600 1526 836 1574 Chymicorum
852 1528 1012 1575 principia
1020 1523 1167 1561 obscuras
1181 1537 1308 1563 tantum
1322 1557 1332 1571 ‚
1346 1526 1493 1564 confusas

104 1576 237 1614 &male
249 1575 309 1612 fibi
326 1575 524 1611 cohaerentes
541 1576 695 1610 notiones
713 1576 916 1623 ingenerent-

528 1633 554 1655 m

487 1673 710 1724 Chymicorum
728 1668 910 1718 objefflones
929 1669 1120 1709 diluuntur.-

106 1773 117 1790 '-
142 1770 616 1821 Oppon.primoChymici.Ex
629 1772 664 1804 iis
675 1771 933 1818 unumquodque
953 1782 1108 1818 tanquam
1125 1783 1163 1806 ex
1175 1772 1338 1821 principiis
1354 1783 1490 1821 compo-

105 1822 159 1865 ni,
180 1823 212 1856 in
227 1833 298 1868 quae
310 1819 429 1856 ultimo
440 1819 607 1855 resolvitur
623 1834 631 1854 ;
648 1831 755 1867 neque
765 1819 894 1855 aliunde
904 1822 1060 1868 principia
1076 1824 1248 1856 mixtorum
1262 1820 1403 1867 dignosci
1420 1821 1491 1870 pos.

103 1869 254 1917 sos-‚quam
272 1883 310 1905 ex
328 1882 440 1905 eorum
451 1867 572 1916 analysi
586 1897 596 1912 ‚
616 1868 667 1903 seu
679 1879 717 1903 ex
730 1866 934 1904 resolutione.
946 1868 1010 1903 Sed
1026 1882 1161 1918 corpora
1173 1871 1205 1904 in
1219 1880 1347 1912 terram,
1362 1883 1489 1918 aquam,

104 1917 203 1954 salem
214 1948 225 1963 ,
248 1918 395 1966 sulphur,
417 1918 481 1953 five
496 1917 626 1961 oleum,
644 1922 677 1954 &
690 1916 835 1965 spiritum
848 1947 858 1962 ,
880 1916 931 1953 seu
943 1920 1135 1954 mercurium
1149 1917 1267 1953 ultimo
1277 1917 1488 1955 resolvuntur.

104 1968 204 2015 quue
220 1968 424 2003 manifestum
442 1967 485 2002 est
503 1977 573 2001 tum
584 1968 617 2001 in
633 1965 771 2001 naturali
789 1995 799 2010 ‚
827 1978 897 2001 tum
916 1969 949 2002 in
968 1966 1138 2002 artificiosa
1166 1966 1371 2005 resolutione.
1399 1970 1489 2004 Nam

105 2028 176 2063 quae
185 2015 262 2051 vafis
272 2021 303 2051 in
317 2016 395 2052 fimo
408 2017 527 2063 equino
537 2043 547 2058 ,
568 2025 620 2049 aut
631 2014 696 2050 leni
706 2014 813 2050 calore
830 2014 939 2051 balnei
950 2015 1129 2052 distillanda
1144 2018 1360 2065 imponuntur,
1374 2018 1489 2052 eadem

105 2062 254 2112 praebent
273 2065 443 2100 elementa.
470 2065 556 2099 Cum
574 2063 697 2112 lignum
709 2063 928 2108 comburitur,
946 2077 1029 2112 aqua
1046 2065 1213 2101 manifeste
1226 2065 1256 2100 se
1270 2067 1388 2111 prodit,
1403 2078 1489 2100 mer-

106 2114 209 2147 curius
224 2112 290 2148 una
306 2125 378 2147 cum
395 2113 487 2147 fumo
497 2109 655 2156 difflatur,
665 2112 774 2148 oleum
786 2115 852 2162 igni
864 2113 986 2162 pabulo
998 2115 1041 2149 est
1055 2127 1063 2150 z
1078 2127 1143 2159 quo
1157 2114 1312 2150 exhausto
1320 2114 1402 2149 nihil
1420 2127 1489 2150 arn-

106 2161 187 2210 plius
205 2162 396 2197 inflammari
406 2161 512 2209 potest
529 2175 537 2196 :
565 2160 617 2195 sed
634 2161 755 2197 restant
771 2162 828 2197 soli
842 2166 965 2199 cineres
980 2175 1019 2198 ex
1037 2161 1155 2211 quibus
1167 2192 1177 2207 ‚
1194 2175 1229 2199 ut
1240 2163 1321 2211 saepe
1333 2164 1490 2207 diximus,

107 2209 149 2246 sal
164 2215 197 2247 &
216 2222 300 2246 terra
327 2221 492 2245 eruuntur.

141 2262 212 2294 Imo
227 2262 259 2294 in
274 2258 344 2307 ipfis
359 2257 570 2294 mineralibus
587 2260 701 2296 eadem
713 2265 869 2312 principia
885 2272 1054 2297 occurrunt
1065 2275 1073 2297 :
1084 2263 1232 2307 quamvis
1247 2260 1410 2295 interdum
1421 2272 1499 2295 tam·

108 2310 196 2344 anste
215 2311 382 2352 uniantur,
396 2320 432 2343 ut
455 2310 508 2343 vix
532 2306 598 2342 ulla
612 2319 680 2343 arte
693 2311 804 2345 evolvi
819 2311 945 2359 poffint.
971 2311 1035 2345 Sed
1048 2313 1080 2345 in
1093 2312 1127 2343 iis
1145 2321 1282 2355 quorum
1299 2320 1404 2354 partes
1422 2321 1491 2345 tam

107 2359 198 2393 arcto
214 2370 298 2393 nexu
313 2371 379 2392 non
392 2358 614 2392 devinciuntur
623 2385 632 2400 ‚
648 2359 815 2394 manifeste
826 2359 854 2393 se
867 2361 1008 2408 produnt
1018 2387 1028 2401 ‚
1044 2370 1078 2392 ut
1090 2361 1121 2392 in
1135 2356 1272 2392 vitriolo.
1284 2359 1328 2391 Ex
1340 2369 1381 2392 eo
1393 2361 1487 2406 quip-

107 2418 149 2455 pe
165 2406 232 2443 leni
255 2406 362 2440 calore
386 2408 468 2453 ignis
483 2404 635 2455 phlegma
649 2420 735 2455 pene
753 2407 920 2456 insipidum
935 2410 1075 2456 primum
1095 2406 1255 2455 egreditur
1269 2435 1279 2449 ,
1304 2416 1372 2442 tum
1391 2409 1501 2443 aucto-

246 2456 338 2491 Tom.
362 2457 379 2489 l
390 2456 422 2490 J.
1190 2460 1200 2485 ’ἰ
1258 2458 1285 2490 L
