1878 2724
577 114 623 149 51)
640 115 664 150 ε
701 88 1002 150 metronis.
1429 127 1479 160 373

92 161 247 214 gio'nibus
256 190 267 207 ‚
278 162 373 210 quia
393 173 475 199 terra
486 162 570 199 flant
581 165 682 206 venti,
699 162 821 212 semper
834 162 903 198 sunt
912 162 1077 198 calidiores
1092 157 1269 198 :contra'in
1283 161 1404 210 frigidis
1425 175 1477 197 re,

97 211 244 262 gionibus
265 224 380 247 ventus
392 214 714 248 maritimusnimium
730 212 830 261 frigus
846 222 1005 260 temperat
1019 225 1028 248 ε
1042 213 1211 259 venti'qui
1235 223 1291 259 per
1306 212 1376 246 loca
1397 214 1475 247 nive

74 259 77 265 ”
97 260 241 297 ὀῦἀιιᾶα
259 260 422 297 transeunt
435 291 445 306 ‚
459 262 561 297 iidem
570 260 639 297 suut
650 260 841 309 frigidiores.
869 260 1004 296 Accedit
1020 263 1119 295 etiam
1146 260 1284 295 calorem
1298 289 1307 304 ,
1322 266 1354 297 ὅ(
1375 261 1474 309 frigus

96 320 282 358 comparate
295 310 335 344 ad
349 314 490 359 corporis
511 311 607 346 nostri
631 309 871 359 dispositionem
887 321 945 345 nos
965 309 1086 344 referre
1103 310 1210 345 solitos
1226 324 1233 345 :
1255 309 1330 344 hinc
1349 321 1402 344 aer
1421 312 1475 357 qui

96 359 202 395 media
220 358 338 407 hyeme
349 358 420 395 satis
440 371 636 408 temperatus
650 361 824 408 percipitur
841 387 851 402 ,
866 370 950 406 pene
963 358 1089 407 gelidus
1112 360 1220 394 media
1235 358 1343 392 aestate
1355 359 1476 406 Judica-

95 416 156 444 tur.
171 409 252 442 Fieri
263 410 360 442 etiam
372 410 485 457 potest·
496 421 531 443 ut
541 411 631 444 venti
648 420 690 444 ex
705 407 782 443 locis
792 406 1004 443 subterraneis
1017 420 1080 452 ,ex
1093 407 1210 456 quibus
1224 419 1396 456 erumpunt
1405 436 1414 451 ,
1424 420 1477 442 ca-

94 455 198 493 lorem
210 455 311 500 suurn,
326 463 359 494 &
373 457 472 506 frigus
483 458 688 507 depromant.

100 529 104 531 >
118 508 227 542 venti
247 506 478 542 occidentales
491 505 562 542 sunt
578 507 773 542 humidiores
786 516 876 547 ‚nec
887 505 1064 540 admodum
1081 503 1210 553 frigidi:
1231 516 1272 540 an
1288 505 1374 541 forte
1386 507 1476 554 quod

92 552 114 590 ὲ
125 555 206 590 mari
217 555 352 603 spirent:
370 556 454 599 unde
466 567 510 590 ex·
518 555 578 591 hac
593 555 671 590 coeli
683 554 778 604 plaga
795 566 919 603 magnae
938 553 1129 602 plerumque
1144 554 1349 602 tempestates
1369 558 1479 591 oriun-

92 613 163 647 ταῖς,
176 603 273 651 idque
282 606 424 640 maxime
433 617 504 639 cum
521 604 562 639 ad
579 604 717 639 austrum
729 601 893 638 declinant
904 631 915 646 ,
930 608 964 640 δε
975 602 996 638 a
1006 602 1141 638 solstitio
1162 601 1300 637 brumali
1316 603 1374 639 flat
1390 605 1479 640 Afri-

91 652 252 688 cuszhinc
267 655 355 688 enim
368 652 485 702 copiosi
497 652 629 691 imbres,
647 655 755 701 Atque
767 651 800 686 hi
819 651 875 686 sub
895 651 968 687 solis
986 650 1132 687 occasum
1150 650 1232 700 saepe
1250 654 1395 688 oriuntur
1413 683 1424 698 ,
1442 665 1477 688 ut

90 703 186 737 Eurus
198 703 338 737 Oriente
356 701 419 738 sole
436 701 560 756 perflat.
579 705 666 740 Nam
683 701 728 737 sol
745 704 892 736 exoriens
912 713 1050 750 vapores
1068 699 1235 736 uberiores
1255 703 1377 737 excitat
1391 731 1403 746 ,
1422 705 1477 751 qui

89 751 252 797 utrimque
263 753 296 785 in
313 763 418 799 partes
430 751 488 786 ioli
508 750 667 801 oppositas
679 753 805 786 cientur
817 767 826 794 3
839 749 972 798 vespere
985 752 1043 798 qui
1053 752 1086 785 in
1101 761 1208 798 partes
1219 750 1342 785 nostras
1352 750 1477 794 reflant,

88 799 217 834 occidui
231 802 306 848 3qui
315 801 395 835 vero
403 802 438 835 in
455 812 509 835 eas
518 803 668 850 regiones
677 829 688 845 ,
700 801 740 835 ad
752 812 831 846 quas
844 798 889 834 sol
897 800 1025 837 accedit
1034 829 1044 844 ,
1057 799 1195 848 spirant,
1205 801 1304 835 ortivi
1316 801 1475 837 dicuntur.

89 847 242 896 Cumque
266 861 323 884 aer
344 851 500 885 continuo
514 849 603 885 fluxu
620 852 655 885 in
675 848 823 884 occasum
835 847 978 892 feratur,
995 851 1087 885 venti
1105 850 1208 883 ortivi
1228 848 1298 884 sunt
1311 847 1452 884 sicciores
1464 878 1474 893 ,

0 918 5 934 a
82 897 180 944 -quod
202 909 337 946 vapores
347 898 524 947 disjiciant:
536 910 604 934 tum
624 899 711 934 enim
732 896 852 945 duplici
872 899 998 946 impetu
1013 910 1069 932 aer
1091 897 1284 946 propellitur
1305 926 1314 941 ,
1329 897 1474 934 nec‘finit

43 969 46 972 -
87 957 227 994 vapores
241 946 437 983 coalescere:
458 947 511 983 sed
520 948 647 984 occidui
663 958 755 982 motu
764 949 797 982 in
809 949 986 981 contrarias
997 959 1102 995 partes
1111 949 1236 982 nitente
1245 946 1349 982 nubes
1359 946 1473 992 sistunt,

86 999 122 1032 &
132 994 358 1032 densantzunde
371 996 508 1040 higventi
518 996 802 1039 suntimbtiferi‚&
813 995 1076 1039 humidiores‚nifi
1089 1008 1160 1043 quae
1172 995 1234 1030 alia
1249 996 1339 1031 causa
1352 995 1470 1034 obstet.

93 1057 98 1063 ·
124 1044 243 1078 Boreas
259 1044 311 1079 seu
328 1044 452 1093 Aquilo
465 1045 590 1094 gelidus
605 1046 649 1080 est
659 1044 789 1089 ,ficcus‚
800 1049 835 1081 &
845 1046 949 1093 gravis
967 1058 975 1079 :
989 1045 1077 1091 quod
1086 1044 1173 1079 forte
1186 1057 1242 1092 per
1257 1043 1327 1079 loca
1339 1045 1470 1081 nivibus

85 1103 187 1140 opaca
205 1093 420 1140 pertranseat:
436 1094 556 1129 eaedem
574 1092 833 1142 suntqualitates
849 1092 990 1127 australis
1003 1095 1093 1128 venti
1103 1095 1136 1128 in
1148 1105 1239 1140 parte
1251 1105 1340 1129 tertae
1348 1094 1471 1128 austra-

85 1139 120 1178 li.
139 1141 236 1177 Unde
250 1143 286 1177 in
302 1146 437 1191 regione
448 1142 675 1192 &Magellanica
688 1171 699 1186 ‚
710 1147 753 1178 .&
768 1141 860 1176 C-hili
875 1141 978 1177 auster
991 1154 1076 1190 pene
1093 1144 1244 1177 continue
1258 1141 1315 1177 flat
1329 1157 1336 1178 :
1353 1155 1391 1177 ac
1405 1144 1469 1178 Ba-

86 1192 153 1225 tavi
166 1193 198 1225 in
210 1189 443 1226 nova‘Zembla
455 1203 513 1239 per
527 1203 632 1227 totam
639 1191 782 1226 hiemem
801 1202 918 1226 ventos
928 1190 1135 1238 aquilonares
1148 1192 1274 1239 experti
1287 1190 1367 1228 sunt.
1379 1195 1466 1228 Dum

84 1241 174 1274 enim
184 1237 229 1273 sol
243 1250 352 1275 aerem
364 1242 446 1276 intra
458 1242 616 1289 Tropicos
630 1239 801 1275 calore-suo
814 1251 988 1282 extenuat,
1002 1238 1162 1275 craffiores
1178 1251 1314 1286 vapores
1327 1243 1359 1275 in
1380 1240 1468 1290 frigi-

83 1287 139 1322 das
160 1289 308 1336 regiones
333 1289 511 1337 protrudit:
536 1289 612 1325 hinc
632 1288 768 1325 densitas
798 1290 877 1323 aeris
896 1288 1072 1323 admodum
1082 1288 1257 1336 inaequalis.
1279 1291 1386 1338 Frigus
1410 1302 1467 1325 ve-

85 1347 122 1370 ro
136 1349 191 1371 aut
208 1336 333 1373 subtilis
350 1337 492 1373 materiae
511 1338 662 1382 defectu,
676 1350 732 1373 aut
749 1350 787 1373 ex
804 1349 892 1372 certa
906 1366 916 1380 ,
935 1343 969 1374 δε
992 1337 1207 1372 determinata
1223 1340 1370 1373 motione
1382 1367 1391 1382 ,
1409 1351 1465 1374 aut

83 1397 123 1420 ex
137 1385 257 1420 nitrofis
270 1385 653 1435 corpusculisoritur.1mo
666 1400 704 1422 ex
717 1387 794 1422 locis
811 1399 883 1434 quae
899 1397 1013 1421 ventus
1034 1398 1183 1435 peragrat
1194 1415 1204 1429 ‚
1223 1387 1340 1421 calidus
1359 1386 1396 1422 fit
1408 1400 1465 1423 aut

83 1433 220 1483 frigidus
235 1449 243 1471 :
263 1448 333 1470 cum
349 1447 464 1471 ventus
481 1434 618 1471 borealis
633 1435 668 1471 sit
682 1434 806 1470 densior
820 1463 829 1478 ,
847 1440 881 1472 δε
895 1438 1044 1483 gravior,
1059 1437 1085 1469 is
1105 1434 1251 1470 deorsum
1267 1438 1348 1480 ruit,
1363 1448 1463 1484 atque

83 1494 122 1518 ut
139 1484 269 1520 videtur
279 1484 387 1519 illustri
403 1483 521 1532 Boylio
532 1514 542 1529 ‚
555 1497 666 1520 aerem
679 1497 718 1519 ex
734 1484 874 1526 sublimi,
891 1489 925 1520 δε
938 1484 1047 1533 gelida
1058 1486 1192 1531 regione
1211 1485 1251 1518 ad
1269 1495 1386 1519 terram
1404 1497 1463 1519 ve-

85 1531 154 1569 hie.
179 1534 215 1566 ln
225 1533 356 1581 Belgio,
375 1533 496 1570 &locis
520 1535 558 1568 ad
576 1546 664 1568 mare
688 1532 947 1581 septentrionale
963 1532 1169 1581 vergentibus
1188 1531 1268 1580 saepe
1285 1532 1399 1567 boreas
1415 1534 1463 1567 est

40 1605 42 1608 -
81 1579 253 1617 nebulosus
266 1610 275 1621 ,
285 1581 475 1617 &imbrifer
490 1596 497 1617 :
511 1583 598 1629 quod
610 1584 710 1616 etiam
725 1583 840 1616 accidit
859 1593 931 1615 curn
944 1584 1051 1617 Notus
1060 1609 1070 1625 ‚
1083 1580 1136 1615 seu
1153 1581 1251 1615 auster
1263 1580 1304 1615 ab
1325 1582 1461 1628 Aquilo-

29 1654 33 1656 v
81 1641 124 1663 ne
137 1629 328 1677 reperculsus
342 1633 374 1664 in
388 1630 520 1686 seipsum
537 1631 725 1666 reflectitur.
740 1629 1026 1713 Constantino‘poli
1041 1628 1163 1677 Aquilo
1177 1630 1220 1663 est
1235 1628 1403 1666 nebulosus
1427 1636 1462 1668 &

83 1676 249 1722 imbrifer,
263 1679 379 1726 quoda
392 1692 473 1714 mari
485 1683 596 1729 nigro,
621 1679 674 1715 seu
699 1691 798 1728 ponte
814 1681 938 1714 Euxino
963 1681 1045 1727 piret
1057 1707 1067 1722 ,
1095 1683 1128 1715 &
1145 1678 1260 1713 multos
1278 1677 1383 1715 secum
1404 1692 1460 1715 va-

81 1738 176 1774 pores
196 1727 302 1763 vehat.

85 1794 89 1800 ·
109 1776 162 1811 Est
181 1787 260 1810 vero
277 1777 378 1811 auster
394 1782 426 1814 δε
440 1777 586 1813 humidus
605 1783 640 1815 &
663 1776 780 1812 calidus
803 1805 813 1820 ‚
831 1778 886 1823 qui
910 1776 1010 1813 nubes
1036 1776 1140 1820 laxat,
1155 1781 1189 1813 δι
1206 1775 1348 1813 resolvit.
1369 1778 1458 1813 Nam

80 1823 188 1858 velex
204 1823 280 1859 Iocis
294 1826 366 1860 aestu
388 1825 460 1862 solis
475 1827 606 1862 fervidis
618 1827 782 1875 profedhis
794 1838 882 1860 mare
891 1827 1166 1861 Mediterraneum
1182 1837 1328 1874 peragrat
1340 1837 1457 1873 ;atque

78 1872 116 1906 in
139 1871 206 1919 ipso
223 1876 336 1909 itinere
346 1873 426 1909 alios
441 1876 574 1924 perinde
585 1887 720 1924 vapores
737 1873 854 1909 asciscit
869 1875 949 1917 fvel
971 1888 1013 1911 ex
1025 1874 1236 1911 subterraneis
1249 1879 1313 1917 ‚⁷&
1326 1873 1459 1922 sulphu-

79 1923 140 1955 reis
151 1921 302 1957 halitibus
317 1936 432 1972 magna
444 1937 482 1959 ex
497 1935 588 1972 parte
605 1924 748 1968 con-stat,
765 1924 823 1971 qui
843 1925 876 1958 in
895 1923 974 1959 locis
996 1923 1223 1959 fervidioribus
1238 1922 1457 1959 exhalant-Et

79 1967 152 2003 sane
169 1970 223 2003 vix
237 1970 392 2006 credibile
409 1973 455 2006 est
476 1972 640 2007 australem
654 1984 788 2008 ventum
804 1972 842 2006 ad
856 1985 914 2007 nos
930 1985 970 2009 ex
981 1974 1131 2021 Tropicis
1145 1972 1254 2019 -usque
1276 1974 1457 2020 pervenire.

78 2017 150 2051 Irno
163 2016 252 2052 fimul
271 2023 305 2055 &
323 2021 441 2055 eodem
462 2033 610 2068 tempore
623 2024 660 2056 in
681 2021 774 2056 Italia
786 2026 827 2057 1&
843 2021 949 2056 Gallia
971 2024 1124 2058 contrarii
1140 2021 1277 2069 perflant
1292 2024 1405 2065 venti,
1422 2027 1456 2059 &

28 2113 31 2117 ἱ
79 2065 220 2102 Borealis
236 2066 314 2115 saepe
323 2066 365 2102 ab
383 2069 518 2116 Alpibus
529 2072 562 2104 in
579 2069 687 2113 ltalia,
706 2083 772 2105 non
788 2071 805 2106 ὲ
816 2069 930 2118 frigida
947 2074 1080 2119 regione
1098 2070 1204 2119 spirat.

117 2114 228 2150 Flante
237 2116 339 2150 austro
350 2129 404 2151 aer
419 2117 525 2151 calore
535 2118 718 2155 &humore
728 2118 864 2160 laxatur,
881 2131 1016 2166 vapores
1034 2119 1234 2155 resolvuntur
1250 2148 1260 2162 ‚
1276 2123 1311 2156 δι
1331 2121 1364 2152 in
1386 2130 1454 2152 ma-

74 2165 159 2211 jores
169 2163 317 2211 globulos
327 2164 509 2200 coalescunt
522 2183 531 2209 3
546 2178 640 2214 caput
654 2167 830 2215 gravedine
841 2166 967 2201 laborat
979 2169 1156 2216 ‚stuporem
1170 2167 1263 2203 affert
1273 2196 1282 2209 ,
1307 2172 1339 2203 δε
1358 2167 1453 2199 tristi-

79 2214 169 2249 tiam.
182 2216 216 2247 In
226 2212 417 2260 quibusdam
426 2213 503 2248 locis
515 2243 525 2257 ‚
534 2226 570 2249 ut
587 2217 619 2249 in
635 2216 810 2262 Aquitania
824 2243 833 2255 ,
843 2221 876 2251 &
887 2218 1061 2252 Occitania
1078 2216 1208 2251 Africus
1220 2215 1390 2261 malignior
1401 2215 1452 2249 est:

78 2261 112 2297 in
125 2261 280 2296 Azoribus
294 2261 396 2297 flante
410 2262 474 2298 hoc
494 2274 592 2298 vento
610 2266 700 2311 pueri
713 2264 883 2311 plurimum
896 2277 1080 2310 v:⁷egi·otant;
1096 2266 1237 2311 corporis
1256 2265 1343 2297 enim
1362 2274 1451 2296 mea-

76 2316 126 2342 tus
144 2313 267 2358 aperit,
279 2311 412 2348 &laxat
425 2340 434 2354 ‚
452 2311 601 2346 humores
623 2311 732 2358 liquat.
759 2314 846 2346 Hinc
861 2312 997 2348 artifices
1018 2315 1179 2360 qui-circa
1210 2309 1377 2359 plumbum
1395 2338 1402 2350 ‚
1420 2317 1452 2347 δε

73 2356 273 2396 Mercurium
285 2359 461 2403 laborant,
483 2358 613 2396 maleise
630 2359 958 2404 habent2flante.h0c
974 2372 1097 2398 vento:
1121 2361 1208 2408 quod
1230 2372 1291 2408 pree
1318 2359 1452 2394 humore

1170 2410 1196 2444 Α
1208 2421 1225 2442 a
1239 2421 1257 2442 a
1269 2411 1315 2456 iij,
