1878 2724
497 143 894 184 TRACTATUS
932 144 1164 183 PRIMUS.
1522 157 1562 186 29

142 197 360 237 ⁴irrationales
370 208 480 246 neque
496 209 536 233 ex
549 195 653 233 nihilo
666 194 758 240 fiunt,
769 193 992 245 ubiincipiunt
1001 206 1129 243 ,neque
1142 197 1175 230 in
1190 193 1332 230 nihilum
1343 192 1483 237 abeunt,
1500 191 1558 227 ubi

156 249 312 286 definunt-

199 297 289 332 Prob-
304 311 331 335 2.
341 296 424 333 Illud
436 294 580 330 educitur
600 295 617 331 ὲ
629 296 765 330 materia
778 321 789 337 ,
799 293 888 341 quod
897 292 917 329 εὶ
928 296 1066 329 materia
1084 292 1208 342 pendet
1218 322 1228 337 ‚
1241 303 1311 327 turn
1329 303 1366 326 ut
1390 289 1447 325 fiat
1460 319 1469 333 ‚
1485 301 1554 324 tum

153 359 193 383 ut
208 345 410 382 conservetur
429 361 437 382 :
455 343 509 379 sed
520 345 552 378 id
565 346 656 379 omni
674 343 788 379 formae
804 372 813 386 ‚
825 341 996 378 fianimam
1011 341 1206 378 rationalem
1226 343 1391 389 exceperis
1402 369 1412 384 ‚
1431 349 1553 375 convc-

155 399 223 433 nit:
240 407 317 445 ergo
330 396 446 432 formae
462 405 577 428 omnes
601 395 702 429 etiam
718 394 904 429 viventium
916 392 1089 430 educuntur
1104 394 1120 430 ὲ
1134 390 1200 427 finu
1216 392 1369 427 materiae.

639 490 825 525 Solvuntur
841 488 1035 534 objemones.

188 595 269 640 Qo
281 594 320 627 iis
329 589 481 626 omnibus
495 602 568 639 quae
588 600 700 626 contra
715 589 927 625 educhionem
937 586 1116 622 formarum
1137 586 1245 623 afferri
1270 584 1375 622 solent
1390 615 1400 631 ,
1426 586 1549 621 facilius

152 641 382 678 satisfaciamus
391 667 402 681 ,
416 639 450 672 id
463 641 621 688 imprimis
641 638 824 674 notandum
836 637 880 671 est
890 665 899 678 ‚
916 647 979 671 tres
988 639 1071 671 circa
1082 636 1295 672 eductionem
1308 634 1490 670 formarum
1500 636 1548 670 es-

136 690 183 726 sse
201 690 527 734 sententias,quatum
539 689 611 723 duae
627 687 698 723 sunt
716 698 877 722 extremae.
888 688 967 722 Una
981 686 1027 720 est
1041 684 1242 735 Philopponi
1259 684 1378 719 vetusti
1394 685 1549 718 Aristote-

134 739 188 774 ,lis
205 739 392 787 interpretis
403 765 413 780 ‚
430 739 489 784 qui
510 737 632 772 formas
647 738 746 772 creari
762 746 912 771 autumat
928 763 938 779 ,
951 747 1025 770 curn
1037 734 1116 770 fiant
1126 746 1167 769 ex
1185 733 1299 770 nihilo,
1323 732 1399 767 Alia
1411 733 1457 767 est
1475 733 1546 768 vul-

147 802 192 837 go
206 799 339 835 recepta
350 786 472 822 formas
482 800 548 822 non
562 789 685 831 creari,
707 785 760 821 sed
774 785 869 820 educi
883 784 902 819 ὲ
915 786 1049 819 materia
1062 813 1072 828 ,
1087 786 1119 819 in
1139 796 1205 832 qua
1220 782 1312 829 nullo
1329 783 1431 817 modo
1453 780 1544 824 sunt,

133 836 205 873 -nisi
227 839 261 872 in
278 837 442 886 potentia.
478 838 592 871 Tertia
619 838 702 871 inter
717 844 889 870 extremas
897 834 942 867 est
955 834 1062 868 media
1075 862 1084 876 ,
1103 833 1224 868 formas
1249 834 1434 866 viventium
1455 832 1546 866 edu(i

146 886 281 934 quidem
294 915 304 929 ,
316 898 384 921 non
396 887 496 919 creati
509 897 582 929 ;eas
598 896 708 920 tamen
719 883 967 932 quodammodo
977 882 1030 917 vel
1046 884 1080 917 in
1092 880 1275 917 rationibus
1288 880 1474 923 seminariis,
1491 880 1546 915 vel

145 937 181 971 in
191 934 453 984 spirituquodam
467 936 580 970 cuncta
593 944 806 982 penetrante,
820 938 854 970 &
867 933 987 967 divinat
997 934 1074 967 artis
1091 930 1250 966 idealibus
1266 932 1408 965 numeris
1425 929 1544 964 instru-

147 986 202 1020 ἂο
219 981 317 1019 incise
333 996 342 1018 ι
367 985 424 1030 qui
446 983 578 1031 quidem
597 983 724 1032 spiritus
744 982 789 1017 est
808 982 966 1030 quiddam
985 984 1130 1016 mareri-‘e
1151 983 1325 1023 intimum,
1345 984 1380 1016 &
1402 981 1543 1014 maxime

144 1031 311 1069 affliosum
322 1061 332 1076 ,
349 1032 437 1079 quod
453 1035 683 1081 generationes
693 1043 813 1067 onmes
825 1043 1020 1080 promoveat
1032 1059 1042 1074 ,
1052 1031 1215 1067 &itidem
1228 1031 1369 1080 primum
1383 1039 1492 1064 motus
1507 1033 1544 1063 ἅτ

143 1083 260 1131 quietis
275 1082 481 1130 principium.
498 1081 598 1118 Unde
613 1087 648 1118 δε
663 1093 783 1117 naturae
801 1082 936 1117 nomine
955 1079 1038 1115 solet
1059 1078 1215 1128 designari
1231 1091 1238 1113 :
1253 1078 1342 1126 quod
1365 1076 1400 1112 fit
1421 1088 1541 1112 naturae

143 1131 329 1179 archetypae
347 1132 438 1178 praeci
465 1142 542 1165 uum
563 1131 817 1166 instrumentum.
833 1129 941 1165 Multa
954 1129 1073 1163 dehoc
1086 1128 1199 1178 spiritu
1211 1141 1279 1162 non
1295 1126 1453 1162 Platonici
1469 1139 1541 1160 nio-

143 1181 187 1215 do
201 1209 211 1222 ,
227 1179 278 1215 sed
293 1181 398 1214 etiam
412 1143 568 1226 Clymici
586 1178 748 1227 disputare
761 1178 971 1225 solentsquae
992 1178 1079 1212 forte
1099 1177 1166 1211 alio
1188 1176 1263 1211 loco
1279 1174 1537 1223 perstringemus.

143 1232 250 1277 Hujus
273 1226 464 1276 spirituosae,
479 1233 513 1264 δι
532 1228 666 1263 ειᾶιιοίξε
685 1227 860 1264 substantiae
878 1229 967 1269 vim,
994 1239 1063 1261 non
1086 1229 1119 1260 in
1140 1224 1328 1270 viventibus
1347 1224 1466 1266 modo,
1486 1222 1540 1258 sed

141 1281 244 1312 etiam
258 1279 296 1312 in
311 1278 438 1311 caetetis
449 1275 545 1311 rebus
565 1275 900 1325 dominari-colligunt
915 1287 955 1309 ex
971 1273 1248 1317 comtanurfiguta
1259 1284 1361 1319 quani
1380 1283 1430 1307 res
1447 1284 1538 1320 quae-

138 1339 206 1374 que
219 1326 393 1362 sortiuntur
405 1337 596 1373 ,quamque
611 1328 645 1360 in
657 1324 841 1374 plantarum
850 1322 1027 1360 seminibus
1044 1353 1053 1366 ,
1072 1326 1106 1358 in
1121 1314 1238 1358 salibus
1251 1323 1352 1356 etiam
1368 1348 1376 1363 ,
1395 1326 1428 1358 &
1453 1334 1537 1357 non-

125 1376 238 1412 nullis
258 1373 422 1424 lapidibus
438 1387 568 1409 cernere
581 1375 701 1411 est.Sic
714 1374 757 1410 sal
777 1377 921 1410 marinus
934 1375 968 1407 in
982 1372 1132 1407 cubicam
1155 1372 1310 1421 figuram3
1329 1368 1474 1418 salpetrae
1503 1372 1536 1405 in

140 1425 326 1474 pyramides
335 1422 527 1459 concrescit.·
537 1425 587 1460 Ut
600 1424 681 1459 nihil
698 1424 804 1460 dicam
817 1424 858 1458 de
876 1422 1025 1470 crystallo
1035 1435 1118 1469 ‚quae
1131 1420 1254 1468 ubique
1268 1420 1472 1467 hexagonam
1494 1418 1534 1453 fi-

139 1486 251 1521 guram
271 1473 424 1509 obtinet:
439 1473 530 1521 quod
548 1476 663 1521 urique
681 1472 701 1509 Ξι
719 1485 806 1508 certa
822 1478 857 1510 ὅ(
880 1472 1038 1508 constanti
1064 1470 1156 1506 causa
1170 1499 1179 1514 ,
1195 1483 1264 1506 non
1284 1468 1304 1504 a
1328 1468 1534 1504 tumultuaria

140 1523 548 1559 elementorum-mixtione
566 1521 883 1571 proficiscifflvidetur.
1136 1542 1138 1545 ν
1200 1544 1203 1546 -

144 1612 146 1614 ,
179 1574 301 1619 Neque
317 1571 360 1606 ab
373 1571 432 1606 hac
443 1569 600 1606 sententia
616 1572 754 1606 multum
767 1571 919 1609 aberrant
934 1570 1084 1615 Alber-tus
1094 1600 1103 1614 ,
1114 1576 1148 1607 &
1158 1568 1314 1606 Aureolus
1327 1567 1463 1616 infignes
1474 1570 1533 1603 Pe-

139 1623 302 1669 ripatetici
318 1630 482 1667 :quotum
494 1618 549 1654 ille
559 1622 744 1654 viventium
758 1619 880 1653 formas
905 1618 1076 1654 secundam
1090 1618 1256 1653 elsenriam
1270 1620 1411 1652 materia:
1423 1616 1532 1660 inesse,

138 1671 191 1706 hic
206 1670 386 1705 formarum
400 1668 570 1716 particulas
587 1670 618 1702 in
629 1670 839 1715 generatione
853 1679 930 1702 ante
955 1666 1105 1716 dispersas
1120 1666 1229 1715 colligi
1244 1666 1419 1700 existimit.
1452 1667 1533 1700 Non

129 1719 227 1767 quod
240 1715 417 1753 -neccll'esit
435 1729 542 1751 eorum
556 1716 722 1751 effentiam
736 1716 778 1750 ab
795 1716 967 1752 existentia
981 1716 1145 1751 secernere
1160 1730 1168 1750 :
1187 1716 1238 1750 sed
1252 1726 1391 1759 uterque
1410 1713 1532 1748 formas

138 1765 384 1816 quodammodo
402 1764 499 1800 inelse
517 1768 661 1800 materiae
675 1765 869 1800 arbitratur:
888 1767 1037 1812 quamvis
1053 1764 1108 1799 sub
1128 1763 1194 1799 alio
1208 1766 1260 1811 effi·
1273 1761 1410 1797 sensibili
1429 1774 1531 1810 appa-

137 1828 229 1852 reant
244 1831 251 1852 :
266 1829 301 1851 ut
318 1815 404 1850 forte
415 1815 577 1862 particulae
597 1817 676 1863 ignis
687 1844 697 1857 ,
715 1827 771 1849 aut
784 1825 875 1849 terrae
887 1815 957 1849 sunt
975 1817 1008 1849 in
1022 1813 1114 1861 ligno
1130 1843 1140 1857 ,
1160 1814 1212 1848 sed
1225 1812 1280 1847 sub
1296 1811 1404 1847 fornia
1428 1810 1527 1859 ligni:

137 1869 188 1901 ita
205 1866 273 1901 fere
284 1868 315 1899 in
334 1864 455 1898 semine
473 1864 533 1898 alia
554 1864 599 1898 est
620 1866 705 1898 ratio
721 1867 837 1908 trunci,
849 1863 913 1898 alia
926 1874 1087 1899 raniotum
1099 1892 1107 1906 ‚
1126 1863 1189 1898 alia
1207 1861 1383 1898 foliorum:
1397 1859 1449 1911 sed
1469 1859 1531 1895 illae

135 1917 279 1952 rationes
293 1914 437 1950 nondum
450 1912 573 1948 habent
586 1911 771 1959 effiarboris
788 1942 797 1957 ‚
816 1911 991 1948 donecfint
1012 1911 1162 1948 evolutae.

209 1976 255 1998 uae
269 1975 377 1999 autem
392 1964 514 2011 opponi
532 1961 634 1998 solent
648 1973 762 1997 contra
779 1963 990 1997 edutstionem
1020 1961 1221 2005 formarum,
1249 1960 1341 1996 firma
1365 1960 1435 1996 sunt
1463 1959 1529 1994 for-

136 2013 213 2049 tasse
234 2011 382 2048 adversus
401 2024 457 2046 eos
474 2013 527 2059 qui
547 2011 667 2046 formas
682 2023 748 2047 non
766 2012 867 2046 modo
882 2010 1045 2046 absolutas
1064 2009 1126 2046 effe
1142 2039 1152 2054 ‚
1167 2009 1218 2045 sed
1238 2013 1337 2045 etiarn
1362 2022 1401 2045 ex
1423 2008 1527 2044 nihilo

121 2061 182 2097 *sui
197 2062 332 2109 produci
345 2060 459 2095 volunt
473 2090 482 2104 ‚
492 2073 526 2095 ut
541 2059 652 2109 vulgus
668 2059 736 2095 fere
755 2062 1046 2107 Peripateticorum
1060 2072 1172 2109 putat:
1189 2058 1271 2095 nihil
1299 2071 1379 2093 vero
1394 2057 1527 2093 conclu-

137 2111 219 2145 dunt
229 2108 378 2144 adversus
401 2110 586 2144 Platonicos
597 2137 606 2150 ‚
623 2121 679 2144 aut
689 2121 744 2143 eos
754 2113 812 2158 qui
826 2108 1224 2154 ThemistiisselAlbetti
1238 2110 1379 2158 Magni,
1402 2118 1458 2142 aut
1479 2109 1525 2154 ip-

138 2158 194 2194 sms
221 2158 352 2194 Aureoli
376 2157 567 2193 sententiam
585 2157 776 2195 defendunt.
1370 2155 1373 2156 ⁷

171 2210 261 2256 Opp.
276 2219 304 2241 ι,
320 2218 389 2241 rem
404 2219 469 2240 non
487 2206 578 2240 educi
587 2219 626 2240 cx
641 2207 701 2241 alia
713 2210 769 2251 ,in
785 2221 847 2256 qua
863 2209 910 2243 est
922 2220 1048 2244 tantum
1067 2208 1226 2257 potestate
1240 2236 1249 2251 ‚
1267 2209 1390 2242 utine-c
1411 2204 1522 2237 v³num

136 2271 174 2293 ex
185 2256 276 2291 dolio
291 2256 377 2302 quod
402 2267 537 2289 vacuum
555 2255 616 2290 est:
634 2254 686 2289 sed
697 2256 809 2292 formae
820 2257 889 2294 sunt
911 2270 1036 2294 tantum
1055 2258 1212 2307 potestate
1241 2261 1273 2291 in
1294 2255 1448 2293 materia,
1466 2251 1521 2285 nili

136 2306 229 2341 forte·
241 2304 477 2353 pansperiniam
499 2304 701 2349 Anaxagorae
719 2307 931 2343 admittamus
948 2320 1047 2350 :erqo
1066 2321 1132 2342 non
1147 2307 1322 2340 educuntur
1347 2304 1363 2338 ὲ
1379 2303 1520 2337 materiae

119 2358 290 2404 potentia.
309 2354 399 2400 Qid
412 2354 571 2389 effimhoc
588 2350 632 2388 est
640 2352 725 2387 allud
740 2383 749 2398 ,
763 2367 861 2402 quam
880 2348 1077 2392 formas‘effe
1098 2354 1184 2404 polse
1200 2357 1233 2388 in
1252 2354 1388 2388 materia
1410 2359 1419 2384 Ξ
1440 2349 1521 2392 Qu

1260 2404 1292 2437 D
1317 2403 1348 2448 iij
