1878 2724
91 184 220 222 dinibus
241 190 393 222 contexta
417 186 547 222 oculum
573 188 631 223 suae
661 186 776 222 orbitae
799 187 921 236 alligat.
1115 188 1118 191 ’
1423 146 1476 194 5⁶5

124 236 269 271 Secunda
282 236 365 270 oculi
382 235 572 271 membrana
590 249 627 271 ex
635 238 727 272 nervi
739 237 839 283 optici
857 238 911 284 pia
929 246 1031 270 matre
1041 263 1051 279 ‚
1069 234 1119 270 seu
1134 238 1224 272 tenui
1239 239 1344 273 tunica
1354 240 1474 288 produ..

93 285 145 319 &a
160 282 244 320 suam
259 285 349 318 ducit
361 287 521 333 originem
536 302 545 328 ;
561 296 652 333 parte
666 284 710 319 sui
722 284 897 332 posteriore
908 285 1075 318 chotoidcs
1095 312 1105 326 ,
1128 289 1286 321 anteriore
1308 301 1389 323 uvea
1411 302 1474 324 no-

91 334 231 367 minatur
243 361 252 375 ,
276 345 378 378 eaque
391 346 462 367 cum
475 333 509 368 fit
527 333 691 381 perforata
710 361 721 376 ‚
755 332 902 367 foramen
921 332 999 367 illud
1030 333 1154 381 pupillae
1182 348 1305 370 nomen
1333 340 1473 386 accepit.

92 383 176 430 Qae
187 382 307 429 nigrior
320 383 352 415 in
367 382 500 416 homine
513 394 551 417 ex
561 393 631 416 atro
641 382 805 417 choro'i'dis
818 382 926 415 colore
944 393 1078 429 apparet
1091 410 1100 424 ,
1117 396 1182 417 non
1193 386 1271 419 item
1283 386 1316 418 in
1328 384 1392 419 fele
1407 413 1416 430 ‚
1434 392 1472 423 δε

91 429 161 464 aliis
174 429 390 465 animantibus
403 430 566 479 inquibus
574 431 739 466 choro‘i'dis
755 428 936 478 superficies
951 442 1096 466 concava
1116 431 1208 468 fulvo
1231 443 1285 467 aut
1298 433 1362 468 alio
1381 434 1473 470 colo-

91 489 127 512 re
137 490 230 514 nitet.

130 529 242 562 Tertia
251 527 336 562 oculi
349 530 452 563 tunica
464 529 587 563 caeteris
599 528 740 563 minore
756 525 922 562 medullari
946 529 1038 562 nervi
1061 526 1232 563 substantia
1256 530 1363 577 prodit
1377 545 1384 565 ε
1401 532 1469 568 haec

89 575 216 611 mucosa
227 578 260 610 in
272 577 356 611 oculi
379 578 538 611 interioris
553 576 700 611 conclavi
718 577 815 611 instar
836 576 950 610 chartae
962 577 1103 611 candidae
1129 576 1238 613 lumen
1250 607 1260 622 ,
1278 591 1333 613 aut
1351 579 1470 628 species

87 635 146 671 per
155 624 310 672 pupillam
320 627 465 671 trajectas
479 627 597 673 excipit
607 641 616 668 3
628 637 762 671 eamque
772 623 832 659 effe
844 627 1008 672 proprium
1029 625 1118 659 visus
1130 638 1283 673 organum
1291 632 1357 674 jam
1371 628 1470 677 vulgo

54 712 65 716 ⁷
87 674 238 708 creditur.
253 673 577 708 Haecaeircavhumoris
592 673 764 721 crystallini
778 672 915 707 limbum
935 672 1048 708 desinit
1060 702 1071 716 ,
1093 685 1195 721 eaque
1213 687 1284 710 cum
1305 676 1468 712 inferioris

87 720 174 756 iridis
187 734 244 756 ora
256 724 468 759 conneffltur.
483 725 558 757 Irim
571 734 689 762 vocant
701 721 850 757 fibrarum
861 733 1047 757 contextum
1063 724 1095 757 in
1111 722 1225 758 orbem
1247 736 1322 773 apte
1339 724 1468 772 dispofi-

86 773 253 817 tumsqui
267 774 406 806 exterius
421 773 501 805 circa
516 770 644 819 pupillae
667 772 814 806 foramen
834 772 928 805 variis
944 770 1103 806 distinctus
1133 783 1266 820 apparet
1288 772 1463 812 coloribus.

85 817 171 864 Qae
184 817 262 854 vero
272 820 483 868 crystallinum
494 822 604 868 cingit,
615 824 648 855 &
658 832 730 854 cum
740 821 841 854 retina
854 819 999 861 cohaeret,
1012 822 1107 867 nigris
1120 820 1208 855 velut
1221 821 1301 855 ciliis
1316 824 1465 870 compin-

84 869 191 918 gitur:
208 868 292 902 unde
306 874 340 904 &
355 867 530 917 proceisum
539 868 678 902 ciliarem
690 879 816 903 vocant.
831 867 926 901 Circa
938 869 1013 901 Irim
1024 867 1109 901 oculi
1124 867 1202 902 illud
1221 869 1240 903 ὲ
1257 873 1392 904 Vernaeo
1401 871 1463 905 ob-

83 917 243 949 tei-vatum
254 945 262 959 ‚
280 928 352 951 eam
370 916 591 952 membranam
600 928 638 949 ex
651 915 769 963 duplici
781 926 870 963 parte
881 914 942 949 eise
952 914 1161 963 compositam
1171 944 1181 959 ,
1196 919 1356 952 exteriore
1372 920 1463 953 vide-

82 962 158 998 licet
169 969 224 1006 ,·&
238 966 401 999 interiore.
414 964 469 998 Illa
481 965 527 998 est
540 965 632 1000 instar
646 963 828 999 tenuiffimae
842 962 912 997 telae
924 975 1076 998 contexra
1090 993 1100 1008 ‚
1117 967 1256 1000 &variis
1275 969 1357 1001 nitet
1370 968 1463 1001 colo-

82 1010 336 1048 ribus21nterior
347 1025 416 1048 tota
429 1012 543 1047 fibrosz
556 1013 612 1049 est.
635 1014 744 1059 Atque
761 1025 803 1046 eae
816 1011 901 1046 fibrae
914 1024 953 1046 ex
972 1013 1088 1046 eodem
1105 1012 1173 1047 fere
1193 1014 1358 1049 nascuntur
1368 1015 1442 1050 loco
1452 1045 1464 1060 ‚

83 1060 269 1095 unde-fibra:
280 1062 442 1108 procerius,
461 1073 515 1095 aut
525 1061 689 1109 ligamenti
699 1061 810 1095 ciliaris
822 1062 976 1096 oriuntur.
989 1062 1078 1095 iridis
1089 1060 1181 1100 >fibrae
1201 1075 1288 1097 uveae
1307 1063 1456 1100 foramen

84 1110 216 1157 cingunt
228 1132 244 1152 ‚,
254 1110 349 1156 idque
360 1121 414 1144 aut
428 1109 560 1144 dilatant
573 1121 627 1143 aut
637 1109 838 1145 contrahunt.

97 1159 216 1192 ⁴Motus
228 1157 497 1193 earumvfibrarum
508 1158 627 1205 duplici
640 1158 771 1204 quidem
782 1162 906 1192 ratione
918 1156 1069 1204 explicari
1083 1158 1195 1205 potest·
1206 1160 1256 1193 Eae
1271 1162 1393 1207 quippe
1406 1161 1459 1196 vel

80 1203 213 1254 spectari
223 1206 347 1253 poffunt
359 1207 543 1241 ut=totidern
554 1205 701 1248 musculi,
715 1208 770 1252 qui
782 1206 927 1240 contrahi
945 1211 979 1242 δε
997 1205 1129 1239 relaxari
1143 1205 1266 1253 possunt
1276 1236 1284 1249 ‚
1299 1211 1388 1254 juxta
1401 1222 1459 1243 va-

79 1256 141 1288 rias
152 1254 281 1290 luminis
291 1260 325 1291 &
338 1254 542 1302 objectorum
553 1253 767 1302 impressiones
772 1266 837 1298 3aut
848 1265 936 1288 certe
945 1265 980 1288 ut
990 1253 1215 1288 minutiffimos
1230 1255 1355 1290 tubulos
1366 1257 1459 1305 spon-

79 1301 167 1349 giosi
183 1304 321 1350 quadam
339 1305 473 1338 materia
489 1303 630 1350 repletos
652 1303 726 1337 licet
740 1315 849 1338 mente
864 1305 1044 1350 concipere.
1062 1304 1153 1349 >Qae
1178 1304 1310 1350 quidem
1325 1309 1457 1340 materia

79 1350 243 1398 spirituum
255 1352 376 1387 accessu
387 1351 597 1387 intumescens
611 1351 705 1386 fibras
714 1351 883 1387 contrahit.
904 1353 950 1386 Ac
962 1350 1115 1399 proceffus
1132 1351 1255 1385 cilia-res
1269 1351 1356 1387 fibris
1369 1355 1455 1388 iridis

78 1412 144 1435 non
155 1399 316 1435 diffimiles
332 1400 451 1436 eodem
461 1413 593 1447 quoque
602 1401 702 1435 modo
712 1399 820 1435 laxant
833 1427 843 1442 ,
857 1410 911 1434 aut
921 1400 1073 1447 stringunt
1085 1399 1308 1448 crystallinum.

112 1450 193 1483 Tres
206 1449 317 1484 itidem
331 1448 399 1484 sunt
415 1449 500 1483 oculi
519 1450 678 1484 humores,
688 1451 818 1483 ‘Primus
830 1449 872 1482 est
883 1450 1070 1494 aqueu5‚qui
1081 1451 1188 1483 tunica
1200 1462 1313 1484 cornea
1325 1455 1361 1486 δε
1372 1462 1455 1485 uvea

78 1495 211 1531 inclusus
223 1526 232 1540 ‚
245 1497 412 1544 globosam
427 1497 512 1531 oculi
525 1498 659 1542 figuram
676 1496 773 1531 efficit
786 1514 795 1539 3
806 1496 887 1531 secta
899 1509 1014 1531 cornea
1027 1498 1078 1531 hic
1090 1496 1221 1540 diffluit3
1244 1510 1384 1544 eumque
1397 1501 1454 1532 ad-

78 1545 210 1580 modum
221 1545 282 1580 eise
297 1544 492 1593 spirituosum
507 1575 518 1590 ‚
539 1542 613 1581 hinc
629 1545 869 1594 licetecolligeie
880 1545 970 1592 quod
983 1547 1143 1582 acerrimo
1158 1545 1271 1594 frigori
1285 1547 1455 1594 expositus,

77 1595 132 1628 vix
141 1594 340 1642 congeletur.

113 1644 294 1677 Humorem
305 1655 444 1690 aqueum
456 1643 575 1690 excipit
585 1642 775 1690 crystallinus
785 1644 818 1677 in
829 1642 920 1677 lentis
936 1641 1074 1677 formam
1087 1671 1097 1686 ,
1109 1653 1154 1677 vut
1171 1641 1241 1677 tubi
1257 1645 1355 1689 optici
1367 1672 1376 1685 ,
1399 1654 1453 1678 aut

76 1690 277 1738 microscopii
288 1694 402 1726 vitrum
414 1720 422 1733 ‚
439 1690 480 1725 ab
500 1693 718 1737 omnipotenti
731 1691 852 1725 artifice
865 1690 904 1725 sic
921 1690 1098 1725 elaboratus
1111 1720 1121 1734 ‚
1139 1703 1175 1725 ut
1186 1691 1264 1724 radii
1276 1703 1330 1737 per
1345 1692 1451 1739 pupil-

75 1737 139 1772 lam
150 1766 158 1781 ‚
172 1739 260 1773 velut
274 1740 432 1773 conclavis
446 1738 568 1774 obscuri
584 1739 730 1774 foramen
742 1768 751 1782 ,
764 1741 938 1773 cuivitrum
953 1751 1130 1773 convexum
1148 1741 1249 1786 aptari
1265 1738 1360 1781 solet,
1378 1739 1451 1774 sub-

77 1798 188 1821 euntes
203 1816 212 1829 ,
229 1800 270 1822 eo
288 1789 386 1822 modo
403 1788 633 1836 infringantur,
651 1790 706 1834 qui
726 1788 764 1821 ad
778 1788 954 1822 distindlnm
968 1786 1089 1835 objecti
1109 1790 1280 1833 imaginem
1303 1790 1336 1822 in
1350 1788 1459 1828 fundo,

57 1832 59 1835 ’
74 1835 159 1869 oculi
173 1847 324 1883 tanquam
339 1839 369 1871 in
384 1835 528 1884 oppoiito
543 1839 665 1884 pariete
676 1835 901 1871 delineandam
914 1835 1277 1882 requistum-Substantia
1289 1836 1373 1883 liujus
1391 1836 1465 1870 liu-⁴

76 1885 173 1918 moris
186 1884 268 1918 clara
281 1890 313 1921 &
326 1884 502 1932 pellucida,
512 1884 618 1920 mollis
633 1885 694 1927 est,
714 1895 749 1918 ut
760 1887 927 1932 comprimi
940 1896 996 1918 aut
1009 1885 1132 1918 dilatari
1158 1884 1252 1918 facile
1270 1884 1361 1931 possit
1380 1901 1390 1926 3
1412 1897 1450 1919 ac

73 1943 116 1974 ne
127 1930 248 1967 diffluat
260 1961 269 1974 ‚
284 1935 373 1967 tenui
387 1931 610 1968 membranula
620 1962 629 1976 ,
641 1945 736 1981 quam
748 1945 894 1968 araneam
902 1944 1022 1968 vocant
1034 1962 1044 1976 ,
1057 1933 1243 1968 involvitur.
1264 1936 1298 1967 ln
1309 1931 1446 1981 piscibus

73 1984 109 2015 δι
121 1978 233 2014 avibus
247 1981 289 2014 est
300 1979 472 2027 globofior.
487 1983 524 2014 In
537 1981 667 2015 homine
681 1987 713 2017 ὃ(
730 1982 968 2028 quadrupedum
981 1994 1100 2029 genere
1114 1994 1184 2029 pars
1201 1981 1284 2015 illius
1308 1984 1448 2016 anterior

75 2028 119 2063 est
136 2029 234 2075 magis
251 2028 452 2074 complanata
463 2057 472 2070 ,
490 2028 541 2061 secl
551 2040 666 2062 cornea
677 2031 776 2076 magis
784 2028 980 2075 protuberat.
998 2032 1034 2064 1n
1053 2030 1114 2063 illis
1130 2031 1208 2063 radii
1223 2043 1277 2077 per
1297 2030 1448 2078 crystalli-

73 2088 149 2112 num
158 2073 565 2123 globofiim-trnjefficitius
576 2078 691 2109 co‘e'unt
712 2090 720 2111 ι
737 2077 821 2111 unde
834 2081 996 2112 &vitreus
1015 2078 1130 2112 humor
1148 2080 1180 2113 in
1199 2081 1234 2111 iis
1252 2078 1293 2111 est
1314 2081 1447 2124 parcior.

74 2125 198 2159 Contra
216 2126 246 2158 in
263 2124 392 2159 homine
405 2123 599 2158 cuni-inflexi
613 2124 690 2157 radi-i
704 2136 760 2171 per
776 2125 948 2173 crystallini
960 2129 1155 2161 anteriorem
1170 2126 1366 2174 superficiem
1386 2128 1447 2159 mi-

73 2185 130 2208 nus
149 2185 327 2207 convexam
338 2175 461 2218 trajecti
476 2171 594 2206 tardius
615 2184 803 2207 concurrant
819 2202 828 2215 ‚
853 2186 964 2221 magna
980 2174 1120 2209 humoris
1136 2175 1285 2222 pellucidi
1305 2179 1338 2210 δε
1357 2175 1442 2209 virro

71 2220 144 2255 fuso
155 2219 260 2254 similis
278 2224 369 2269 copia
378 2226 461 2255 inter
478 2220 693 2268 crystallinum
710 2249 719 2263 ‚
738 2227 770 2256 &
787 2218 951 2257 humidum
968 2223 1050 2257 oculi
1063 2226 1236 2271 interjacet.

97 2272 174 2317 Q
187 2269 350 2304 humorne
360 2268 505 2312 diffluat,
524 2271 610 2303 tenui
628 2281 756 2316 quoque
768 2270 957 2305 membrana
979 2270 1157 2306 obducitur.
1219 2284 1376 2319 uanquam
1391 2285 1446 2308 ea-

71 2317 146 2352 dem
166 2318 250 2353 sorte
263 2316 481 2353 membranula
492 2346 500 2358 ‚
516 2330 585 2364 quae
598 2319 735 2352 vitreum
755 2318 921 2353 humorem
937 2319 1080 2355 involvit
1092 2349 1100 2362 ,
1119 2320 1229 2366 crystal
1244 2321 1288 2354 ini
1313 2334 1442 2369 quoque
1461 2353 1465 2354 ⁷

67 2376 193 2416 partem
205 2365 399 2415 superiorem
419 2368 511 2414 tegit.
537 2367 638 2414 Qod
657 2369 690 2402 in
705 2365 865 2404 charcaria
883 2366 965 2416 pisce
981 2370 1097 2416 primus
1123 2366 1307 2403 observavit
1325 2373 1446 2415 Stenot
1462 2383 1467 2399 2

1129 2417 1153 2449 Β
1182 2415 1321 2465 bbbn]
