1878 2724
396 152 453 191 326
717 143 980 180 PHYSICAE
1005 143 1151 180 PARS
1187 145 1479 182 SECUNDA.-

396 207 539 243 unquam
554 192 678 243 regredi
690 204 866 241 apparent,
880 193 933 227 vel
952 195 1024 239 quia
1034 193 1104 229 sunt
1129 193 1315 229 immobiles
1326 197 1348 239 ξ,
1370 207 1406 230 ut
1426 193 1555 229 videtur
1576 192 1797 244 coperrfico·;:

396 245 451 279 vel
470 245 575 292 potius
597 244 672 289 quia
697 241 855 277 immenso
874 244 895 277 ἐι
922 241 1020 277 nobis
1040 243 1153 277 distant
1179 243 1374 279 intervallo..
1396 247 1517 291 Neque
1539 246 1627 279 enim
1654 243 1787 278 aliunde

399 292 601 341 planetarum
616 292 686 324 loca
702 289 757 325 nisi
769 303 807 325 ex
822 290 892 326 fixis
906 290 1132 339 dignoscimus·
1160 292 1261 328 Unde
1276 289 1296 325 si
1311 295 1399 327 Mars
1414 296 1499 341 prius
1512 291 1566 327 sub
1577 305 1678 341 pr.ma
1690 293 1790 328 Tauri

398 340 489 376 stella
505 339 586 375 visus
603 368 613 384 ,
626 343 694 388 jam
704 338 761 375 sub
785 342 888 387 prima
902 341 1021 374 Arietis
1035 352 1188 389 appareat
1200 368 1210 383 ,
1230 340 1323 376 illum
1342 340 1432 391 »signo
1447 343 1576 390 integro
1590 344 1789 377 retroastum

390 388 619 436 judicabimus.
646 389 712 423 Sed
733 388 816 425 nihil
839 388 922 424 ultra
944 388 1050 424 stellas
1065 389 1143 425 fixas
1160 401 1353 426 contuemur
1365 418 1376 435 ,
1391 391 1430 426 ad
1447 391 1535 438 quod
1553 402 1663 428 earum
1678 401 1789 427 motus

396 437 584 474 referamus.

431 488 554 523 Eodem
569 487 636 522 fere
647 485 746 521 modo
757 485 908 534 explicat-i
919 483 1044 536 possunt
1056 487 1207 522 stationes
1223 492 1258 525 &
1270 487 1464 523 direffiones
1479 490 1617 524 Veneris
1628 499 1684 524 aut
1697 491 1791 524 Mer-

397 538 498 579 curii,
524 535 581 572 nisi
595 535 685 584 quod
700 537 734 571 in
742 534 883 583 apposita
896 536 1004 585 ,figura
1018 547 1106 571 rerrae
1116 536 1345 572 orbisfututus
1362 535 1436 572 fitL
1446 540 1479 574 N
1489 539 1535 581 L,
1549 536 1636 571 orbis
1650 540 1801 574 Veneris-

399 588 420 620 S
433 588 503 621 GS.
518 588 620 622 Terra
633 587 745 632 itaque
763 583 865 632 polita
873 588 909 622 -in
925 588 979 629 N,
998 589 1130 621 Venere
1145 588 1177 621 in
1192 588 1213 621 S
1234 599 1243 621 ε
1258 598 1331 621 cum
1355 597 1436 621 terra
1460 587 1662 635 progreditur
1685 585 1791 622 versus
1839 590 1842 592 ’

397 636 458 678 M,
481 647 548 670 tum
558 640 668 669 Venus
684 636 715 669 in
731 637 924 669 contrariam
934 647 1064 683 ¹partem
1078 634 1185 671 versus
1198 637 1253 678 H,
1275 634 1443 670 celerrime
1462 638 1514 684 agi
1534 636 1682 678 viderur,
1700 640 1735 672 &
1747 636 1793 670 di-

398 686 486 719 rec‘ta
501 695 648 733 apparet.
663 684 803 718 Circa-H
814 711 823 726 ,
847 682 900 718 seu
911 685 950 718 in
967 685 1161 731 quadratura
1171 687 1231 719 erit
1247 686 1284 719 in
1295 686 1438 719 maxima
1455 682 1477 719 ὲ.
1496 684 1562 719 sole
1576 683 1802 732 digreffione·;-

398 745 536 780 cumque
561 731 670 769 versus
689 730 934 776 Gmovebitur,
954 744 1030 767 stum
1045 732 1140 768 nobis
1159 735 1236 770 inN
1251 760 1262 776 ‚
1280 733 1461 769 constitutis
1476 733 1604 782 regredi
1615 732 1790 768 videbitur.

399 783 450 817 Ac
461 794 546 817 certe
558 782 729 830 plurimum
749 780 811 814 hoc
829 782 862 816 in
873 780 946 816 loco
956 780 1014 816 fibi
1026 780 1236 817 blandiuntur
1251 782 1490 830 Copernicani,
1509 782 1600 829 quod
1612 781 1694 826 loca,
1705 793 1792 818 tern-

399 843 478 879 pora
499 859 509 873 ,
525 843 613 865 arcus
628 828 818 879 regreffiium
833 842 905 865 cum
915 829 1048 865 siderum
1057 830 1233 866 intervallis
1251 842 1327 879 apte
1338 828 1546 866 consentiant.
1567 830 1631 865 Sed
1645 832 1677 865 in
1696 830 1792 879 syste-

400 892 487 916 mate
500 880 718 929 Tychoniano
734 879 847 914 eadem
863 879 1076 928 phaenomena
1094 879 1165 915 satis
1176 892 1252 929 apte
1262 879 1461 929 explicantur
1471 908 1482 924 ‚
1497 892 1569 917 cum
1585 878 1630 916 sol
1645 882 1792 928 quinque

398 930 602 978 planetarum
621 939 767 963 centrum
781 939 888 963 motus
907 940 1018 964 eorum
1026 927 1199 977 gubernet.

434 979 518 1014 Cum
529 978 596 1013 haec
604 980 689 1026 typis
708 977 934 1013 mandarentur
945 990 1030 1013 anno
1044 979 1117 1021 ⁵678
1129 978 1181 1012 die
1199 991 1234 1023 27
1247 976 1408 1014 Febmarii
1420 975 1499 1012 hora
1523 987 1542 1018 7
1566 989 1639 1012 cum
1657 977 1794 1014 dimidia

401 1029 553 1063 Saturnus
568 1027 649 1061 lunae
658 1024 846 1074 interpositu
859 1024 996 1061 deficere
1008 1025 1088 1061 visus
1101 1027 1144 1061 est
1161 1039 1179 1063 :⁷
1189 1024 1404 1075 qux-eclipsis
1424 1027 1457 1061 in
1469 1024 1708 1061 Observatorio
1719 1027 1792 1061 Re-

401 1079 455 1125 gio
469 1077 572 1112 {rDD
589 1074 722 1110 Caffino
736 1104 745 1118 ,
764 1076 875 1112 Picard
887 1105 898 1120 ,
917 1081 950 1112 δε
965 1074 1269 1125 Romerseparatim
1280 1075 1343 1110 fuit
1352 1072 1544 1117 observata,
1560 1077 1608 1109 uti
1623 1074 1666 1109 ab
1682 1075 1792 1122 insigni

405 1127 584 1160 Geometra
595 1126 639 1160 D.
658 1123 740 1158 decla
754 1125 836 1158 Hire
847 1137 934 1161 nunc
947 1126 1063 1172 Regiae
1074 1125 1259 1160 Academiae
1277 1124 1364 1160 socio
1377 1153 1386 1168 ,
1409 1125 1467 1171 qui
1492 1135 1564 1158 earn
1584 1126 1790 1171 conjunfflo-

401 1187 478 1211 nem
491 1174 580 1208 dorni
593 1171 844 1208 suaeobservavit
861 1201 870 1216 ,
888 1173 1120 1212 &delineavit.
1147 1176 1278 1210 Omnes
1301 1175 1334 1209 in
1347 1184 1496 1221 tempore
1516 1178 1549 1209 δέ
1565 1174 1792 1213 circunstanriis

401 1222 524 1258 interse
535 1233 733 1257 convenere.
748 1223 996 1258 Saturnus-luna:
1013 1234 1138 1270 partem
1155 1222 1374 1259 obscuram&
1387 1221 1593 1259 Orientalem
1618 1220 1720 1257 subire
1744 1224 1791 1256 ita

403 1271 566 1313 visusest‚
578 1281 614 1305 ut
623 1269 703 1304 nihil
716 1269 758 1304 de
775 1275 840 1318 ejus
857 1269 955 1320 figura
974 1273 1008 1306 in
1021 1271 1091 1319 ipso
1104 1270 1240 1319 iugress‘u
1257 1282 1422 1315 mutatum,
1433 1270 1541 1306 fuerit.
1561 1273 1615 1307 vEx
1630 1284 1698 1317 quo
1716 1270 1792 1307 licet

401 1319 557 1368 colligere
565 1319 652 1354 lunae
662 1317 784 1354 nullam
799 1318 860 1354 effe
873 1319 1118 1368 atmosphaeram
1132 1318 1355 1355 circumfusam
1370 1318 1411 1353 ab
1425 1318 1545 1353 aethere
1559 1320 1727 1355 diversam.
1737 1323 1791 1355 ln-

403 1379 451 1403 rra
463 1371 555 1404 unius
564 1368 681 1402 minuti
693 1372 727 1404 &
742 1380 786 1412 49
800 1367 1007 1404 secundorum
1017 1371 1144 1404 Saturni
1160 1368 1297 1404 annulus
1317 1368 1383 1403 fuit
1394 1366 1576 1403 obscuratus
1590 1384 1598 1411 3
1617 1371 1706 1404 unius
1728 1369 1790 1405 ho-

403 1428 444 1451 1·ae
455 1423 488 1455 &
500 1432 533 1454 xo
550 1420 749 1452 minutorum
768 1415 870 1464 spatio
886 1418 1015 1452 duravit
1033 1416 1154 1466 eclipfis
1173 1434 1187 1461 3·
1202 1429 1340 1465 cumque
1358 1429 1397 1451 ex
1414 1416 1516 1451 lunari
1534 1429 1669 1465 corpore
1689 1420 1789 1461 exiit,

402 1466 488 1502 nulla
496 1465 768 1514 quoqueinillius
787 1465 886 1514 figura
900 1469 1037 1501 mutatio
1047 1468 1188 1509 accidit,
1213 1465 1290 1501 licet
1304 1475 1369 1514 prae'
1383 1465 1503 1501 lumine
1523 1468 1622 1513 partis
1635 1465 1715 1502 lunae
1732 1479 1789 1502 oc-

403 1515 502 1549 ciduae
516 1517 669 1550 Saturnus
679 1513 829 1562 pallidior
846 1515 1019 1551 videretur.
1039 1519 1082 1550 Ex
1094 1515 1155 1550 hac
1169 1517 1399 1563 conjunffione
1409 1525 1527 1564 quanta
1537 1514 1573 1550 fit
1583 1516 1666 1551 lunae
1683 1515 1789 1564 paral.

403 1563 479 1599 laxis
501 1576 556 1600 aut
571 1563 593 1599 ἐι
613 1574 697 1598 terra
720 1563 890 1609 distantia,
913 1564 1008 1601 facile
1020 1564 1234 1600 demonstrari
1247 1564 1360 1612 potest.

923 1661 1170 1698 CAPUT
1232 1641 1279 1699 m

917 1730 921 1733 Ι
967 1760 1023 1793 De
1035 1761 1191 1794 Cometa

405 1857 619 1942 COmetae
639 1859 680 1893 de
696 1858 812 1906 quibus
829 1858 989 1907 superiore
1007 1852 1235 1893 Differtatione
1253 1855 1342 1891 velut
1365 1858 1398 1892 in
1415 1856 1543 1892 tranfitu
1560 1856 1717 1902 diximus,
1737 1860 1789 1894 in·-'

493 1919 538 1941 ter
550 1907 693 1954 planetas
705 1921 768 1941 non
781 1907 855 1941 luna
867 1907 966 1942 modo
982 1937 989 1947 ,
1008 1905 1059 1941 sed
1070 1907 1155 1942 forte
1165 1908 1263 1941 etiarn
1276 1904 1339 1940 sole
1350 1905 1522 1953 superiores
1536 1905 1654 1940 merito
1670 1919 1786 1941 nume-

405 1958 466 1989 rari
480 1956 602 1990 debent
613 1971 620 1992 ε
631 1957 669 1990 de
683 1955 800 2002 quibus
812 1956 880 1990 haec
890 1969 987 2004 pauca
998 1969 1034 1989 ex
1048 1959 1090 1992 D.
1101 1954 1231 1990 Caffino
1239 1957 1357 2002 accipe.
1370 1957 1491 1990 Primus
1503 1956 1560 2002 qui
1570 1953 1612 1988 ab
1625 1967 1666 1989 eo
1677 1954 1790 1991 obser-

406 2015 497 2038 vatus
512 2005 571 2038 fuit
580 2018 666 2039 anno
679 2010 753 2049 1652
764 2004 783 2039 Ξῑ
797 2006 849 2039 die
870 2020 909 2041 20
923 2004 1113 2040 Decembris
1127 2003 1225 2049 usque
1241 2003 1282 2036 ad
1299 2003 1615 2052 septimumJa1iuarii
1626 2032 1636 2047 ,
1647 2006 1790 2051 primum·

406 2054 439 2088 in
449 2065 485 2087 ea
503 2053 605 2087 const<
616 2053 750 2088 llarione
760 2082 769 2096 ,
780 2065 846 2099 qua:
856 2056 963 2089 Orion
977 2054 1109 2098 dicitur,
1127 2052 1208 2088 visus
1229 2053 1282 2088 est.
1294 2054 1359 2087 Hic
1375 2051 1430 2087 sub
1441 2054 1568 2088 initium
1580 2063 1670 2086 motu
1684 2052 1788 2087 celer-

406 2103 489 2136 rimo
506 2101 669 2136 ferebatur
683 2131 692 2144 ,
711 2107 743 2138 &
760 2100 883 2147 singulis
902 2101 1015 2136 diebus
1043 2117 1074 2138 12
1101 2103 1215 2151 gradus
1235 2101 1424 2149 peragrabat
1443 2130 1452 2144 ,
1469 2101 1509 2135 ad
1535 2099 1787 2148 septentrionem

407 2149 580 2185 deflmstens
594 2168 603 2193 3
620 2149 789 2185 sub'finem
800 2153 852 2184 vix
867 2165 962 2185 unum
972 2152 1105 2192 gradum
1119 2149 1309 2184 decurrebat
1326 2179 1335 2193 ,
1353 2156 1386 2186 &
1402 2152 1536 2184 eandem
1551 2148 1641 2182 velut
1666 2148 1791 2183 lineam*

407 2197 570 2234 insistebat
582 2227 590 2241 ‚
613 2198 675 2234 five
693 2200 813 2234 Zenirh
828 2199 902 2234 effer
919 2193 1082 2245 proximus
1093 2230 1101 2241 ‚
1125 2199 1186 2234 five
1201 2198 1243 2233 ab
1257 2211 1297 2233 eo
1312 2199 1408 2247 longe
1425 2208 1568 2233 remotus
1587 2210 1595 2230 τ
1611 2198 1698 2244 quod
1716 2195 1787 2232 fieri

408 2262 476 2285 non
496 2247 643 2296 potuilset
656 2247 712 2283 nisi
724 2251 748 2282 is
764 2248 835 2283 luna
857 2247 962 2283 fuisset
977 2249 1071 2295 longe
1093 2249 1269 2283 sublimior.

451 2298 548 2331 Anno
566 2305 643 2338 1664
663 2298 715 2332 die
734 2297 845 2331 itidem
866 2313 901 2333 20
915 2297 1104 2333 Decemb1·1;
1122 2297 1201 2331 visus
1220 2298 1262 2331 est
1276 2306 1401 2331 cornera
1417 2293 1513 2341 usque
1527 2294 1566 2328 ad
1580 2294 1790 2330 undecimum*

408 2347 603 2382 Martiianni
618 2353 688 2392 1665
708 2361 715 2382 :
737 2348 874 2394 primum
892 2349 924 2381 in
945 2350 1049 2394 capite
1059 2350 1146 2382 corvi
1158 2349 1319 2395 apparuit,
1346 2345 1418 2378 hinc
1431 2345 1468 2377 ad
1483 2346 1590 2377 navim
1604 2341 1764 2376 descendit
1774 2369 1790 2385 ,v

407 2399 441 2431 ὅ(
455 2395 555 2432 rursus
568 2397 607 2431 ad
618 2408 714 2445 caput
726 2397 843 2432 Arietis
859 2395 1064 2441 conscendit,
1091 2409 1164 2432 cum
1177 2407 1233 2443 per
1249 2395 1324 2431 Ceti
1341 2405 1435 2440 caput
1453 2390 1611 2436 rranfircr,
1627 2389 1684 2426 ubi
1698 2390 1786 2435 mul-⁴
