1878 2724
536 143 564 183 P
588 146 618 184 A
636 147 669 183 R
688 148 710 183 S
762 147 793 184 T
808 147 832 184 E
846 145 880 184 R
895 148 951 185 Tl
967 147 1008 185 A.
1443 151 1460 189 8

86 197 156 240 lifio
166 197 324 250 praecedit.
343 197 407 234 Sed
419 196 499 247 saepe
509 197 673 245 particulae
694 195 766 245 ipsa:
780 198 969 233 immediate
983 206 1253 242 commoventur,
1274 197 1317 234 ab
1327 209 1401 234 aere
1412 165 1481 235 isus

86 253 196 301 primis
208 279 218 293 ‚
233 250 290 297 qui
304 247 471 284 celerrime
487 257 594 283 motus
607 246 710 294 plures
724 259 896 294 corporum
909 247 1080 294 particulas
1092 245 1184 282 simili
1197 250 1346 283 motione
1360 251 1476 297 exagi-

86 311 144 337 tat.
158 301 265 347 Atque
277 298 341 333 haec
349 295 392 332 ab
403 308 476 331 aere
486 296 710 344 particularum
724 298 904 331 commotio
913 295 1019 331 multo
1037 296 1079 331 est
1088 296 1215 332 facilior
1228 306 1241 340 ,“
1257 296 1357 344 quarn
1374 310 1444 345 quae
1456 297 1477 334 ὲ

88 349 174 385 duris
187 347 373 395 corporibus
383 345 595 395 proficiscitur
613 359 621 381 :
636 343 742 393 plures
763 347 852 380 enim
867 357 922 380 aer
939 344 1142 381 circumfusus
1158 346 1326 394 particulas
1352 349 1454 395 tangit
1466 376 1477 392 ,

89 396 191 446 quarn
204 396 303 432 solida
318 408 454 444 corpora
464 395 512 430 sua
526 392 688 429 collisione
700 392 819 443 possint
830 406 1051 431 commovere.
1067 395 1196 431 Deinde
1217 395 1382 444 particulae
1405 409 1479 430 om-

86 459 143 483 nes
157 447 300 494 corporis
309 444 401 480 solidi
410 443 452 479 ab
464 442 534 491 ipsis
544 443 687 490 partibus
698 443 835 491 ejusdem
842 445 991 492 corporis
1001 444 1114 479 itidem
1124 446 1222 479 motis
1236 444 1376 479 tremulo
1388 456 1479 480 motu

88 498 204 543 agitari
217 493 337 530 debent
350 508 357 529 :
368 492 420 529 sed
433 492 503 528 satis
514 491 613 528 fuerit
630 491 650 527 fi
665 505 717 527 aet
729 492 916 529 verberatus
936 491 1135 542 superficiem
1145 495 1289 542 corporis
1305 493 1393 528 solidi
1405 505 1478 542 per-

87 544 204 591 cellat,
219 556 279 579 nec
291 545 398 579 minor
411 542 486 578 hinc
505 543 607 577 oritur
624 540 716 578 sonus
728 570 740 587 ‚
753 540 854 590 quam
865 541 886 578 si
903 554 1010 578 toturn
1027 554 1143 592 corpus
1157 553 1397 579 concuteretur.

539 624 701 674 Praecipuae
715 625 865 671 finorum
888 625 1021 673 species.

129 692 220 728 Hinc
233 690 316 726 adeo
330 689 450 740 duplex
465 690 564 726 oritur
578 688 646 727 soni
657 690 774 740 species
788 721 798 735 ‚
811 703 908 728 unum
926 689 1028 728 efficit
1037 702 1150 726 mutua
1171 702 1343 739 corporum
1362 690 1481 727 solido·

87 753 159 777 tum
168 739 288 775 collisio
299 768 309 784 ,
326 739 462 775 alterum
479 741 560 774 aeris
580 740 690 776 aduro
711 753 847 789 corpore
865 741 1024 789 percussio
1036 770 1046 785 ‚
1063 743 1120 789 qui
1134 745 1168 777 δε
1186 741 1420 776 verberationis
1434 740 1484 775 so-

88 802 148 827 nus
159 790 222 824 dici
236 789 340 837 potest
349 817 359 833 ‚
373 790 430 837 qui
445 790 480 825 in
491 801 573 824 voce
589 789 776 825 animalium
788 819 797 833 ‚
808 792 841 825 in
853 788 940 825 tibiis
954 818 964 833 ,
980 791 1012 825 in
1025 791 1129 825 ventis
1144 818 1154 832 ‚
1167 794 1200 826 ὅ(
1215 790 1395 825 tonitruest
1409 802 1484 825 con-

89 838 383 887 spicuus.Uterque
393 849 450 873 aut
462 838 505 874 est
517 836 647 887 simplex
660 867 670 881 ‚
685 850 740 873 aut
754 838 948 887 compositus
965 856 974 883 3
993 838 1048 873 ille
1063 850 1100 873 ex
1114 851 1175 874 una
1194 837 1358 874 collifione
1370 838 1484 887 profe-

90 890 159 925 &us
170 900 234 923 uno
247 887 361 921 itidem
374 888 439 922 iau
452 898 541 921 aures
552 887 718 934 percellit,
735 887 837 934 qualis
848 888 894 921 est
908 890 988 922 aeris
1003 886 1133 935 flagello
1144 886 1308 922 verberati
1320 890 1461 935 crepitus
1474 905 1484 931 ·‚

88 934 259 983 compositi
268 934 333 971 soni
343 933 509 984 impressio
522 933 640 970 diutius
650 935 844 970 durat.Cum
855 934 948 971 sonus
963 934 1156 984 compositus
1166 947 1204 971 ex
1213 938 1307 970 unica
1319 935 1485 972 collisione

89 983 301 1035 proficiscitur
311 1012 321 1028 ,
334 995 404 1019 tum
422 985 627 1019 continuatus
641 983 705 1018 dici
720 984 841 1032 potest,
853 996 888 1019 ut
899 987 933 1020 in
944 986 1010 1020 fietu
1024 997 1184 1033 campanae
1202 985 1318 1020 diutius
1340 984 1486 1033 perseve—

89 1045 183 1070 rante
193 1035 376 1082 experimur
387 1061 397 1076 ,
412 1032 500 1080 quod
511 1035 648 1080 primam
662 1032 896 1081 percussionem
908 1033 970 1067 alia
991 1033 1096 1069 statim
1112 1035 1262 1082 excipiar.
1273 1035 1362 1070 Cum
1372 1045 1485 1069 autem

91 1084 173 1121 i&us
184 1083 237 1117 alii
246 1082 316 1117 aliis
329 1081 501 1116 succedunt
511 1109 520 1125 ‚
536 1092 571 1116 ut
585 1083 617 1115 in
637 1081 746 1126 tubisJ,
759 1092 826 1116 tum
843 1080 936 1117 sonus
948 1083 990 1117 est
1005 1080 1202 1120 succeffivus.

125 1134 229 1168 Sonus
242 1129 374 1178 simplex
385 1130 501 1164 dicitur
514 1142 586 1164 cum
601 1129 668 1164 aliis
679 1141 899 1178 comparatus:
917 1133 940 1165 is
954 1132 1076 1179 quippe
1095 1143 1135 1166 ex
1159 1129 1300 1179 pluribus
1316 1135 1350 1168 δε
1364 1134 1485 1180 repeti-

93 1181 131 1216 tis
149 1179 381 1215 reflexionibus
394 1178 519 1226 semper
534 1179 580 1213 est
592 1178 797 1226 compositus.
810 1179 910 1214 Unde
921 1184 954 1216 δε
966 1182 1068 1215 varius
1081 1179 1129 1214 est
1162 1191 1238 1215 enes
1251 1182 1376 1214 aurium
1387 1186 1422 1218 ὃς
1434 1180 1486 1216 lo-

93 1241 205 1271 corum
221 1241 294 1276 quae
315 1228 519 1274 circumjecta
537 1226 607 1262 sunt
627 1255 636 1271 ,
656 1234 691 1264 δε
713 1227 823 1262 sonum
853 1228 997 1263 referunt
1006 1255 1016 1271 ‚
1037 1192 1287 1276 dispoliiionem.
1317 1228 1412 1263 Alius
1440 1230 1486 1264 est

95 1279 244 1328 tympani
258 1275 389 1325 percussi
403 1276 495 1312 sonus
514 1277 548 1311 in
571 1276 679 1311 media
692 1276 830 1324 planitie
840 1305 850 1320 ,
877 1276 958 1311 alius
984 1288 1087 1326 prope
1111 1275 1201 1314 urbis
1223 1289 1342 1314 muros,
1365 1282 1441 1313 Vox
1453 1281 1486 1314 in

93 1338 210 1376 aperto
220 1324 372 1363 &libero
383 1338 456 1360 aere
466 1325 551 1360 clara
566 1325 608 1360 est
619 1331 652 1362 &
663 1325 809 1361 distincta
824 1327 874 1365 3in
890 1325 1066 1374 personatis
1085 1324 1217 1361 obscura
1237 1331 1271 1363 &
1294 1327 1391 1363 cassa:
1410 1327 1488 1363 ferri

92 1376 261 1416 candentis
275 1373 430 1423 percuffio
443 1373 487 1409 ob
493 1373 640 1409 rusiorem
650 1373 760 1410 sonum
771 1372 872 1409 efficit
885 1403 894 1419 ,
905 1375 994 1422 quod
1009 1386 1114 1423 partes
1124 1374 1207 1410 illius
1216 1375 1403 1411 admistione
1412 1389 1488 1425 par-

95 1424 264 1459 ticularum
286 1425 368 1472 ignis
382 1423 539 1459 distra&ae
551 1423 635 1458 male
647 1422 706 1459 sint
717 1423 876 1472 colligatae
888 1452 897 1467 ‚
916 1436 1022 1471 neque
1039 1425 1121 1459 adeo
1141 1425 1206 1459 vim
1223 1423 1307 1460 suam
1325 1437 1486 1463 tueantur.

94 1474 215 1513 Eadem
225 1473 268 1508 est
278 1475 361 1507 ratio
370 1475 511 1520 corporis
525 1470 675 1521 cujusque
688 1471 846 1521 spongiosi
857 1487 865 1509 ε
880 1485 953 1508 narn
974 1477 1055 1508 aeris
1067 1473 1237 1521 interje&u
1247 1485 1352 1521 partes
1365 1473 1385 1510 ὲ
1397 1473 1426 1509 se
1439 1478 1485 1510 in*

95 1523 203 1558 vicem
212 1520 318 1556 divisae
330 1533 385 1556 aut
398 1520 488 1557 nullo
499 1550 508 1565 ‚
520 1533 575 1556 aut
589 1520 690 1556 debili
701 1521 835 1556 elaterio
854 1522 1025 1559 donantur.
1052 1522 1180 1557 Contra
1195 1521 1289 1558 sonus
1307 1523 1408 1557 clarus
1417 1524 1464 1558 est
1476 1551 1486 1567 ,

95 1575 250 1613 acutus&
261 1571 413 1615 tinniens,
428 1582 501 1605 cum
513 1569 646 1618 percussi
659 1573 802 1619 corporis
823 1582 928 1618 partes
954 1573 1038 1606 inter
1059 1568 1089 1605 se
1103 1573 1147 1606 ita
1164 1570 1234 1606 sunt
1255 1570 1413 1621 colligatae
1424 1601 1434 1616 ‚
1452 1584 1489 1608 ut

98 1619 205 1668 plures
218 1618 305 1655 simul
323 1619 485 1667 particulae
496 1621 528 1654 in
537 1621 628 1655 arcto
641 1617 744 1668 spatio
761 1631 1052 1655 commoveantur:
1067 1630 1102 1654 ut
1115 1622 1147 1654 in
1157 1620 1271 1655 incude
1285 1620 1406 1656 malleo
1416 1634 1488 1669 per—

97 1668 179 1704 cussa
195 1680 327 1704 cernere
339 1667 389 1703 est.
412 1670 466 1703 Sic
476 1671 509 1703 in
524 1680 606 1702 voce
616 1680 670 1703 aer
683 1669 700 1705 ὲ
713 1667 922 1716 pulmonibus
935 1680 1103 1716 utramque
1113 1668 1252 1717 laryngis
1263 1669 1488 1706 membranam

98 1729 136 1758 ea
150 1717 316 1751 celeritate
328 1716 415 1756 ferit,
425 1730 495 1764 quae
511 1717 551 1750 ad
564 1729 682 1752 vocem
692 1717 813 1753 claram
834 1723 868 1755 δε
883 1717 1065 1753 distinctam
1077 1720 1252 1765 requiritur
1264 1736 1274 1761 3
1292 1718 1375 1753 illius
1386 1732 1488 1755 mem-

99 1764 208 1800 branae
218 1764 377 1813 particula:
389 1766 466 1800 dum
480 1765 648 1800 celerrime
662 1765 760 1802 visua
774 1767 898 1801 clastica
911 1767 1119 1801 restituuntur
1130 1794 1140 1809 ‚
1153 1778 1259 1802 aerem
1270 1767 1403 1803 vicissim
1414 1781 1488 1803 ver.

100 1812 216 1855 beraut
229 1842 238 1857 ,
249 1813 403 1851 &sonum
416 1814 534 1849 clarum
548 1826 585 1849 ac
595 1814 780 1850 distinctum
794 1814 935 1852 efficiunt
947 1830 956 1852 ι
971 1814 1022 1850 sed
1033 1815 1072 1849 de
1084 1827 1167 1850 voce
1181 1814 1235 1850 suo
1247 1814 1320 1850 loco
1330 1815 1489 1864 pluribuse

100 1862 141 1904 de
160 1865 280 1898 tonitru
299 1861 378 1898 alibi
400 1863 549 1899 diximus.
579 1866 711 1899 Interim
724 1863 800 1898 illud
812 1865 1025 1901 admonemus
1039 1862 1101 1898 hoc
1112 1863 1222 1898 sonum
1237 1864 1297 1899 esse
1308 1864 1489 1901 vehemen-

101 1913 220 1953 tiorem
234 1940 244 1955 ‚
265 1922 319 1946 aut
334 1914 368 1947 in
379 1914 503 1947 tonitru
515 1939 526 1954 ‚
544 1923 600 1947 aut
614 1915 647 1948 in
662 1911 851 1948 bombat-dis
863 1943 873 1958 ‚
892 1926 961 1961 quo
975 1913 1078 1962 plures
1100 1911 1235 1950 solidi&
1251 1913 1319 1948 duri
1346 1918 1488 1962 corporis

100 1960 260 2008 particula:
278 1972 537 1997 commoventur.
569 1963 658 1997 Hinc
681 1961 784 1997 subita
805 1962 943 1998 accensae
968 1963 1109 1999 materiae
1126 1959 1342 1997 inflammatio
1366 1974 1489 1999 tantum

101 2008 265 2090 frlagorem
285 2005 407 2051 efficit,
424 2021 522 2056 quem
535 2011 638 2044 vicina
649 2022 786 2058 corpora
804 2011 925 2047 crebris
945 2009 1176 2047 reflexionibus
1194 2022 1313 2060 augent
1326 2016 1359 2049 δι
1377 2012 1490 2047 multi-

102 2069 123 2105 p
141 2068 236 2092 icant.

140 2108 255 2141 Motus
276 2106 482 2140 continuatus
501 2116 538 2139 ex
552 2117 618 2140 uno
638 2107 798 2156 gignitur,
813 2107 870 2153 qui
883 2105 962 2141 alios
973 2105 1105 2143 subinde
1117 2118 1282 2155 procreat,
1303 2111 1384 2144 utin
1403 2122 1491 2145 cam-

106 2154 222 2203 panula
241 2183 249 2197 ,
266 2167 365 2201 quam
380 2151 558 2202 horologiis
570 2166 680 2201 aptare
695 2154 807 2198 solent,
821 2168 956 2202 quaeque
972 2156 1072 2206 vulgo
1083 2158 1112 2191 le
1125 2156 1239 2192 timbre
1253 2158 1316 2192 dici
1326 2156 1414 2194 solet.
1427 2161 1490 2194 Pri.

105 2216 196 2246 mum
211 2215 248 2237 ex
264 2202 466 2251 homogenea
478 2231 488 2245 ,
506 2208 539 2239 δε
560 2201 603 2237 sui
614 2202 706 2238 simili
717 2206 850 2238 materia
864 2208 1071 2253 componitur
1081 2223 1090 2250 3
1100 2205 1224 2241 accedit
1235 2205 1332 2254 figura
1345 2205 1423 2241 sono
1436 2220 1491 2242 au-

105 2252 213 2301 gendo
231 2252 366 2286 idonea:
392 2264 467 2287 nam
489 2256 554 2299 ejus
577 2251 737 2298 particulae
758 2253 853 2288 facile
868 2257 1124 2303 comprimuntur
1136 2283 1145 2297 ‚
1163 2259 1198 2290 &
1215 2267 1279 2302 prae
1297 2256 1330 2288 vi
1344 2254 1468 2290 elastica
1481 2285 1493 2300 ‚

105 2301 221 2343 eadem
240 2300 397 2335 facilitate
408 2299 548 2335 resiliunt
560 2316 568 2342 ;
581 2313 617 2334 ac
626 2302 758 2336 demum
771 2314 842 2349 quae
859 2301 945 2338 faeta
960 2305 1004 2339 est
1023 2301 1213 2350 compreffio
1227 2331 1238 2346 ,
1258 2304 1362 2338 statim
1372 2305 1404 2338 in
1416 2318 1486 2340 om.

104 2361 160 2385 nes
187 2361 292 2396 partes
311 2347 516 2396 aequabiliter
530 2348 725 2386 diffimditur.

138 2397 274 2447 Triplex
286 2400 396 2448 itaque
407 2399 442 2434 in
454 2410 492 2434 ea
503 2398 695 2447 campanula
709 2410 748 2435 ex
765 2397 875 2434 mallei
889 2398 1087 2449 percuffione
1097 2412 1206 2439 motus
1215 2402 1329 2437 oritur.
1349 2403 1491 2439 Primum

1131 2453 1156 2488 E
1170 2462 1188 2487 e
1201 2461 1219 2485 e
1230 2462 1248 2485 e
1283 2451 1305 2498 ij
