1878 2724
23 200 27 207 ,
62 165 168 216 quam
177 164 290 203 volent
303 193 313 208 ‚
333 163 407 200 hinc
418 164 550 200 musculi
562 167 702 214 aptiores
722 164 843 201 suntad
858 164 1065 200 inflexionem
1074 164 1290 202 articulorum.
1303 134 1458 202 Extensgff

22 211 27 254 J
68 228 117 251 res
128 218 182 263 qui
193 227 251 264 per
265 212 402 249 ambitus
415 226 582 250 convexos
599 213 805 250 articulorum
815 215 1008 248 circumduci
1018 213 1153 257 debent,
1168 213 1374 250 flectentibus
1389 216 1458 251 sunt

22 263 25 267 ’
68 263 243 313 longiores.
261 266 380 309 Neque
391 275 498 298 earum
514 264 612 310 pedes
630 265 671 298 ita
686 265 910 312 diriguntur,ut
924 262 1061 297 articulis
1079 265 1213 298 omnino
1226 263 1392 312 explicatis
1407 265 1458 300 os-

68 312 127 348 seae
137 313 297 348 columnae
312 312 434 348 redtam
445 312 564 347 lineam
582 311 747 347 efficiant:
765 311 817 346 sed
831 314 939 346 vectes
949 309 1025 346 oss'ei
1037 312 1220 360 complicati
1234 341 1244 356 ‚
1265 318 1298 349 δέ
1313 313 1351 347 ad
1364 314 1392 349 se
1406 318 1457 350 in-

68 363 176 398 vicem
188 361 333 397 inclinati
354 372 489 409 pronam
506 362 574 396 avis
589 361 772 396 machinam
796 373 836 395 ex
852 372 966 396 centro
985 363 1150 408 gravitatis
1165 359 1334 406 sustinent3
1351 375 1388 397 ac
1401 363 1459 398 soli

68 410 250 445 extensores
271 421 374 445 totum
398 410 476 444 illud
497 422 576 457 opus
595 408 829 445 sustentationis
847 421 1006 457 peragunt
1019 437 1029 452 ,
1051 411 1127 444 dum
1146 410 1280 445 flexores
1300 415 1458 449 otiantur.

69 461 156 494 Tum
170 457 249 493 vero
262 459 396 494 stat‘avis
407 471 478 493 curn
490 458 576 492 linea
590 459 777 494 dire-Orionis
795 458 834 492 ad
850 458 1111 506 perpendiculum
1127 459 1293 496 horizonti
1307 459 1458 504 insistens,

66 509 103 542 in
126 507 264 555 spatium
285 508 306 544 ὸ.
323 508 412 556 pedis
426 507 537 556 planta
553 519 744 556 occupatum
766 506 819 542 vel
837 506 858 542 ὲ.
874 505 998 541 duobus
1028 507 1164 554 pedibus
1190 509 1458 557 comprehensum

69 556 166 594 cadit.

102 601 144 652 >40
157 607 243 642 Aves
256 603 477 641 faciliusstant
487 619 552 642 uno
562 605 645 654 pede
661 606 773 641 innixae
785 635 794 649 ‚
807 604 907 654 quam
926 603 1026 641 homo
1043 619 1050 640 z
1068 615 1142 641 nam
1160 609 1193 642 in
1210 609 1256 642 iis·
1273 608 1359 644 linea
1375 611 1458 646 dire..

67 653 186 690 ¹&ionis
197 657 302 690 minus
313 655 488 716 digreditur
498 654 518 690 ἓν,
530 655 613 702 pede
624 653 668 688 ob
683 654 859 704 praelongos
879 655 1008 704 digitoS.
1030 657 1158 690 Deinde
1172 668 1287 705 corpus
1305 658 1405 706 ipsum
1425 663 1458 695 in

70 715 175 752 prono
188 703 245 739 situ
257 703 382 738 facilius
394 702 561 738 sustinetur
581 716 618 738 ex
637 704 747 739 medio
769 703 977 752 longitudinis
988 706 1112 751 pusiolo
1135 719 1141 740 :
1160 717 1195 740 ut
1216 705 1301 740 hasta
1317 709 1356 742 ad
1370 707 1458 743 hori-

69 764 164 787 zontc
172 766 204 788 rn
220 752 350 787 extensa
367 752 387 788 a
405 754 528 799 puncto
537 753 647 787 medio
661 751 758 800 longe
773 751 898 788 facilius
911 754 1067 788 retinetur
1081 755 1113 788 in
1132 753 1314 801 aequilibrio
1326 785 1334 799 ‚
1356 757 1457 803 quam

67 800 244 850 fierigatur.
259 802 392 836 Accedit
402 800 480 835 illud
492 813 623 849 quoque
634 801 754 837 lincam
770 804 801 836 in
811 800 924 836 avibus
939 798 999 836 effe
1010 800 1240 846 brevissimam,
1255 805 1340 839 unde
1351 811 1383 842 &
1397 820 1455 841 va-

65 849 248 885 cillationes
268 849 394 884 facilius
413 853 615 898 corriguntur
631 850 729 897 quan)
741 852 771 884 in
788 849 938 892 homine,
953 850 1122 897 praesertim
1141 863 1215 886 cuni
1228 865 1302 887 aves
1321 865 1458 902 corpore

67 900 174 934 minus
185 897 460 948 gravidonentur.
477 899 567 934 Pedis
576 898 707 934 humani
722 897 888 933 breviores
907 898 976 933 sunt
995 899 1109 947 digiti,
1125 905 1158 936 &
1175 902 1264 935 inter*
1276 900 1306 936 se
1321 905 1457 950 paralle.

66 946 89 982 li
104 961 111 982 :
130 949 164 982 in
182 946 295 983 avibus
306 946 374 982 sunt
385 947 552 996 praelongi,
567 947 710 984 &instar
720 947 882 982 radiorum
899 950 931 983 in
944 946 1059 983 orbem
1073 951 1288 998 porriguntur:
1302 952 1386 987 unde
1401 967 1458 989 va..

62 994 250 1032 ouationes
264 998 296 1031 in
307 1009 441 1031 omnem
454 1008 579 1044 partem
590 1024 600 1039 ‚
614 1008 683 1031 turn
694 998 872 1032 anteriores
884 1026 895 1040 ‚
910 1002 942 1034 &
954 996 1148 1045 posteriores
1157 1026 1168 1042 ,
1188 1010 1256 1034 tum
1265 1002 1363 1036 etiam
1376 1002 1456 1038 late·-

64 1044 151 1079 :tales
166 1044 266 1092 quam
285 1044 441 1079 facillime
455 1045 604 1092 impediri
616 1044 752 1094 possunt.

106 1095 274 1129 Gammari
292 1098 325 1129 ὅτ.
344 1096 447 1129 cancri
466 1093 618 1143 peculiari
628 1095 769 1141 quodam
780 1097 879 1132 modo
892 1096 1088 1146 gradiuntur.
1106 1098 1141 1132 In
1161 1099 1198 1132 iis
1209 1110 1359 1148 namque,
1373 1101 1456 1136 mus-

68 1141 230 1186 culiintra
248 1153 353 1189 partes
373 1143 462 1177 duras
473 1144 698 1179 reconduntur.
719 1147 827 1180 Partes
845 1159 921 1181 vero
934 1146 1076 1180 duriores
1091 1148 1134 1180 ita
1152 1148 1235 1182 inter
1251 1148 1280 1183 se
1302 1153 1458 1186 commit..

69 1201 177 1226 cuntur
187 1203 223 1226 ut
236 1191 322 1226 fleeti
337 1203 393 1239 per
410 1191 543 1239 angulos
555 1191 683 1239 possint.
693 1195 771 1228 Non
784 1197 871 1230 enini
881 1207 916 1230 ut
926 1198 959 1229 in
977 1197 1094 1228 caeteiis
1112 1196 1330 1232 animantibus
1345 1198 1457 1236 offium

68 1251 217 1276 extrema
239 1239 301 1275 sese
322 1253 380 1289 per
397 1243 530 1275 extimas
554 1246 587 1278 &
611 1243 748 1289 integras
771 1242 949 1291 superficies
968 1246 1160 1291 contingunt
1179 1272 1190 1287 ,
1205 1243 1256 1279 sed
1275 1258 1331 1294 per
1356 1248 1455 1283 exiles

69 1289 298 1325 tantummodo
318 1289 485 1337 processus,
495 1289 547 1324 seu
559 1289 750 1338 apophyseS,
767 1297 800 1328 &
817 1292 901 1340 quasi
914 1305 970 1341 per
982 1291 1062 1326 duos
1080 1293 1224 1327 cardines
1237 1298 1399 1344 utrimque
1422 1301 1456 1334 in

66 1349 159 1386 parte
176 1337 290 1374 mobi-li
306 1349 435 1386 aptatos
457 1343 700 1387 conjunguntur.
720 1341 766 1374 Hi
784 1342 927 1377 cardines
947 1342 1042 1389 partis
1063 1343 1206 1376 immota:
1219 1346 1346 1392 exiguas
1368 1350 1456 1381 cavi-

69 1398 152 1421 tates
171 1386 326 1431 subeunt,
348 1393 380 1424 &
401 1389 483 1421 circa
502 1400 554 1421 eas
583 1388 703 1436 duplici
722 1388 878 1425 duntaxat
901 1402 1157 1437 contorquentur
1186 1403 1278 1426 motu
1307 1392 1455 1431 flexionis

67 1440 103 1472 &
117 1435 321 1480 extensionis,
334 1436 402 1471 fere
413 1435 599 1471 autbrachii
609 1435 670 1471 ossa
680 1465 690 1480 ‚
704 1449 739 1472 ut
749 1439 925 1487 digitorum
947 1438 1074 1474 officula
1085 1468 1095 1482 ,
1119 1451 1190 1486 quae
1202 1440 1376 1490 phalanges
1398 1459 1457 1481 vo-

67 1495 159 1521 cant.v
177 1486 265 1521 Cum
278 1488 310 1520 in
322 1485 390 1519 aliis
403 1483 518 1519 offium
531 1486 808 1521 articulationibus
826 1500 932 1522 motus
952 1488 1026 1535 saepe
1045 1488 1076 1523 in
1096 1500 1209 1523 omnes
1221 1502 1322 1537 partes
1336 1490 1456 1538 fiat3ut

67 1534 103 1569 in
115 1532 240 1569 brachii
251 1547 324 1568 curn
338 1533 471 1580 scapula,
484 1533 616 1568 femoris
633 1547 706 1569 cum
721 1534 785 1569 osse
797 1565 806 1579 ‚
821 1538 909 1583 quod
924 1536 1055 1570 ischium
1066 1537 1178 1571 dicunt
1188 1565 1198 1579 ,
1213 1541 1323 1585 prima:
1333 1541 1456 1589 digito-

68 1593 138 1617 tum
154 1583 320 1631 phalangis
331 1595 404 1616 cum
422 1595 530 1617 manus
540 1581 603 1617 osse
616 1584 704 1629 quod
715 1588 944 1633 metacarpium
956 1587 1114 1619 vocitatur
1124 1589 1338 1622 corimxione.
1354 1593 1393 1625 Et
1408 1604 1456 1626 ta·

68 1642 146 1665 men
164 1643 234 1665 crus
255 1634 414 1679 integrum
433 1634 588 1680 gummari
599 1660 609 1674 ‚
620 1630 673 1666 vel
691 1635 796 1667 cancri
811 1645 849 1668 ex
865 1633 991 1669 diversis
1004 1633 1128 1668 constat
1145 1634 1288 1682 partibus
1304 1638 1348 1672 ita
1362 1652 1456 1688 apta-

69 1681 128 1722 tis,
143 1691 178 1715 ut
193 1682 285 1715 vario
307 1679 394 1714 flexu
414 1692 541 1715 motum
562 1680 774 1727 compositum
788 1681 947 1727 efficiant,
961 1682 1093 1731 qualem
1108 1685 1139 1718 in
1153 1684 1317 1720 nonnullis
1331 1691 1456 1726 machi-

68 1729 130 1771 nis,
144 1741 180 1763 ut
192 1731 224 1764 in
238 1729 380 1763 Cardani
403 1728 553 1776 lampade
572 1733 746 1767 cernimus.

100 1780 223 1812 Verum
243 1778 296 1812 ista
314 1789 350 1813 ex
363 1776 463 1827 figura
472 1778 534 1824 ipsa
546 1807 555 1821 ‚
569 1790 666 1825 quani
678 1780 724 1816 D.
737 1781 886 1815 Perrault
899 1779 1057 1830 expressit,
1070 1780 1173 1815 multo
1184 1781 1263 1819 fient
1272 1784 1453 1820 illustriora.

72 1827 159 1860 Vide
178 1826 322 1875 figuram
350 1839 387 1873 5..
405 1825 518 1860 tabula
545 1829 651 1863 tertiae.
675 1829 704 1861 A
727 1831 752 1864 B
773 1830 803 1864 C
819 1833 851 1865 D
871 1843 1001 1866 manum
1014 1858 1024 1873 ,
1040 1842 1095 1867 aut
1109 1830 1265 1880 forcipem
1280 1838 1457 1880 gammari,

69 1874 227 1918 exhibet3
252 1887 321 1922 pars
345 1875 451 1910 crustae
477 1874 616 1923 superior
634 1875 756 1912 sublata
777 1879 844 1921 est,
861 1891 896 1913 ut
925 1891 999 1914 caro
1022 1881 1155 1914 interior
1187 1873 1294 1916 oculis?
1308 1883 1457 1932 subjicia-

69 1933 134 1957 tur.
156 1925 183 1957 A
204 1924 250 1958 cst
266 1936 335 1971 pars
347 1923 478 1958 mobilis
491 1951 501 1966 ,
518 1937 589 1970 quae
600 1924 702 1960 versus
724 1928 748 1961 B
768 1927 1106 1975 partemimniobilem
1120 1927 1345 1978 Βσᾶὶίροῑείὶ,
1358 1933 1457 1980 idque

70 1982 136 2018 ope
151 1974 262 2020 magni
276 1970 407 2006 musculi
423 1975 447 2007 E
456 1973 477 2005 F
488 2001 498 2015 ‚
509 1977 593 2020 cujus
610 1975 701 2021 origo
712 1975 755 2009 est
766 1976 871 2010 versus
885 1980 908 2013 E
920 2006 928 2020 ,
941 1975 1112 2014 &insertio
1129 1990 1230 2026 prope
1242 1991 1272 2016 a.
1284 1982 1316 2015 R
1326 1982 1371 2016 est
1380 1981 1458 2017 mus-

70 2019 160 2053 culus
178 2023 235 2066 qui
256 2032 324 2054 crus
338 2018 461 2054 mobile
473 2022 501 2055 A
514 2048 522 2061 ‚
537 2021 698 2055 distendit·
721 2026 758 2058 Et
770 2037 807 2058 ea
820 2027 953 2071 quidem
966 2038 1039 2074 pars
1052 2025 1184 2060 mobilis
1205 2029 1234 2063 A
1248 2027 1337 2077 super
1354 2032 1458 2065 cardi-

58 2080 148 2103 ·ncm
168 2080 185 2101 e
203 2097 211 2110 ‚
232 2068 336 2102 versus
354 2070 376 2102 B
394 2067 555 2110 flectitur]
574 2069 620 2103 est
633 2069 712 2104 alter
727 2073 837 2107 itidem
848 2074 942 2108 cardo
955 2076 988 2109 in
1006 2085 1097 2122 parte
1109 2075 1251 2124 opposita
1267 2079 1335 2121 ,sed
1348 2081 1458 2127 expri-

71 2119 118 2151 mi
133 2130 199 2152 non
212 2120 338 2165 potuit:
352 2129 421 2164 pais
438 2119 476 2151 M
491 2145 499 2158 ‚
518 2116 621 2153 versus
645 2120 668 2151 P
687 2133 838 2155 movetur
860 2121 949 2169 super
965 2124 1126 2158 cardinem
1143 2126 1189 2167 L,
1202 2131 1235 2162 ὅ(
1254 2125 1344 2174 super
1359 2127 1458 2163 alium

71 2165 144 2200 huic
156 2165 349 2214 oppositum.
367 2166 424 2201 KL
436 2165 590 2201 musculus
601 2167 660 2210 est,
672 2170 727 2215 qui
739 2172 779 2204 M
793 2170 926 2216 infici&
941 2171 1045 2208 versus
1057 2201 1067 2215 ‚
1084 2173 1126 2207 P:
1139 2175 1169 2207 G
1180 2177 1213 2209 H
1238 2174 1390 2210 musculus
1403 2177 1457 2220 est,

39 2242 44 2247 .
72 2216 125 2261 qui
143 2216 300 2251 extendit.

113 2263 270 2311 Pleraque
297 2264 416 2300 insecta
439 2263 636 2301 consimilem
663 2268 756 2301 nasta
775 2266 846 2304 sum
867 2271 1003 2318 partium
1027 2283 1095 2317 quae
1121 2270 1161 2304 ad
1185 2273 1456 2320 progrediendum

71 2305 142 2347 sunt
157 2312 306 2351 conccffae
320 2314 508 2351 struituram
519 2328 528 2351 ;
541 2326 631 2350 crura
646 2316 734 2361 enirn
748 2316 913 2355 ecrustofis
923 2319 1068 2367 partibus
1080 2347 1091 2365 ,
1101 2324 1262 2355 excavatis
1272 2351 1280 2364 ,
1290 2336 1357 2359 non
1367 2321 1459 2358 diffi-

1145 2370 1240 2418 -Yyy
1268 2373 1292 2418 ii
