1878 2724
502 144 590 185 'DE
625 146 802 186 M'OTU
839 147 1112 186 SIDERUM.
1417 165 1433 188 2

114 195 205 236 Haec·
218 196 266 233 est'
286 194 436 248 periodus
460 196 631 234 Metonica
653 186 898 233 decemnovalis
911 227 922 242 ,
950 197 1006 233 vel
1028 198 1137 246 cyclus
1158 208 1269 235 aureus
1288 197 1307 234 ἐι
1332 166 1479 237 Metogg

79 245 264 287 'Atheniensi
277 244 479 296 excogitatus
490 274 500 290 ,
516 249 574 295 qui
586 248 710 282 Graecis
719 248 802 283 adeo
812 247 946 296 placuit,
960 259 997 282 ut
1007 249 1038 282 in
1048 247 1122 282 foro
1132 247 1279 295 cujusque
1293 247 1380 283 urbis
1393 261 1474 299 prae-

74 296 242 346 figeretur.
272 299 387 341 Quare
413 293 435 330 fi
466 308 555 331 anno
580 299 655 342 1677
675 296 880 332 novilunium
906 296 1031 331 accidat
1050 297 1102 331 die
1122 311 1158 342 29
1175 297 1275 347 julii,
1299 300 1414 334 exa&o
1441 313 1474 345 ¹9

75 357 236 383 annorum
250 345 373 381 circulo
387 374 396 389 ‚
411 346 560 381 nimirum
577 359 664 382 anno
675 353 757 389 1696
767 375 776 388 ‚
791 348 823 381 in
832 347 972 380 eundem
982 344 1104 393 prorsus
1116 347 1358 382 diemjncutret
1371 362 1378 382 :
1390 359 1473 384 tam-

79 393 134 431 etfi
147 406 210 430 una
225 393 293 429 fere
311 394 393 430 hora
409 406 485 428 cum
507 393 628 431 semisse
641 406 838 431 antevertat.
856 395 958 442 Qod
973 397 1087 442 utique
1101 394 1269 431 discrimen
1281 408 1353 430 cum
1363 397 1474 447 negle-

72 445 168 481 &um
187 442 293 479 fuisset
306 473 316 487 ,
325 442 507 492 xa-tempore
516 446 656 481 Nicae-nae
665 444 972 494 Synodinovilunia
977 448 1045 491 jam
1058 445 1228 491 quatriduo
1235 445 1472 494 anticipabant:

68 494 165 541 -quod
178 491 353 537 paschatis,
363 499 396 531 &
411 492 563 529 festorum
574 493 750 529 mobilium
766 492 836 528 loca
850 496 988 528 omnino
998 491 1220 541 perturbabat.
1235 496 1321 529 Cum
1335 497 1423 530 enim
1440 498 1472 532 in

78 542 327 591 Martyrologiis
347 541 501 578 consueto
514 554 605 577 more
622 542 830 577 novilunium
844 541 1115 591 praenuntiabatur
1131 571 1140 587 ,
1157 548 1222 593 jam
1239 554 1370 591 quartus
1388 557 1472 592 pene

77 592 148 627 dies
162 592 241 628 lunae
254 590 423 627 effluxerat
439 605 447 627 :
468 590 520 626 sed
538 593 595 626 Gr(
606 593 712 640 gorius
729 594 805 626 xm
828 604 865 626 ca
880 592 1038 636 restituit,
1066 605 1140 627 cum
1155 593 1253 627 fastos
1276 594 1472 631 emendavit.

77 642 157 676 Haec
171 642 305 688 quidem
323 650 460 688 quaeque
474 641 514 674 ad
534 640 721 676 calendarii
734 640 900 675 historiam
913 642 1079 690 pertinent
1091 669 1101 684 ,
1119 641 1260 676 dilucide
1277 641 1449 677 admodum
1462 672 1472 687 ,

78 690 304 738 &sspererudire
313 701 420 738 nuper
432 687 578 737 exposuit
592 691 645 726 vit
659 687 768 725 clatisst
787 690 983 727 D‚.Blondel
995 691 1028 725 in
1039 701 1139 738 opere
1156 690 1243 738 quod
1262 689 1380 739 publici
1393 695 1470 740 juris

71 737 170 773 ‘stein

116 787 194 834 Qa
206 798 316 823 autem
327 786 454 822 ratione
471 785 542 822 solis
555 793 588 825 &
600 787 819 836 lunaeper-iodi
829 788 871 823 ad
880 798 982 822 certas
1003 786 1090 836 leges
1103 787 1294 824 definiendis
1311 793 1469 837 tempori-

78 834 138 871 bus
154 836 414 872 accommodatas
425 840 571 872 revocari
582 836 868 886 poffint,peculiari
885 849 984 885 opere
997 836 1139 872 nondum
1155 840 1189 873 in
1200 837 1306 873 lucem
1315 838 1403 874 edito
1416 842 1471 875 de-

77 885 266 921 monstravit
284 888 329 921 D.
343 883 486 921 Caffinus
501 899 508 922 :
522 899 624 922 novos
636 886 791 922 videlicet
804 887 912 935 cyclos
926 898 995 921 rum
1005 884 1139 929 solares,
1154 898 1223 921 tum
1233 885 1360 922 lunares
1373 900 1469 925 exco-

70 935 213 982 gitavit,
231 933 346 982 quibus
365 945 512 984 tempora
524 935 620 986 longe
635 933 762 971 facilius
774 963 786 978 ,
800 940 840 973 ¹&
853 933 1028 971 accuratius
1040 963 1052 978 ‚
1074 935 1172 983 quam
1188 936 1344 972 haetenus
1362 941 1470 974 conti-

76 985 126 1031 git
139 1012 149 1027 ,
171 984 366 1032 digeruntur.

117 1035 241 1069 Primus
264 1032 306 1067 ab
326 1045 368 1068 eo
381 1045 517 1082 magnus
526 1032 633 1082 cyclus
649 1032 756 1069 solatis
770 1035 929 1069 vocitatur
943 1062 953 1077 ,
972 1032 1062 1082 isque
1085 1048 1115 1079 33
1136 1045 1238 1070 annos
1251 1063 1261 1078 ‚
1282 1036 1359 1070 oc'to
1374 1037 1471 1071 nimi-

75 1092 145 1117 mm
154 1082 452 1131 periodosJulianas
465 1109 474 1124 ,
486 1095 620 1129 quarum
631 1095 830 1130 unaquaeque
843 1096 872 1128 4
885 1086 979 1119 annis
989 1086 1172 1119 continetur
1182 1113 1191 1127 ,
1211 1088 1245 1121 &
1260 1096 1379 1119 annum
1391 1099 1471 1134 prae-

78 1141 167 1165 terea
181 1142 390 1166 communem
405 1137 454 1176 365
470 1131 596 1166 dierum
606 1132 843 1180 compleffitur.
867 1133 1019 1167 Periodus
1028 1132 1195 1180 juliana-5.
1214 1132 1308 1168 nobis
1327 1134 1443 1169 dicitur
1460 1164 1471 1179 ‚

76 1192 148 1227 quae
161 1178 261 1214 tribus
275 1180 367 1214 armis
380 1178 609 1215 communibus
620 1209 629 1224 ,
648 1186 681 1218 δι
695 1193 814 1228 quarto
826 1180 979 1216 bissextili
1003 1184 1056 1225 366
1067 1181 1190 1217 dierum
1209 1182 1343 1218 constat.
1359 1186 1471 1231 ltaque

77 1227 131 1264 hic
145 1227 251 1276 cyclus
266 1225 367 1263 solem
380 1229 495 1262 eadem
510 1228 671 1270 hoi·a;aut
684 1230 802 1264 eodem
813 1230 898 1265 horae
908 1233 1035 1264 minuto
1044 1258 1053 1272 ,
1069 1231 1102 1264 in
1120 1230 1258 1265 eundem
1271 1232 1406 1266 Zodiaci
1419 1233 1470 1267 lo-

77 1277 306 1319 cumsestituit.
331 1278 434 1324 quue
453 1289 550 1312 unum
568 1280 689 1326 exigit,
707 1290 744 1313 ut
763 1292 789 1320 7
811 1279 963 1326 periodos
975 1277 1118 1327 Julianas
1141 1280 1291 1325 quinque
1309 1291 1479 1316 annorum*

77 1326 227 1374 periodus
241 1327 380 1372 excipiar
394 1355 405 1369 ,
424 1336 463 1360 ex
474 1325 592 1373 quibus
603 1338 742 1374 quatuor
757 1326 1015 1363 fintcommunes
1031 1356 1041 1370 ,
1055 1339 1136 1361 unus
1155 1325 1332 1364 biffexrilis.

111 1375 278 1409 Secundus
290 1373 332 1409 ab
345 1375 462 1410 eodem
473 1388 606 1424 magnus
619 1376 726 1425 cyclus
737 1375 853 1411 lunaris
871 1377 988 1411 dicitur
998 1405 1008 1420 ,
1025 1375 1138 1422 estque
1150 1391 1161 1422 3
1167 1390 1197 1424 53
1207 1388 1366 1412 annorum
1386 1377 1468 1414 sola-

78 1424 159 1458 rium
181 1441 200 1467 3*
212 1421 405 1471 compofitus
421 1423 575 1458 videlicet
589 1436 627 1458 ex
644 1428 679 1461 18
692 1426 1040 1473 periodisMetonicis,
1062 1436 1199 1471 quarum
1219 1438 1418 1474 unaquaeque
1435 1439 1467 1468 ¹9

77 1484 178 1507 annos
186 1472 416 1520 complestitur
425 1501 435 1516 ,
456 1477 490 1509 &
502 1483 653 1521 praeterea
664 1486 703 1508 ex
718 1486 780 1508 una
794 1474 928 1523 periodo
941 1474 1091 1508 undecim
1101 1486 1268 1511 annorum.
1279 1477 1346 1510 Hic
1356 1478 1470 1524 urique

76 1521 186 1570 cyclus
201 1520 300 1556 solem
323 1521 476 1558 &lunam
492 1522 523 1565 io
537 1522 678 1557 eundem
694 1523 832 1559 zodiaci
845 1523 980 1573 gradum
996 1525 1134 1559 omnino
1153 1524 1300 1560 restituit.
1325 1524 1411 1560 Cum
1438 1528 1470 1562 18

77 1571 204 1618 periodi
219 1572 418 1614 Meronicae,
439 1575 451 1615 (
467 1570 536 1618 quae
545 1569 646 1619 vulg&
660 1584 811 1607 numerus
827 1584 940 1607 aureus
955 1572 1093 1615 dicitur)
1110 1572 1312 1616 effluxerint,
1329 1573 1376 1607 his
1385 1574 1469 1608 adde

78 1630 177 1654 annos
192 1620 344 1654 undecim
354 1648 363 1661 ‚
374 1630 510 1666 tumque
523 1608 672 1666 ilumerus
685 1631 794 1656 aureus
811 1622 852 1656 ad
866 1620 956 1656 suum
971 1619 1091 1655 redibit
1109 1624 1302 1672 principium
1316 1621 1411 1668 usque
1427 1624 1469 1657 ad

78 1679 231 1717 magnam
243 1668 414 1717 periodum
428 1667 500 1702 solis
512 1672 545 1703 ὅ(
560 1668 659 1704 lunae..

176 1716 239 1751 Sed
269 1728 384 1764 magna
411 1715 484 1752 solis
508 1722 541 1752 ὃ(
564 1717 645 1751 lunae
668 1718 815 1764 periodus
838 1722 919 1762 6039
944 1718 1034 1752 annis
1054 1712 1252 1766 perficitur':
1282 1729 1321 1752 ea
1345 1721 1467 1769 quippe

77 1765 128 1809 183
137 1777 271 1811 magnos
291 1765 417 1800 solares
432 1765 540 1810 cyclos
558 1765 611 1800 seu
622 1779 655 1811 17
671 1766 796 1801 lunares
807 1766 914 1812 cyclos
934 1771 1068 1815 majores
1085 1769 1235 1802 continet
1251 1779 1325 1802 curn
1344 1769 1468 1804 duabus

77 1815 218 1862 periodis
231 1815 418 1851 Metonicis.
441 1816 526 1861 Qae
540 1817 572 1849 in
584 1816 838 1862 praecedentibus
854 1815 950 1864 cyclis
971 1815 1156 1863 supererant
1174 1817 1363 1852 minutiores
1375 1816 1470 1853 diffie-

78 1864 190 1898 rentiae
206 1891 214 1905 ‚
238 1864 305 1898 haec
322 1865 469 1911 periodus
487 1866 638 1912 corrigit,
654 1865 731 1900 dum
747 1864 960 1910 quorumdam
989 1865 1154 1912 cyclorum
1170 1865 1317 1900 defectus
1329 1865 1469 1901 aliorum

79 1909 254 1946 exceffibus
273 1912 520 1961 compensantur
540 1927 548 1949 :
564 1914 645 1948 adeo
662 1926 701 1947 ut
711 1912 753 1948 sol
765 1919 798 1951 ὃ(
813 1913 884 1948 luna
903 1915 1040 1947 omnino
1053 1914 1091 1947 ad
1105 1915 1244 1949 eundem
1262 1914 1396 1949 Zodiaci
1418 1915 1469 1951 lo.

80 1962 155 1993 dum
165 1986 175 1999 ‚
201 1961 313 1994 eadem
326 1961 405 1996 hora
416 1962 455 1995 ad
467 1962 604 1996 eundem
615 1963 827 1997 meridianum
840 1972 1054 1998 revertantur.
1063 1964 1114 1999 Ut
1123 1962 1167 1997 sol
1177 1963 1245 2012 post
1257 1977 1286 2007 33
1297 1976 1401 1999 annos
1413 1977 1469 1999 ea-

81 2006 156 2041 dem
176 2006 254 2041 hora
271 2007 326 2042 sub
349 2011 465 2044 eodem
481 2010 660 2045 meridiano
675 2012 719 2045 ad
738 2013 824 2046 idern
839 2012 1025 2058 aequinoffii
1038 2013 1196 2062 punCmm
1219 2013 1324 2048 redit:
1343 2011 1382 2047 fic
1395 2012 1469 2049 luna

82 2056 151 2103 post
166 2067 179 2098 3
196 2067 208 2099 3
233 2057 454 2093 revolutiones
470 2057 592 2092 lunares
607 2073 643 2103 27
662 2061 788 2095 dierum
799 2091 808 2105 ‚
830 2075 842 2106 5
865 2061 1015 2096 horarum
1030 2090 1040 2105 ,
1056 2066 1089 2098 &
1106 2061 1233 2110 aliquot
1254 2064 1334 2098 rnin.
1355 2055 1470 2099 eaden}

82 2105 162 2140 hora
176 2102 232 2138 sub
251 2106 368 2139 eodem
381 2108 561 2141 meridiano
575 2109 613 2142 ad
629 2110 766 2144 eundem
788 2110 910 2145 nodum
923 2113 1107 2147 revertitur.

121 2152 208 2186 Cum
218 2165 326 2188 autern
337 2155 586 2203 anniisJulianus
599 2156 711 2204 ajulio
724 2158 845 2193 (aesare
860 2160 898 2192 ad
914 2159 977 2193 haec
990 2159 1087 2207 usque
1107 2172 1253 2209 tempora
1269 2159 1468 2205 obtinuerit3

83 2213 189 2238 novos
200 2214 332 2248 quoque
344 2203 451 2251 cyclos
466 2205 662 2240 exco2itavit
675 2208 717 2242 D.
726 2208 757 2242 C
769 2207 870 2243 :ffinus
881 2220 951 2254 quae
959 2207 1042 2243 -lunae
1052 2211 1202 2257 periodos
1211 2209 1249 2241 ad
1260 2207 1390 2242 eosdem
1400 2209 1468 2245 dies

83 2253 156 2285 anni
174 2251 283 2297 Iuliani
298 2253 476 2287 restituunt.
493 2252 607 2296 Qialis
623 2269 629 2284 ‹
644 2254 668 2288 st
683 2256 789 2303 cyclus
813 2266 880 2302 464
891 2269 1046 2291 annorum
1063 2285 1072 2298 ,
1090 2257 1204 2301 quisex
1217 2256 1347 2303 Calippi
1359 2259 1468 2303 perio-

84 2299 132 2332 dis
144 2308 182 2340 76
204 2312 320 2347 nempe
334 2314 508 2342 annorum,
527 2306 715 2347 &praeterea
730 2307 806 2339 οξὶο
816 2307 909 2339 annis
921 2306 1042 2340 constat
1064 2319 1072 2341 :
1096 2304 1220 2352 singulae
1237 2303 1323 2352 hujus
1341 2306 1468 2340 numeri

84 2359 169 2382 notae
181 2350 306 2383 unitate
319 2350 391 2385 sunt
405 2356 541 2398 majores
556 2365 673 2398 nxafgno
683 2353 774 2399 cyc'o
793 2368 850 2396 353·
867 2354 899 2387 ld
914 2353 992 2388 vero
1003 2356 1106 2400 exigit
1117 2365 1151 2386 ut
1168 2353 1236 2399 post
1255 2352 1304 2386 sex
1314 2354 1465 2401 periodos

85 2395 215 2444 Calippi
224 2399 263 2442 76
275 2410 431 2435 annorum
444 2428 454 2444 ‚
475 2412 530 2435 aut
538 2400 606 2448 post
620 2414 665 2448 24
680 2401 786 2449 cyclos
796 2398 922 2439 numeri
929 2404 1101 2438 aui-eiecto
1111 2403 1188 2438 anni
1199 2401 1357 2437 addantur
1368 2401 1467 2451 usque

1215 2453 1239 2488 P
1251 2452 1313 2499 ΡΒ·
