1878 2724
394 135 454 171 416
718 126 975 164 PHYSICAE
1012 128 1154 164 PARS
1193 127 1467 166 SECUNDA.

378 177 404 222 f
401 191 452 212 em
465 178 581 224 aquis3
597 177 717 225 Regum
722 174 879 222 funebres
895 177 967 212 inde
984 178 1106 212 tunicas
1121 205 1128 216 ,
1143 176 1260 225 quibus
1280 177 1434 222 combusta
1448 176 1612 212 cadavera
1629 175 1650 211 ὲ
1662 177 1782 226 relique

387 230 488 260 cim-re
499 227 695 273 separentur
707 239 717 258 .·
731 237 840 259 rarum
854 227 986 260 inventu
1000 254 1010 270 ‚
1029 224 1157 272 difficile
1172 237 1263 261 textu
1278 237 1408 274 propter
1425 225 1629 262 brevitatem.
1664 228 1782 275 Nuper

385 274 474 309 dost.
493 279 526 310 &
541 270 680 307 curiosus
696 275 745 307 vir
760 276 798 309 D.
818 275 938 309 Boconi
950 273 1071 310 Siculus
1086 275 1272 310 Academiae
1283 287 1322 309 ex
1334 275 1427 310 Italia
1438 273 1519 310 misit
1529 274 1710 323 oblongum
1722 276 1783 312 hu-

379 322 515 370 jusmoii
538 319 718 356 funiculum
741 334 780 357 ex
799 324 946 358 amianto
966 335 1178 368 contextum,
1191 329 1248 372 qui
1272 323 1349 359 oleo
1365 323 1507 359 imbutus
1525 324 1639 367 arder,
1653 323 1781 361 sednon

387 369 600 413 consumitur,
617 368 704 418 isque
714 371 732 407 a
745 374 788 408 D.
805 372 998 407 Marchand
1014 375 1099 408 inter
1115 373 1176 408 alia
1190 374 1308 407 rariora
1321 377 1353 408 in
1366 372 1464 408 horto
1482 374 1590 422 Regio
1599 372 1780 408 asservatur:

386 418 494 454 Plures
504 418 576 454 sunt
591 418 817 467 lapidesbcertis
838 420 945 468 figuris
957 422 1096 466 addidi,
1115 424 1239 470 quique
1249 434 1364 471 magna
1380 434 1419 456 ex
1437 433 1528 470 parte
1547 434 1591 458 ex
1612 421 1783 471 vegetabi-

383 468 462 504 lium
475 479 529 502 aut
542 467 729 503 animalium
745 470 885 518 partibus
898 471 931 504 in
956 470 1076 518 lapides
1088 469 1245 506 conversis
1266 472 1462 518 prodierunt.

423 517 527 564 HuJus
541 520 668 564 generis
679 516 746 552 sunt
761 518 885 567 lapides
897 519 943 553 illi
953 520 1082 554 candidi
1092 550 1101 564 ‚
1113 532 1196 568 quos
1210 532 1249 554 ex
1263 519 1370 555 Sicilia
1384 525 1416 556 ὅ(
1430 517 1591 554 Melitenfi
1613 518 1714 554 Insula
1726 519 1784 555 ad-

384 566 526 608 vehunt,
546 565 692 613 quosque
705 566 829 614 linguas
841 568 1023 616 serpentum
1048 570 1305 606 vocanttcumii
1315 568 1395 604 nihil
1408 566 1486 612 lint,
1505 579 1540 603 ut
1551 569 1785 606 demonstravit

385 618 430 651 D.
449 618 542 648 Steno
556 644 565 657 ‚
582 627 693 661 praeter
711 616 824 651 dentes
839 617 1010 653 carchariae
1023 648 1031 658 ,
1050 618 1104 653 seu
1119 621 1207 653 canis
1221 619 1338 653 marini
1354 618 1452 652 crusta
1471 617 1499 652 la
1525 617 1595 651 idea
1612 616 1782 653 obdu&os.

387 666 493 712 Hujus
504 662 669 700 occasione
687 665 871 714 elegantem
885 668 1059 702 tractatum
1075 665 1257 716 conscripsit
1271 668 1312 701 de
1329 665 1430 701 solido
1447 669 1480 701 in
1497 630 1600 700 solido
1621 683 1630 709 3
1657 666 1714 701 ubi
1733 666 1784 702 iis.

382 714 458 747 dem
472 711 541 747 fere
556 715 720 762 principiis
731 716 841 758 utitur,
854 714 973 763 quibus
989 719 1030 753 D.
1047 717 1146 765 Boyle
1161 731 1168 753 :
1185 717 1262 751 licet
1280 715 1399 751 eodem
1413 715 1482 750 fere
1495 726 1642 763 tempore
1655 713 1784 764 scripse-

381 764 458 797 rint.
469 763 621 808 Uterque
632 764 664 796 in
679 775 715 796 ea
732 764 773 798 est
781 762 939 799 sententia
951 778 1096 813 gemmas
1106 768 1250 801 maxima
1260 764 1372 801 saltem
1385 777 1423 800 ex
1436 776 1527 814 parte
1541 764 1697 811 liquidam
1714 777 1784 801 ma.

384 813 498 846 teriem
516 822 572 845 aut
592 810 727 846 mollem
746 811 898 857 extitisse,
924 813 1046 862 lapides
1070 815 1213 850 medicos
1239 814 1319 850 olim
1337 826 1453 849 terram
1468 811 1557 848 fuiffe
1574 813 1784 849 mineralibus

384 860 513 896 foetam.
526 861 613 894 Hinc
626 859 807 895 substantiae
821 862 1026 910 vegetabiles
1039 870 1071 900 &
1080 864 1234 898 animales
1254 863 1360 899 solidis
1375 862 1535 911 lapidibus
1546 860 1783 912 inclusaer—repe-

384 910 507 944 riuntur
518 937 527 951 ‚
544 921 617 956 quae
630 921 704 944 cum
718 912 750 944 in
765 922 847 944 terra
868 911 960 946 molli
972 910 1123 955 inessent,
1142 912 1250 960 spiritu
1265 924 1321 947 aut
1339 912 1429 947 succo
1454 910 1621 959 lapidifico
1634 912 1784 947 indurue-

384 969 468 993 runt.
479 960 581 1005 Hujus
591 960 718 1004 generis
732 961 838 993 varios
849 959 969 1007 lapides
981 959 1081 996 refert
1095 966 1128 997 &
1140 960 1291 996 describit
1302 959 1469 997 Anselmus
1481 962 1618 996 Boetius.
1632 962 1684 995 Sic
1695 960 1784 997 Ada-

385 1018 511 1042 mantfs
523 1006 673 1054 rupibuS,
685 1018 741 1041 aut
752 1007 822 1042 aliis
837 1008 995 1056 lapidibus
1007 1008 1117 1044 inclufi
1132 1012 1337 1046 inveniuntur
1356 1038 1365 1053 ‚
1384 1010 1471 1057 quod
1494 1021 1627 1058 gemma
1645 1011 1679 1043 in
1699 1021 1783 1044 terra

385 1055 476 1091 molli
493 1054 725 1103 &permeabili
736 1056 875 1091 formata
889 1057 994 1094 fuerit.
1007 1059 1068 1093 Sed
1087 1071 1124 1093 ea
1137 1071 1220 1094 terra
1232 1086 1241 1102 ,
1269 1070 1325 1094 aut
1344 1058 1438 1093 limus
1453 1057 1545 1092 succo
1566 1056 1729 1106 lapidis-'ico
1746 1059 1782 1094 in

388 1103 501 1139 durum
512 1103 593 1138 abiit
604 1103 758 1152 lapidem.
778 1108 864 1141 Inter
878 1107 938 1141 alia
950 1107 1088 1156 plurima
1103 1110 1147 1144 D.
1161 1109 1259 1147 Bovle
1269 1105 1388 1143 filicem
1404 1105 1538 1142 asservat
1549 1136 1559 1151 ,
1579 1109 1637 1155 qui
1652 1105 1783 1155 serpen-

387 1165 455 1188 tem
466 1151 622 1201 exquifite
642 1152 819 1189 formatum
834 1160 866 1191 δέ
880 1156 1112 1200 convolutum,
1132 1156 1182 1191 sed
1198 1155 1262 1192 fine
1281 1159 1386 1206 capite
1405 1157 1552 1190 continet
1569 1184 1579 1199 ,
1606 1166 1704 1202 atque
1728 1155 1782 1190 hic

385 1201 514 1249 serpens
527 1215 564 1236 ex
579 1202 644 1235 alio
654 1214 774 1251 genere
787 1203 903 1250 lapidis
917 1211 949 1242 δε
964 1205 1150 1253 limpidiore
1160 1206 1287 1241 constat
1302 1219 1310 1241 ε
1325 1207 1408 1240 adeo
1423 1216 1458 1239 ut
1475 1207 1560 1253 prius
1576 1204 1672 1240 fuerit
1686 1206 1718 1240 in
1739 1203 1782 1239 la-

385 1251 497 1299 pidem
508 1250 676 1286 conversus
691 1251 789 1298 quarn
799 1251 884 1287 1llius
897 1254 1056 1291 modulus.
1070 1257 1168 1291 Nunc
1178 1255 1218 1289 de
1232 1266 1385 1304 magnete
1396 1259 1429 1291 δε
1442 1255 1474 1290 vi
1489 1255 1670 1303 magnetica
1682 1252 1779 1302 paulo

385 1298 515 1334 uberius
534 1300 707 1336 dicendum
718 1300 812 1337 nobis
825 1302 881 1337 est.

913 1400 1158 1441 CAPUT
1193 1404 1264 1440 Vl.

835 1482 889 1516 De
899 1493 1046 1532 magnete
1057 1482 1096 1519 ὠ·
1108 1488 1147 1519 vi
1164 1486 1353 1534 magnetica.

389 1544 510 1629 DE
522 1546 555 1580 vi
577 1547 758 1594 magnetica
777 1546 912 1590 diduri,
930 1559 1001 1594 quae
1021 1559 1108 1583 certa
1123 1548 1213 1591 sunt,
1231 1547 1274 1583 ab
1292 1549 1421 1583 incertis
1435 1547 1599 1583 secernere
1611 1576 1620 1592 ‚
1638 1560 1778 1598 quaeque

487 1593 583 1630 nobis
615 1593 836 1642 probabiliora
858 1596 1057 1632 videbuntur
1069 1627 1078 1640 ,
1102 1600 1135 1632 in
1154 1609 1257 1633 certas
1276 1596 1489 1632 conclusiones
1511 1597 1647 1645 dirigere
1665 1600 1696 1632 in
1708 1601 1779 1634 ani-

390 1657 448 1678 mo
473 1644 539 1679 est:
564 1643 686 1690 reliqua
707 1657 778 1691 quae
800 1647 832 1679 in
861 1657 978 1680 naturae
988 1647 1115 1681 occulto
1126 1647 1228 1682 latent
1243 1648 1296 1689 ,in
1315 1646 1425 1681 medio
1439 1645 1671 1694 relinquemus.
1687 1649 1778 1683 Nam

390 1691 474 1727 bene
485 1694 592 1727 actum
602 1691 769 1728 nobiscum
783 1693 882 1729 fuerit
900 1693 920 1728 fi
943 1696 975 1729 in
990 1697 1026 1729 iis
1042 1708 1113 1743 quae
1123 1697 1205 1730 adeo
1217 1693 1290 1730 sunt
1304 1693 1463 1740 abstrusa,
1480 1695 1637 1742 quiddam
1658 1694 1778 1732 verofi·

387 1741 468 1775 mile
484 1740 577 1776 nobis
590 1753 743 1778 occurrat.

419 1791 614 1836 Magneticae
625 1792 708 1825 vires
723 1791 763 1824 ad
783 1792 838 1825 tria
851 1789 1051 1837 potiffimfim
1063 1793 1166 1839 capita
1185 1791 1299 1826 referri
1318 1792 1600 1841 possuntffltimtim
1614 1795 1701 1829 enim
1712 1806 1779 1829 ma-

386 1851 464 1887 gnes
479 1837 542 1873 sese
554 1839 592 1872 ad
608 1850 698 1873 terrae
711 1838 804 1886 polos
820 1841 927 1887 dirigit
946 1857 955 1883 3
970 1852 1007 1873 ac
1028 1839 1087 1873 suis
1102 1841 1214 1874 itidem
1232 1841 1314 1887 polis
1332 1842 1497 1876 instruetus
1509 1871 1518 1885 ‚
1535 1842 1659 1876 australi
1676 1844 1776 1877 nimi-

386 1899 459 1922 rum
470 1893 502 1924 δε
512 1886 654 1930 boreali,
668 1886 792 1935 semper
803 1886 915 1935 polum
933 1887 1018 1922 suum
1030 1888 1201 1922 australem
1217 1890 1256 1923 ad
1271 1889 1436 1925 borealem
1462 1902 1551 1925 terrae
1568 1890 1680 1938 polum
1694 1903 1778 1927 con-

385 1938 505 1971 vertit:
519 1947 553 1969 ut
577 1937 608 1969 in
618 1947 677 1969 acu
688 1938 815 1970 nautica
828 1948 959 1970 cernere
970 1937 1012 1971 est
1030 1950 1039 1971 :
1059 1938 1142 1970 adeo
1156 1948 1191 1971 ut
1209 1950 1257 1972 ars
1269 1941 1374 1974 omnis
1392 1940 1563 1987 navigandi
1581 1941 1614 1974 in
1635 1941 1776 1976 Oceano

388 1982 588 2034 potiffimtlm
601 2013 610 2027 ,
643 1984 706 2018 hoc
732 1986 956 2032 experimento
989 1987 1096 2034 paucis
1119 1984 1237 2021 abhinc
1274 1986 1391 2022 saeculis
1420 2000 1590 2036 comperto
1611 1990 1774 2026 innitatur.

388 2035 500 2080 Qare
525 2044 656 2081 magnes
678 2031 738 2066 vafi
756 2045 910 2080 tanquam
924 2033 1085 2083 cymbulae
1103 2034 1262 2082 impositus
1280 2037 1372 2085 polos
1400 2037 1469 2072 suos
1484 2038 1524 2071 ad
1542 2038 1651 2072 mundi
1670 2039 1777 2073 cardi-

388 2095 443 2118 nes
453 2084 635 2118 convertit:
649 2093 747 2128 atque
762 2082 827 2116 haec
838 2083 884 2116 est
897 2086 1053 2132 magnetis
1071 2084 1215 2120 directio.
1229 2087 1318 2121 Nam
1336 2099 1470 2135 magnes
1487 2098 1524 2121 ut
1540 2088 1688 2121 terrestris
1700 2089 1776 2135 qui·
1827 2114 1830 2118 .

389 2132 464 2166 dam
479 2130 595 2179 globus
609 2161 619 2175 ‚
643 2142 740 2177 atque
761 2144 794 2165 ut
819 2131 960 2179 loquitur
983 2131 1170 2176 (filbertus,
1198 2133 1326 2168 tessella
1343 2137 1488 2182 quaedam
1502 2134 1637 2177 spectari
1664 2135 1774 2174 debet.

389 2181 469 2215 Haec
481 2180 534 2214 suo
547 2191 711 2227 aequatore
724 2209 733 2222 ‚
760 2180 812 2215 vel
829 2181 948 2215 circulo
962 2183 1044 2216 inter
1061 2194 1232 2229 utrumque
1242 2184 1353 2230 polum
1364 2185 1470 2219 medio
1485 2183 1563 2226 3suis
1577 2185 1692 2219 itidem
1701 2196 1775 2219 me-

387 2230 516 2264 ridianis
526 2258 536 2274 ‚
555 2232 611 2277 qui
624 2228 666 2264 ab
678 2241 744 2264 uno
761 2229 800 2263 ad
816 2230 954 2265 alterum
966 2231 1076 2278 polum
1094 2232 1248 2266 ducuntur
1260 2260 1268 2275 ,
1293 2232 1348 2267 suo
1365 2233 1507 2280 denique
1529 2233 1700 2269 horizonte
1714 2234 1774 2270 do.

389 2290 494 2315 natur.

426 2340 453 2362 2.
467 2330 605 2374 Magnes
626 2327 743 2363 ferrum
756 2357 766 2372 ‚
782 2340 837 2363 aut
856 2328 953 2362 alium
974 2341 1158 2378 magnetem
1170 2332 1209 2365 ad
1222 2332 1250 2367 se
1269 2334 1369 2379 rapit,
1389 2341 1444 2365 aut
1461 2333 1558 2366 etiam
1577 2333 1773 2379 quandoque

389 2374 479 2422 sugat
490 2405 500 2422 ‚
517 2381 550 2413 δε
561 2375 723 2415 amolitur.
748 2378 948 2427 Qanquam
960 2378 1016 2414 illa
1030 2382 1145 2416 tractio
1156 2393 1269 2419 mutua
1279 2382 1342 2418 dici
1352 2381 1474 2429 potest:
1490 2393 1566 2417 narn
1583 2380 1604 2416 fi
1626 2382 1772 2464 maqbneti

1614 2442 1687 2477 cym
1714 2429 1770 2464 ulae
