1878 2724
91 182 146 220 ἠπ
156 189 212 216 aut
223 178 387 217 chotoidis
397 177 544 216 nondum
559 178 710 216 affictam
720 179 847 216 luminis
862 178 1066 229 impreffione
1077 183 1156 216 novi
1172 180 1292 232 objecti
1302 184 1410 235 imago
1420 150 1481 225 (ξὲ

93 240 190 279 cuper
201 242 326 278 3neque
336 228 391 264 illa
401 239 534 264 moveat
547 241 674 278 partem
684 231 799 279 organi
810 242 909 278 quam
925 229 976 265 lux
991 232 1139 278 vegetior
1155 231 1315 269 affecerat.
1336 242 1370 269 2⁰
1387 236 1476 275 Cum

93 281 197 315 minus
211 291 317 314 tutum
333 277 369 314 fit
385 278 497 314 oculos
509 278 550 312 ad
558 277 658 314 solem
671 289 862 315 converrere
871 308 882 323 ,
907 277 1063 328 possumus
1076 279 1272 316 nubeculam
1285 283 1351 317 Soli
1367 290 1474 332 proxi-

76 340 180 368 ,mam
199 332 234 365 ὅ(
252 328 392 364 lucidam
406 326 503 377 paulo
513 327 636 364 diutius
649 330 795 364 contueri
808 342 816 364 ε
829 328 1012 364 autlibrum
1026 329 1120 364 radiis
1128 328 1282 366 solaribus
1299 332 1474 381 expositum

88 376 258 432 perlegere
271 390 280 414 ε
295 389 362 413 tum
372 377 504 426 quidem
520 379 564 413 ita
573 378 820 427 perstringuntur
829 376 935 422 oculi,
951 390 988 413 ut
995 376 1089 413 clausi
1103 379 1196 414 viridi
1209 378 1318 415 colore
1332 381 1477 420 affician-

92 437 153 463 tur.
171 427 264 462 Idem
277 427 404 462 accidet
420 425 441 461 fi
452 429 556 474 aperti
566 430 598 461 in
610 425 778 462 obscurum
792 426 961 475 objectum
976 427 1152 475 dirigantur
1174 441 1182 463 :
1211 429 1242 463 id
1264 430 1350 465 enim
1376 433 1475 468 viridi

87 474 200 510 colore
211 476 349 511 nuditum
363 474 540 525 apparebit.
551 477 596 512 At
605 474 626 510 fi
638 477 670 511 in
688 474 789 511 nubes
799 478 900 511 autin
919 475 1050 522 objecta
1068 476 1223 524 quaelibet
1235 478 1370 514 candida
1383 492 1420 516 ut
1439 485 1473 518 in

88 522 187 559 flores
198 524 289 560 albos
300 536 528 560 convertantur
537 553 548 568 ‚
563 537 602 560 ea
611 524 710 559 rubro
718 525 829 561 colore
843 526 942 561 tincta
955 523 1159 574 conspicient.
1179 526 1267 562 Cum
1282 528 1388 576 primo
1403 529 1472 579 spa-

88 574 169 609 tium
180 572 340 609 obscurius
352 579 386 611 &
395 572 524 608 occlusis
535 574 635 609 oculis
646 574 764 618 viridi,
781 574 879 622 idque
893 573 991 610 rubro
1010 574 1120 609 colore
1138 577 1281 611 cinstum
1302 589 1319 611 a
1344 582 1450 626 paruit
1462 609 1475 624 ,

87 632 156 657 tum
166 621 270 658 nubes
280 621 389 670 aliqua
400 622 469 658 luce
480 622 649 672 conspersae
663 628 696 660 &
708 626 826 671 apertis
837 624 934 659 oculis
944 623 1016 658 visae
1026 653 1036 668 ,
1049 635 1092 658 eae
1100 628 1164 671 jam
1173 623 1277 659 rubrae
1289 654 1298 668 ,
1325 627 1365 661 ed
1379 629 1473 663 viridi

85 683 171 706 zona
181 673 294 707 cinctae
308 671 563 720 conspicientur,
587 672 671 707 adeo
683 683 719 706 ut
736 671 826 707 color
850 671 946 708 ruber
956 685 995 708 ex
1017 674 1115 721 priori
1132 672 1338 721 impreffione
1367 676 1474 724 super.

85 719 144 754 stes
157 747 168 763 ,
178 732 252 755 cum
264 733 352 757 nova
361 721 618 769 candorisspecie
635 721 795 768 permistus
812 723 844 756 in
858 723 998 756 viridem
1011 721 1155 757 colorem
1169 734 1349 767 commcer,
1368 737 1403 760 ut
1418 728 1471 760 vi-

83 767 286 817 ciffimjprior
305 769 416 805 viridis
427 769 545 805 coloris
564 769 695 807 affectio
711 782 786 805 cum
802 783 890 806 nova
906 771 1052 806 candoris
1070 769 1280 819 impressione
1296 776 1470 821 conjuncta

83 816 217 853 rubrum
231 816 343 854 efficit.

119 869 163 903 Ex
178 868 264 902 varia
273 869 383 914 itaque
395 866 472 902 lucis
485 870 720 916 temperatione
733 870 836 902 varios
851 867 985 904 subinde
998 868 1122 903 colores
1135 881 1301 918 emergere
1312 898 1322 913 ‚
1336 883 1397 906 nec
1412 884 1469 908 co-

82 914 189 951 lorem
209 914 297 950 aliud
315 914 376 951 effe
399 915 498 964 quam
515 916 625 952 lumen
641 927 729 951 certa
741 919 868 952 ratione
883 918 1138 953 determinatum
1154 919 1470 957 omninofatendum

80 964 219 1001 videtur.

115 1012 268 1059 Confirm.
278 1013 366 1049 Cum
382 1013 484 1048 lucidi
496 1017 638 1061 corporis
651 1015 730 1049 radii
743 1012 969 1062 imperturbati
979 1014 1018 1049 ad
1034 1014 1145 1049 oculos
1161 1019 1375 1062 perveniunt,
1399 1030 1469 1055 rum

79 1061 123 1098 sui
140 1063 290 1111 principii
306 1061 424 1096 claram
436 1062 616 1111 depingunt
641 1065 816 1110 imaginem
838 1076 845 1097 :
871 1063 974 1097 radius
990 1065 1076 1098 enim
1097 1064 1234 1111 quisque
1257 1065 1312 1100 suae
1335 1069 1468 1115 originis

77 1111 188 1146 locum
199 1109 348 1160 designat.
367 1111 468 1157 quue
479 1110 516 1146 fit
529 1140 538 1154 ,
553 1109 616 1146 sive
629 1112 748 1146 dire&
762 1113 829 1145 acie
842 1123 952 1158 corpus
966 1111 1102 1146 lucidum
1114 1111 1272 1161 spectetur
1283 1143 1292 1157 ‚
1303 1113 1366 1149 five
1377 1116 1397 1151 ἐι
1429 1130 1468 1150 0-

78 1159 141 1196 lito
151 1172 286 1204 corpore
306 1159 389 1194 illius
400 1158 508 1195 lumen
517 1159 725 1196 reflecmut:
742 1160 884 1207 quandiu
895 1162 983 1195 enim
1003 1160 1084 1194 radii
1099 1173 1232 1196 manent
1242 1164 1382 1211 integri,
1401 1129 1467 1200 spui-

101 1220 191 1243 orem
201 1207 288 1243 suum
305 1221 370 1243 non
389 1220 528 1249 exuunt,
547 1208 622 1243 licet
642 1207 776 1256 figuram
789 1208 832 1242 sui
848 1209 1000 1257 principii
1017 1210 1178 1244 interdum
1194 1223 1261 1246 non
1281 1211 1465 1249 exhibeant.

76 1257 144 1292 Sed
160 1255 315 1292 ubitanta
327 1257 371 1291 est
386 1261 420 1293 &
434 1268 500 1291 tam
512 1256 679 1305 multiplex
694 1258 853 1291 radiorum
866 1269 921 1292 aut
930 1257 1081 1301 reflexio,
1097 1269 1153 1293 aut
1165 1258 1336 1304 refra&i0‚
1348 1274 1383 1296 ut
1393 1275 1465 1310 par-

77 1318 125 1343 tes
139 1307 241 1340 etiam
258 1317 296 1340 ex
308 1304 423 1353 quibus
436 1306 513 1339 radii
524 1307 672 1341 constant
683 1335 692 1350 ‚
705 1319 743 1340 ac
764 1306 964 1341 velutatomi
977 1305 1172 1355 perturbatae
1188 1313 1222 1344 &
1241 1308 1382 1345 distortae
1396 1324 1464 1346 non

75 1353 214 1403 amplius
224 1365 315 1388 motu
331 1354 421 1388 redte
433 1382 442 1397 ‚
466 1354 518 1388 sed
535 1357 627 1389 vario
640 1361 673 1392 &
685 1354 862 1401 composito
874 1367 1010 1404 agantur
1025 1383 1034 1397 ‚
1049 1367 1117 1391 tum
1131 1355 1224 1391 aliter
1238 1360 1377 1393 retinam
1389 1357 1463 1394 affi-

75 1406 165 1439 ciunt
180 1431 190 1445 ‚
207 1401 306 1449 quam
325 1402 441 1438 fire&a
451 1402 666 1451 pervenissent
676 1403 828 1446 ‚diversis
842 1404 924 1438 adeo
945 1404 1090 1439 colorum
1102 1404 1326 1452 impressiones
1340 1420 1459 1444 creant.

74 1455 165 1490 Nam
177 1452 257 1486 radii
270 1451 360 1486 velut
370 1451 426 1486 suae
436 1453 567 1500 originis
583 1451 679 1487 obliti
698 1465 764 1487 non
781 1452 917 1500 amplius
938 1452 1025 1488 stium
1044 1453 1191 1497 fontem,
1209 1453 1260 1488 sed
1278 1467 1393 1504 corpus
1420 1470 1463 1493 ex

75 1513 143 1548 quo
156 1499 363 1536 reflectuntur
376 1530 385 1543 ‚
401 1500 557 1536 exhibent
574 1516 581 1536 z
597 1514 655 1536 nec
671 1502 751 1535 radii
770 1500 912 1536 luminosi
928 1530 938 1544 ,
953 1500 1005 1536 sed
1017 1501 1135 1550 species
1148 1501 1286 1537 vifibiles
1297 1504 1464 1553 appellan-

76 1561 133 1587 tur.
153 1550 253 1596 quue
266 1551 406 1583 maxime
419 1551 531 1584 evenit
541 1561 614 1585 cum
628 1549 734 1584 lumen
749 1548 924 1584 reflectitur
945 1549 988 1583 ab
1007 1562 1111 1599 opaco
1128 1556 1161 1587 &
1185 1551 1298 1600 aspero
1313 1565 1460 1602 corpore.

73 1598 155 1634 Illud
166 1599 253 1633 enim
264 1596 526 1632 constatinfinitis
539 1598 732 1646 corpusculis
746 1599 832 1632 varie
847 1598 1012 1647 dispositis:
1026 1600 1108 1634 adeo
1118 1599 1213 1635 urlux
1229 1612 1267 1635 ex
1281 1605 1373 1636 omni
1386 1616 1460 1651 par..

74 1658 107 1682 te
117 1649 278 1682 incurrens
290 1644 407 1689 singula
425 1646 555 1681 illustret
570 1646 751 1694 corpuscula
770 1663 778 1687 3
802 1659 900 1693 atque
919 1660 961 1683 ex
979 1649 1015 1682 iis
1036 1660 1151 1696 magna
1170 1650 1329 1684 radiorum
1343 1651 1462 1686 confu-

73 1695 159 1731 fione
170 1694 294 1730 resiliat.
312 1685 387 1730 Alie>
396 1698 516 1743 quippe
528 1695 702 1730 reflectitur
712 1696 814 1729 radius
832 1696 848 1731 ὲ
866 1695 983 1731 summa
994 1694 1142 1743 cujusque
1159 1698 1267 1745 punffl
1279 1727 1289 1741 ,
1318 1698 1369 1733 seu
1389 1713 1460 1735 cor-

73 1743 196 1792 pusculi
213 1742 377 1790 superficie
392 1773 400 1786 ‚
418 1743 482 1777 alio
502 1756 543 1778 ex
561 1744 684 1778 devexa
698 1743 841 1779 reflexus.
862 1744 942 1791 Qo
958 1748 1058 1794 magis
1072 1745 1207 1792 politum
1218 1746 1264 1779 est
1277 1759 1390 1794 corpus
1401 1777 1410 1792 ‚
1424 1754 1459 1786 &

72 1793 238 1841 pauciores
252 1791 354 1826 haber
369 1790 567 1839 superficies,
585 1792 646 1828 lioc
662 1795 822 1841 puriorem
841 1792 947 1828 lucem
962 1795 1091 1841 regerit.
1108 1792 1187 1843 Q
1199 1792 1276 1829 vero
1294 1800 1396 1844 major
1414 1798 1458 1831 est

71 1840 241 1889 asperitas,
259 1839 322 1875 hoc
334 1843 436 1888 magis
455 1841 538 1875 radii
549 1842 790 1876 confunduntur
802 1870 812 1884 ,
836 1844 892 1888 qui
913 1841 1167 1890 quaquaversum
1189 1840 1329 1879 resiliunt
1346 1859 1354 1881 :
1376 1846 1459 1879 adeo

70 1903 107 1926 ur
119 1889 198 1924 illud
215 1901 327 1937 corpus
337 1902 474 1937 opacum
485 1894 551 1938 jam
572 1891 800 1937 velutquidam
819 1891 892 1925 fons
907 1890 1035 1925 luminis
1054 1902 1214 1938 appareat.
1236 1893 1458 1940 Unumquod-

71 1950 135 1985 que
149 1940 236 1972 enim
247 1938 328 1972 illius
345 1940 497 1984 primirum
509 1940 542 1973 in
552 1938 666 1974 orbem
682 1940 795 1974 radiat.
808 1939 870 1973 lsta
888 1938 968 1975 fient
980 1938 1144 1973 illustriora
1163 1951 1201 1973 ex
1220 1943 1368 1987 proxima
1384 1954 1455 1978 con·

71 1985 228 2030 clufione,
246 1988 280 2020 in
300 1998 364 2032 qua
379 1986 584 2021 ostendemus
596 1987 709 2022 album
723 1988 867 2023 colorem
889 2000 928 2023 ex
947 1990 1089 2037 corporis
1112 1985 1280 2036 asperitate
1302 1990 1385 2027 duci.
1408 1993 1456 2027 Si.-

68 2036 167 2084 igitur

578 2082 725 2116 Secunda
744 2083 914 2129 Conclusio.

110 2177 242 2215 Albedo
253 2192 290 2213 ex
309 2179 386 2214 forti
397 2178 522 2215 luminis
539 2179 733 2224 reflexione,
748 2179 792 2215 ob
807 2180 904 2218 solam
925 2184 1068 2231 corporis
1091 2182 1283 2220 reficerent'xs
1302 2184 1453 2233 asperita-

72 2239 138 2264 tem
152 2227 368 2275 proficiscitur.

103 2277 237 2311 Probari
254 2278 361 2324 potest
371 2275 527 2311 conclusio
539 2275 647 2311 multis
660 2280 901 2324 experimentis,
919 2286 953 2316 &
966 2277 1157 2315 rationibus,
1172 2279 1281 2316 Primo
1295 2283 1380 2317 enim
1392 2282 1451 2316 du-

69 2323 162 2359 birari
172 2339 236 2360 non
248 2326 354 2371 potest
365 2328 440 2372 quin
456 2338 504 2359 res
520 2326 658 2359 candidae
672 2325 779 2362 lumen
793 2328 906 2362 fortius
919 2327 1089 2363 reflectant
1102 2355 1110 2368 ,
1125 2340 1161 2362 ut
1176 2331 1274 2377 nigrae
1286 2330 1391 2366 radios
1404 2330 1450 2365 lu-

66 2375 161 2408 minis
175 2373 261 2422 qnafi
271 2377 415 2423 captivos
426 2372 553 2411 servant
564 2403 574 2419 ‚
588 2374 756 2413 nccsmtuit
772 2388 827 2413 eos
845 2388 1022 2427 emergere.
1034 2377 1122 2412 Hinc
1130 2376 1194 2412 duo
1210 2390 1343 2425 corpora
1355 2381 1450 2428 peni·

230 2424 325 2460 Tom.
340 2426 388 2460 ΙΙ.
1185 2426 1283 2462 Ffff
