1878 2724
431 133 803 174 TRACTATUS
842 131 1166 175 SECUNDUS.
1457 150 1500 174 ιω

586 213 589 217 1
629 234 777 271 Secunda
795 232 972 280 Conclusio.

143 336 262 374 ‘Motus
283 337 393 372 omnis
411 332 431 371 *a
445 334 552 371 fluidis
565 332 755 385 corporibus
777 332 908 369 initium
923 333 1024 372 ducit.

140 386 193 426 Ut
231 384 364 420 robetur
378 413 387 429 ,
400 389 433 422 &
450 384 626 433 explicetur
637 381 817 426 conclufio,
829 393 903 465 ‘quae
937 394 1096 432 ermagnae
1116 380 1164 417 est
1182 381 1215 417 in
1234 380 1364 429 Physica
1381 381 1505 419 utilita-

108 437 150 471 tis·
160 438 194 480 ,i
230 433 434 483 praesupponi
444 432 554 482 potest
564 461 574 476 ,
590 434 679 481 quod
691 431 775 468 infra
791 431 826 466 fu
840 443 886 465 ius
930 429 1179 469 emonstrabitur
1190 459 1201 474 ,
1227 443 1294 467 non
1307 430 1394 466 aliud
1421 434 1507 469 inter

107 486 185 521 duta
196 489 231 521 ὅ(
249 483 346 519 fluida
357 494 494 531 corpora
505 481 680 517 discrimen>
690 490 874 523 occurrere,
886 479 942 514 nifi
955 483 1042 528 quod
1054 484 1087 516 in
1099 481 1186 515 duris
1196 478 1386 530 corporibus
1401 493 1507 530 partes

107 531 307 570 insenfibiles
330 530 389 568 fint
406 533 598 574 immotae,in
616 529 723 565 fluidis
737 541 818 564 vero
831 529 955 563 caedem
965 540 1072 576 partes
1092 532 1126 564 in
1138 541 1298 578 perpetuo
1318 542 1413 565 motu
1436 543 1510 565 vet-

108 582 225 620 seritur.
250 581 351 619 Unde
370 579 535 616 fiminurae
558 591 657 627 aqum·
668 589 776 628 partes
796 589 861 626 prae
879 578 1002 627 frigore
1010 580 1227 628 rigeants'sam
1239 591 1320 626 aqua
1334 577 1372 614 fit
1381 580 1511 629 g'acics,

109 637 146 669 ὃ(
163 632 250 667 dura.
267 631 353 667 Curn
364 641 475 664 autem
488 628 589 664 fluida
606 628 649 663 est
660 656 670 671 ‚
686 626 771 663 illius
785 626 948 675 particula:
959 626 1118 663 suomoru
1128 627 1198 663 salis
1211 656 1221 670 ,
1234 638 1291 662 aut
1298 630 1424 677 gummi
1439 641 1515 678 pat..

111 692 161 717 tes
172 679 341 716 exsolvunt
352 678 455 714 :adeo
462 689 498 713 ut
516 677 568 713 hic
583 688 691 713 motus
702 690 768 713 non
784 676 893 712 {tduro
903 689 1039 726 corpore
1050 707 1059 721 ,
1073 676 1127 714 sed
1147 676 1167 714 ὲ
1188 676 1291 713 fluido
1303 706 1312 720 ‚
1327 689 1445 726 nempe
1469 678 1512 713 ab

111 741 197 779 aqua
210 728 308 764 ducat
321 728 465 763 initium.
481 729 535 763 Sic
550 738 679 763 motum
696 739 788 775 aqua:
800 736 854 760 aut
875 728 931 760 a'e'r
948 724 1031 775 ipse,
1048 739 1102 762 aut
1122 739 1236 775 corpus
1255 739 1329 762 aete
1347 725 1491 762 subtilius
1505 757 1514 771 ,

112 777 204 827 quod
218 788 344 813 meatus
356 789 372 812 a
402 789 449 812 uae
471 775 557 812 subit
570 787 788 826 ,quocunque
809 787 946 811 vocetur
958 778 1094 813 nomine
1106 805 1117 821 ‚
1133 788 1190 812 aut
1206 776 1307 812 aether
1318 805 1328 820 ,
1342 787 1398 812 aut
1410 777 1514 812 coele-

111 828 166 864 stis
190 829 326 864 materia
344 838 361 861 e
404 828 457 861 cit.

149 877 231 924 Qo
243 887 352 912 autern
369 877 402 911 id
422 888 477 911 cor
501 887 538 911 us
559 875 603 910 est
614 872 758 910 subtilius
773 904 783 920 ‚
799 874 1098 913 seuinminutiores
1122 885 1230 924 partes
1245 875 1409 912 concisum
1426 907 1435 921 ,
1450 876 1515 913 hoc

114 925 241 962 facilius
256 936 385 961 motum
404 923 448 960 ab
461 937 478 960 a
495 927 532 959 iis
553 926 698 973 excipit,
710 929 743 961 ὅ(
762 927 863 973 magis
891 937 1008 961 tuctur.
1037 927 1128 963 Nam
1150 927 1276 960 minuta
1301 924 1355 960 illa
1379 938 1516 977 corpora

115 973 244 1011 occursu
260 979 419 1024 majorum
435 973 533 1010 facile
548 976 733 1023 agitantur,
753 980 786 1012 ε(
805 974 1087 1024 aliiscorporibus
1114 988 1182 1010 non
1200 973 1418 1012 adhaerescunt
1433 995 1442 1021 ·‚
1459 987 1518 1024 per

115 1024 312 1074 angustiores
329 1025 418 1060 enim
430 1020 557 1059 meatus
568 1025 687 1072 raptim
697 1022 774 1059 diffii
800 1025 871 1060 iunt
882 1053 890 1068 ,
901 1037 961 1060 nec
977 1024 1074 1060 facile
1093 1027 1126 1060 in
1144 1027 1269 1071 majora
1285 1036 1422 1074 corpora
1443 1039 1517 1060 mo-

118 1084 189 1108 tum
202 1072 289 1108 suum
307 1072 519 1109 transferunt.
531 1071 762 1122 Qamobreni
785 1085 876 1120 iquae
890 1073 1041 1122 fitpi'ima
1050 1073 1141 1110 causa
1153 1085 1260 1109 motus
1277 1075 1308 1108 in
1318 1077 1466 1118 materia,
1479 1087 1517 1109 ea

117 1123 253 1169 quidem
267 1135 334 1157 non
348 1122 410 1156 alia
425 1122 556 1157 videtur
568 1119 630 1157 eise
639 1120 698 1158 nisr
707 1121 903 1158 subtiliffima
915 1122 1104 1166 substantia,
1120 1122 1223 1170 qualis
1239 1122 1282 1156 cst
1302 1125 1333 1157 in
1346 1126 1420 1171 igne
1445 1124 1519 1173 plu-

118 1173 256 1216 rima‚in
269 1170 378 1206 lucidis
401 1169 592 1220 corporibus
603 1199 614 1215 ,
631 1172 663 1206 in
673 1173 746 1206 a'e're
757 1170 874 1220 ipso·‚in
887 1171 1077 1220 liquoribus,
1091 1177 1123 1210 &
1137 1183 1179 1206 eo
1190 1184 1240 1206 ma
1268 1173 1292 1205 is
1307 1184 1374 1219 quo
1384 1172 1457 1208 sunt
1471 1185 1519 1208 te..

118 1222 250 1256 nuiores
264 1249 274 1264 ,
290 1232 325 1255 ut
339 1222 371 1254 in
387 1219 500 1268 spiritu
522 1222 592 1255 vini
609 1219 767 1268 copiofior
779 1221 822 1256 est
839 1233 938 1268 quam
962 1223 995 1256 in
1014 1232 1108 1268 aqua.
1127 1220 1229 1256 Unde
1241 1185 1367 1268 {initus
1387 1224 1455 1257 vini
1486 1225 1519 1257 in

117 1269 270 1305 machina
282 1271 486 1319 pneumatica
497 1297 507 1313 ,
517 1269 558 1303 de
572 1281 633 1317 qua
650 1268 782 1318 postea,
800 1269 889 1304 adeo<
899 1269 991 1305 velut
999 1269 1113 1318 sponte
1124 1268 1176 1305 sua
1186 1268 1376 1305 effervescit.

161 1321 366 1367 Qanquam
384 1317 559 1354 fatendum
582 1318 772 1353 cst‘motum
799 1317 891 1354 illum
904 1320 1127 1367 quantumvis
1140 1317 1334 1355 subtilissimi
1355 1321 1498 1368 corporis
1514 1349 1523 1363 ‚

120 1367 251 1403 aliunde
263 1380 330 1403 non
344 1366 502 1416 proficisci
514 1379 613 1415 quani
622 1367 758 1416 itprinio
769 1380 917 1405 morere:
933 1381 1006 1404 cum
1021 1370 1157 1404 materia
1178 1380 1380 1416 quaecunque
1400 1369 1454 1404 illa
1464 1367 1499 1403 fit
1512 1399 1520 1411 ,

121 1428 172 1452 ex·
188 1415 218 1451 se
233 1419 373 1452 omnino
391 1415 427 1452 sit
440 1420 526 1453 iners
545 1422 579 1452 &
592 1415 703 1453 otiosa.
722 1418 831 1465 Atque
845 1429 880 1452 ut
894 1429 1000 1453 motus
1013 1418 1143 1452 cuidam
1161 1421 1302 1453 materiae
1322 1417 1358 1452 sit
1381 1420 1523 1454 maxime

122 1464 279 1502 naturalis
289 1495 298 1510 ‚
311 1477 348 1501 ut
357 1467 439 1515 igni,
454 1465 534 1502 nulli
546 1477 657 1502 tamen
668 1466 712 1500 cst
728 1465 911 1503 eisemialis.
929 1467 1037 1516 Qiod
1051 1468 1164 1515 utique
1179 1467 1327 1503 addimus
1339 1497 1348 1512 ‚
1361 1480 1396 1503 ut
1409 1479 1522 1503 eorum

122 1516 180 1563 qui
195 1525 312 1550 contra
330 1514 472 1552 sentiunt
491 1514 756 1551 cavillationibus
783 1529 1000 1552 occurramus.

164 1563 331 1608 roirca
346 1567 379 1600 in
398 1564 574 1612 horologio
594 1565 760 1612 pomuli,
777 1576 813 1599 ut
831 1565 1024 1613 exemplum
1041 1568 1182 1600 maxime
1200 1563 1349 1601 usitatum
1367 1565 1524 1601 adhibea-

125 1623 196 1648 mus
207 1641 218 1656 ,
239 1623 348 1647 motus
362 1624 430 1660 quo
440 1613 536 1648 index
549 1611 643 1647 horas
654 1612 798 1662 designat
813 1641 822 1656 ,
833 1625 872 1647 ex
885 1616 965 1648 rotis
980 1616 1082 1649 oritur
1097 1642 1106 1657 ‚
1120 1626 1191 1662 quae
1203 1612 1265 1648 sese
1288 1626 1406 1650 mutuo
1430 1616 1523 1650 strin.

151 1671 209 1696 urit
220 1673 232 1695 τ
244 1663 348 1710 prima
364 1664 512 1698 omnium
528 1672 599 1696 tota
617 1664 701 1696 circa
722 1675 820 1710 quam
836 1661 1000 1698 funiculus
1019 1663 1217 1707 involvitur,
1231 1665 1350 1711 quique
1367 1663 1523 1712 paulatini

126 1674 191 1745 {ese
204 1710 362 1758 explicat,
379 1723 419 1745 ex
434 1709 565 1746 lamella
588 1710 769 1759 chalybea,
787 1724 859 1758 quae
875 1710 938 1746 sese
953 1711 1108 1747 evolvere
1126 1714 1240 1748 nititur
1251 1741 1261 1756 ,
1275 1723 1383 1747 motus
1398 1712 1442 1747 sui
1461 1716 1525 1749 ini..

127 1760 209 1794 tium
218 1760 315 1807 capit.
328 1759 473 1794 Lemella
486 1770 585 1809 porro
595 1772 709 1795 non-ex
721 1760 763 1804 se,
778 1758 829 1794 scd
847 1760 866 1795 :a
878 1762 965 1797 renui
975 1772 985 1804 ς
997 1773 1035 1796 ut
1043 1761 1184 1798 diximus
1197 1790 1206 1805 ,
1218 1766 1251 1798 ὃ(
1260 1754 1440 1798 auidissima
1452 1760 1525 1797 sub-

127 1807 242 1844 stantia
263 1811 417 1857 agitatur,
430 1822 477 1843 eo·
487 1822 554 1856 quo
569 1808 713 1844 dicemus
727 1809 842 1853 modo,
854 1821 928 1845 curn
942 1810 984 1844 de
997 1809 1246 1847 elateriovetba
1258 1810 1428 1847 faciemus.
1441 1813 1525 1846 Haec

129 1857 274 1906 denique
290 1856 461 1893 substantia
477 1858 498 1894 ὲ
507 1859 615 1906 primo
625 1861 775 1894 omnium
791 1858 938 1894 Auth‘ore
949 1861 1017 1895 vim
1032 1872 1168 1895 omnem
1181 1859 1265 1895 suam
1278 1873 1316 1895 ac
1326 1871 1454 1895 motum
1474 1873 1524 1896 te*-

128 1907 212 1955 petit
227 1919 235 1942 e
250 1919 329 1955 ergo
342 1919 451 1942 motus
461 1906 482 1943 ἐι
497 1909 603 1956 prima
614 1912 648 1944 &
666 1910 816 1944 omniurn
825 1910 972 1957 principe
993 1907 1083 1943 causa
1099 1910 1134 1945 in
1149 1909 1283 1945 fluidam
1302 1908 1524 1951 substantiam]

130 1955 206 1990 hinc
220 1957 255 1991 in
268 1956 346 1991 dura
356 1967 494 2005 quaeque
507 1967 640 2004 corpora
650 1956 809 2006 proficisci
823 1958 972 1993 videtur:
991 1958 1076 1994 adeo
1091 1970 1127 1994 ut
1143 1958 1234 2001 fem,
1251 1963 1286 1996 &
1307 1962 1400 2009 origo
1417 1971 1524 1994 motus

132 2002 158 2039 31-
172 2003 258 2038 duris
272 2009 304 2040 &
331 2005 438 2041 solidis
455 2003 643 2054 corporibus
657 2010 763 2056 repeti
778 2019 846 2042 non
864 2005 974 2056 poffir.
1001 2010 1101 2045 Nunc
1116 2021 1190 2057 quae
1207 2011 1289 2058 jugis
1311 2015 1346 2048 &
1357 2011 1527 2044 continua,

132 2053 162 2087 si
174 2063 280 2089 motus
298 2051 335 2089 fit
350 2052 438 2090 causa
451 2083 461 2098 ,
487 2053 585 2090 nobis
600 2055 830 2106 indagandum.

652 2155 685 2191 C
717 2156 747 2190 A
781 2158 806 2192 Ρ
842 2157 878 2193 U
911 2157 950 2193 T*
991 2159 1070 2194 11.-

562 2254 620 2288 De
638 2257 732 2302 causta
753 2259 930 2293 continuati
952 2266 1085 2294 motus.-

140 2350 298 2440 N'On
311 2347 374 2383 alia
388 2350 436 2385 est
446 2352 479 2387 in
498 2350 631 2399 Phyfica
642 2352 775 2399 quaestio
786 2352 894 2390 solutu
907 2353 1082 2397 diffieilior,
1095 2364 1194 2400 quam
1205 2364 1243 2387 ea
1258 2362 1329 2401 quae
1341 2365 1426 2389 nunc
1441 2351 1529 2391 estin

236 2399 402 2482 ma'ss'us’
422 2413 524 2485 Ἥκω
543 2400 583 2438 sic
608 2401 816 2440 tractabimus
831 2430 842 2443 ‚
872 2415 913 2439 ut·
933 2404 1012 2453 quid
1035 2401 1237 2452 probabilius
1255 2401 1350 2439 nobis
1350 2399 1528 2500 didea'tur,

341 2462 398 2485 Om-
469 2477 481 2486 ο
