1878 2724
308 133 367 166 663
869 122 1041 158 -PnHYst
1054 121 1084 156 C
1095 123 1135 156 ΑΞ

309 181 460 214 st'motum
481 170 793 223 tounina.'‚Dolores
808 169 929 206 colicos
941 170 1033 206 multi
1050 170 1176 219 glandis
1189 166 1323 216 pulvere
1349 166 1457 205 sanate
1468 167 1589 206 solent..
1601 168 1719 205 Exficfi-

311 225 545 273 cantglandem
561 249 574 265 ‚
584 224 722 270 primum
740 221 897 254 corticem
907 220 1080 254 detrahunt
1096 235 1106 263 3
1124 218 1311 254 interiorem
1325 216 1474 254 nucleum
1488 217 1659 264 abradunt,
1670 220 1706 256 8<

314 289 385 311 cum
399 275 476 308 vino
492 271 624 306 miscent
636 285 643 305 ;
657 269 756 317 idque
770 270 802 304 in
813 267 958 317 pluribus
978 268 1116 303 feliciter
1127 267 1284 316 procedit.
1633 285 1635 287 ·

363 324 409 357 Ac
427 320 533 356 nescio
552 331 592 354 an
609 331 662 353 aer
673 318 815 354 factitius
831 331 868 353 ex
881 317 1043 353 alimentis
1057 320 1092 354 in
1107 315 1289 352 ventriculo
1299 318 1332 350 &
1344 314 1500 351 intestinis
1509 317 1634 364 genitus
1649 315 1721 352 hos

313 372 405 412 flatus
417 398 426 413 ‚
442 375 476 406 &
487 368 615 404 dolores
629 366 949 416 plerumquecolicos
965 380 1032 401 non
1048 376 1211 416 procreet.
1226 366 1361 411 Qanta
1380 366 1469 399 enim
1485 363 1521 399 fit
1533 364 1615 400 illius
1628 366 1708 400 aeris

314 432 364 454 vis
381 419 510 454 elastica
520 447 529 461 ‚
540 431 582 453 ox
592 419 630 451 iis
643 430 714 464 quae
728 415 783 451 suo
794 415 868 451 loco
879 415 1045 451 attulimus
1059 415 1288 463 experimentis
1297 412 1413 460 liquet.
1432 417 1502 449 Imo
1517 426 1591 449 eum
1606 416 1709 450 intet-

316 469 393 503 dum
402 479 600 503 venenatum
613 466 860 513 quodammodo
874 463 936 499 esse
950 470 984 501 ὃ(
999 464 1094 500 citius
1105 464 1226 499 insecta
1245 464 1432 498 interimere
1449 463 1548 511 quam
1571 475 1708 499 vacuum

317 515 418 565 ipsum
441 519 474 552 in
490 515 638 551 machina
659 517 864 563 pneumatica
886 514 1066 549 identidem
1084 514 1295 548 ostendimus.

352 568 422 615 fig.
436 565 548 602 tab.11-
565 563 698 600 exhibet
710 563 875 599 frustulum
890 562 946 598 ilei
963 564 1103 599 intestini
1115 575 1189 597 cum
1203 561 1293 597 foliis
1319 559 1515 597 transverfim
1532 560 1640 611 positis
1652 589 1663 605 ,
1674 570 1711 597 ut

316 615 500 663 aliquandiu
511 613 642 664 chylum
666 615 838 650 retineant.

596 712 745 747 Dlss
771 712 1072 748 ERTATIO
1114 709 1438 748 SECUNDA.

664 808 718 843 De
722 810 893 860 fhngus'nis
909 813 943 847 in
957 810 1126 857 visceribus
1141 810 1364 860 percolatiene.

320 909 440 995 CH
447 908 536 956 ylum
549 909 682 942 invenis
695 911 730 943 ὃς
741 909 864 941 arteriis
875 906 1073 955 potissimum
1085 909 1118 942 in
1129 906 1313 955 sanguinem
1325 907 1474 940 converti
1486 916 1529 939 ex
1542 905 1635 942 distis
1645 917 1715 940 ma-

407 956 559 994 nifestum
574 967 663 1003 puto.
675 954 800 990 Verum
815 956 847 989 id
860 969 927 991 non
945 955 1051 991 subito
1063 985 1072 998 ,
1090 955 1141 990 sed
1157 956 1224 1004 post
1241 954 1358 990 multos
1377 956 1525 989 circuitus
1538 981 1549 996 ‚
1565 959 1598 991 ὅ(
1613 957 1715 989 varias

321 1012 355 1044 in
365 1004 535 1042 visceribus
549 1004 786 1052 percolationes
796 1002 942 1041 efficitur.
953 1007 1042 1041 Nam
1054 1007 1085 1039 in
1098 1005 1216 1051 hepate
1225 1032 1235 1046 ,
1250 1004 1335 1037 liene
1346 1030 1355 1044 ,
1366 1008 1400 1040 δι
1410 1002 1542 1040 renibus
1556 1015 1716 1050 praepara-

324 1069 374 1092 tur
384 1085 394 1100 ‚
410 1061 444 1092 &
453 1053 495 1090 ab
506 1051 673 1087 inutilibus
684 1064 877 1101 expurgatur
887 1052 1088 1088 humoribus.
1102 1051 1246 1087 Primum
1270 1053 1379 1098 itaque
1396 1051 1437 1085 de
1446 1050 1533 1087 illius
1549 1063 1605 1099 per
1617 1052 1715 1099 hepar

325 1104 455 1142 transitu
464 1132 476 1149 ,
494 1113 561 1138 turn
573 1101 613 1147 de
624 1106 690 1148 ejus
709 1101 930 1150 percolatione
942 1105 975 1138 in
985 1101 1072 1137 liene
1086 1106 1119 1138 &
1133 1100 1264 1136 renibus
1275 1099 1458 1138 dicendum.

689 1200 691 1204 ’
731 1200 987 1238 CAPUT
1037 1200 1309 1238 PRIMUM.
1542 1213 1594 1237 .-

669 1300 724 1333 De
728 1298 898 1349 sanguinis
915 1300 949 1333 in
967 1298 1080 1348 hepate
1092 1301 1335 1349 preparatione.

329 1404 569 1489 SAnguinem
581 1400 765 1448 inJecinore
781 1397 801 1434 ὲ
815 1397 881 1433 bile
899 1399 1066 1445 expurgari
1079 1408 1204 1434 certum
1220 1397 1273 1433 est.
1290 1399 1403 1446 Hepar
1421 1397 1543 1444 quippe
1559 1405 1596 1430 nt
1618 1406 1720 1443 nuper

387 1451 617 1486 demonstravit
625 1448 695 1484 Mal
720 1448 824 1497 ighius
834 1476 843 1492 ,
858 1446 997 1483 nihilest
1010 1446 1097 1481 aliud
1110 1446 1166 1481 nisi
1176 1449 1278 1495 major
1294 1446 1440 1495 quaedam
1451 1444 1601 1494 glandula
1614 1456 1653 1479 ex
1669 1446 1720 1478 in-

328 1503 471 1538 numeris
486 1511 570 1547 pene
579 1462 736 1547 glandulis
750 1496 914 1535 velutuva
926 1508 964 1530 ex
981 1497 1081 1531 acinis
1092 1495 1343 1545 conglomerata.
1374 1497 1449 1531 Hoc
1472 1495 1585 1541 utique
1604 1493 1722 1528 intueti

330 1551 408 1586 licet
420 1552 453 1585 in
461 1550 580 1596 hepate
597 1547 756 1590 excosto,
781 1559 856 1582 cum
869 1547 1010 1580 exterior
1032 1544 1224 1580 membrana
1242 1545 1387 1580 detracta
1399 1545 1444 1579 est
1459 1571 1468 1587 ‚
1491 1544 1591 1590 idque
1603 1544 1638 1577 in
1650 1543 1723 1576 ani-

332 1598 494 1636 mantibus
512 1596 712 1645 imperfectis
727 1625 736 1640 ‚
756 1607 793 1630 ut
811 1597 842 1630 in
858 1594 992 1629 cochlea
1005 1622 1016 1637 ,
1029 1597 1062 1629 in
1074 1594 1199 1629 lacer-tis
1211 1623 1220 1637 ‚
1238 1596 1305 1629 imo
1340 1599 1374 1631 &
1402 1596 1435 1629 in
1454 1590 1593 1641 piscibus
1607 1590 1721 1625 clarius

332 1647 536 1697 conspicitur.
550 1649 584 1681 Η
589 1649 640 1681 inc
651 1644 824 1681 Gliffonius
838 1646 895 1692 qui
907 1645 1115 1680 Anatomiam
1128 1643 1253 1691 hepatis
1264 1643 1435 1692 diligenter
1445 1639 1625 1689 conscripsit
1637 1667 1647 1683 ,
1665 1638 1723 1674 he-

332 1711 388 1747 par
400 1699 539 1732 omnino
556 1694 682 1731 friabile
696 1694 838 1729 futurum
851 1695 948 1728 docet
958 1721 968 1736 ,
993 1692 1047 1728 nifi
1064 1692 1261 1727 membrauae
1274 1692 1294 1728 a
1312 1695 1490 1740 petitonaeo
1501 1702 1579 1724 ortae
1590 1718 1601 1733 ,
1617 1694 1650 1725 δε
1664 1699 1724 1723 va-

334 1747 364 1782 sa
377 1745 578 1781 dilseminata
599 1744 683 1780 illius
702 1743 908 1778 substantiam
928 1741 1045 1778 arctius
1065 1743 1272 1778 devincirent.
1292 1744 1400 1790 anue
1410 1741 1569 1775 struChita
1597 1738 1724 1786 hepatis

333 1800 367 1831 in
381 1793 571 1837 animalibus
583 1795 691 1829 recens
700 1796 782 1828 natis
794 1792 898 1835 ‚'·“ntin
912 1791 977 1826 fele
989 1790 1116 1836 facilius
1133 1792 1322 1828 advertitur.
1353 1793 1399 1826 Ac
1423 1789 1525 1824 lobuli
1540 1788 1609 1823 fere
1632 1799 1668 1821 ut
1691 1788 1725 1821 in

334 1843 544 1894 pulmonibus
554 1846 637 1878 inter
651 1841 797 1888 vasorum
811 1839 1014 1888 potiffimum
1032 1839 1201 1874 diviliones
1212 1841 1373 1877 constituti
1391 1849 1563 1873 cernuntur
1573 1864 1581 1878 ,
1596 1837 1727 1884 propria

336 1893 525 1929 membrana
539 1891 678 1925 involuti
692 1918 702 1933 ‚
719 1896 752 1926 &
767 1903 839 1924 cum
856 1890 927 1945 &iis
941 1889 1059 1923 lobulis
1081 1900 1137 1936 per
1157 1887 1302 1922 vasorum
1318 1886 1417 1922 exiles
1436 1885 1530 1920 fibras
1550 1885 1696 1919 devincti
1713 1891 1724 1914 Ξ

336 1943 419 1977 adeo
432 1954 467 1975 ut
480 1943 514 1974 in
532 1938 666 1988 piscibus
682 1938 896 1972 eaintetstitia
908 1937 1003 1972 facile
1014 1936 1151 1970 discerni
1165 1934 1284 1983 poslint
1297 1965 1307 1980 ‚
1320 1936 1478 1971 ferentin
1495 1945 1626 1968 racemo
1643 1945 1724 1968 uva-

335 2004 404 2028 rum
417 2001 514 2039 graua
523 1999 702 2025 cernuntur.
718 1987 829 2033 Atque
842 1986 874 2021 hi
887 1984 988 2020 lobuli
1008 1998 1046 2019 ex
1058 1987 1199 2021 minimis
1215 1985 1331 2020 itidem
1349 1983 1509 2034 glandulis
1522 2012 1530 2026 ,
1549 1994 1584 2017 ut
1606 1994 1669 2017 uva
1685 1993 1726 2017 ex

336 2042 434 2076 acinis
446 2034 592 2074 constant
606 2049 735 2083 3eaeque
749 2035 808 2070 suis
823 2033 900 2070 vasis
918 2040 951 2072 ὅ(
961 2033 1192 2070 membranulis
1205 2047 1271 2069 non
1279 2045 1401 2070 carent.
1413 2035 1501 2070 Tota
1517 2034 1613 2081 igitur
1625 2032 1727 2081 hepa-

338 2093 378 2126 tis
391 2088 560 2124 substantia
571 2099 609 2121 ex
629 2088 664 2119 iis
677 2084 767 2120 velut
778 2086 878 2120 acinis
889 2113 899 2128 ‚
916 2089 951 2121 &
968 2082 1044 2119 vafis
1057 2085 1270 2131 componitur.

364 2133 582 2185 Vasa'hepatis
593 2134 664 2170 sunt
671 2145 785 2181 praeter
793 2146 927 2169 nervum
939 2162 948 2176 ,
969 2139 1003 2171 &
1020 2133 1159 2181 lymphae
1170 2133 1284 2168 ductus
1301 2131 1436 2167 multum
1448 2131 1479 2164 in
1495 2141 1530 2163 ea
1544 2141 1634 2177 parte
1647 2140 1728 2163 con-

336 2190 460 2237 spicuos
474 2215 483 2229 ,
496 2191 529 2223 &
542 2186 693 2219 arteriam
704 2182 907 2230 hepaticam,
924 2195 994 2229 quae
1006 2194 1064 2230 pro
1084 2182 1210 2216 visccris
1232 2181 1319 2216 mole
1340 2182 1466 2216 videtur
1488 2181 1620 2226 exigua,
1640 2177 1728 2220 sunt,

337 2242 470 2286 inquam
481 2264 490 2278 ‚
509 2241 538 2268 1⁰
553 2245 637 2268 vena
653 2243 763 2281 porta,
781 2244 870 2279 cujus
888 2232 1008 2266 radices
1028 2243 1085 2279 per
1098 2230 1263 2265 abdomen
1278 2229 1345 2265 fuse
1358 2231 1476 2264 co'e‘unt
1488 2229 1519 2261 iu
1532 2240 1629 2262 unum
1642 2238 1729 2261 trun-

337 2301 409 2323 cum
426 2283 481 2320 sub
491 2285 642 2331 jecinoris
651 2294 743 2318 cavo,
758 2283 821 2317 Hic
834 2293 959 2316 truncus
977 2282 1009 2315 in
1024 2282 1128 2314 varios
1140 2280 1289 2315 diductus
1300 2291 1405 2313 ramos
1419 2277 1602 2324 sanguinem
1612 2274 1653 2309 ab
1670 2276 1728 2309 imi

336 2336 457 2371 ventris
472 2334 783 2382 regioneacceptum
798 2332 831 2365 in
840 2334 926 2378 jecur
936 2329 1071 2364 advehit
1087 2329 1187 2365 :adeo
1201 2341 1235 2364 ut
1249 2340 1342 2377 porta
1356 2330 1387 2362 in
1400 2332 1507 2375 jecore
1525 2336 1634 2360 munus
1649 2335 1730 2358 arte.

334 2387 389 2421 riae
403 2383 494 2420 obire
508 2382 664 2420 videatur.
678 2380 777 2417 Unde
788 2385 820 2419 ὅ(
831 2379 952 2428 duplici
967 2381 1072 2415 tunica
1083 2379 1223 2414 induitur
1236 2407 1247 2423 ,
1271 2379 1399 2427 propria
1409 2377 1557 2412 nimirum
1569 2373 1729 2417 &aliena,
