1878 2724
556 101 695 138 PARS
732 100 958 138 TERT1A;
1419 108 1452 140 8³

70 164 113 189 na
126 150 246 187 ambrae
259 155 332 186 cum
345 149 447 186 tribus
461 152 564 199 granis
582 149 694 187 Zibeti
709 152 798 187 mista
816 150 996 186 contuderis
1007 176 1018 192 ‚
1029 156 1128 196 atque
1145 148 1243 185 unam
1252 149 1308 185 aut
1318 120 1451 187 alcestin}

72 212 197 249 guttam
213 198 294 234 succi
305 199 449 244 limonii,
463 212 530 247 quo
546 212 698 249 augeatur
713 201 842 234 aciditas
855 211 912 234 aut
927 198 1149 241 fermentatio,
1159 199 1301 243 instilles,
1312 198 1451 235 suaviis-

74 263 163 285 mum
174 260 372 297 unguentum
380 247 558 285 obtinebis.
573 251 626 284 Sic
636 247 787 285 Moschus
803 247 861 282 ubi
874 260 968 297 purus
978 247 1024 281 est
1034 275 1044 289 ‚
1054 259 1120 281 uon
1140 246 1210 281 olet
1222 247 1369 292 suaviter,
1379 250 1454 284 mis-

72 309 111 332 ce
127 309 201 333 cum
213 298 338 344 aliquot
354 300 452 347 guttis
462 297 586 345 spiritus
597 297 871 340 rosaceiardeutis‚
883 294 1128 345 fragrantiffime
1140 295 1255 331 olebit·
1278 296 1389 332 Aliam
1408 300 1451 333 D.

72 347 171 394 Boyle
182 346 448 394 compositionem
466 345 565 382 affert.
588 349 686 391 Sume
709 346 787 380 οᾶο
804 357 909 394 partes
931 343 1069 387 ambrae,
1085 358 1116 379 v.
1133 343 1242 380 ambre
1258 349 1328 394 gris
1343 375 1353 389 ,
1376 347 1453 380 duas

73 393 194 429 moschi
205 407 318 438 ,unam
333 394 453 438 zibeti,
473 395 568 430 misce
579 397 723 444 optime,
739 399 773 431 &
791 407 866 428 cum
882 407 921 428 ea
937 392 1169 442 compositione
1185 404 1240 428 aut
1262 395 1362 429 flores
1373 423 1383 438 ,
1398 406 1453 430 aut

72 443 242 486 storacem,
258 456 312 479 aut
321 445 447 491 quidvis
467 443 552 479 aliud
571 456 750 492 temperare
769 442 828 478 tibi
843 442 965 478 licebit.

102 498 142 538 4⁰
178 493 285 528 Multa
302 505 376 528 cum
389 492 594 541 putrescunt,
607 494 706 541 magis
722 492 885 540 fragrant,
901 503 937 526 ut
950 492 1095 538 quaedam
1113 490 1279 527 brutorum
1303 493 1453 537 stercora,

73 538 218 575 moschus
231 570 241 586 ,
255 539 402 576 zibetum
413 570 423 584 ,
436 547 469 577 &
485 541 545 575 alia
558 542 648 590 hujus
662 543 787 589 generis
800 555 807 576 :
819 553 893 576 nam
905 552 944 575 ex
954 540 1205 576 fermentatione
1216 546 1248 578 &
1259 545 1368 576 attritu
1381 555 1453 591 par-

74 591 154 623 tium
169 588 246 637 saepe
264 590 345 624 odor
357 589 394 625 fit
407 594 537 638 gratior.
557 590 653 627 Nihil
672 590 740 625 fere
752 588 799 623 est
816 591 907 624 urina
924 589 980 624 diu
998 589 1124 625 servata
1135 590 1282 624 foetidius
1297 605 1305 626 ε
1323 594 1379 638 qui
1407 602 1455 625 ta-

73 649 150 672 men
160 637 325 673 moschum
338 650 376 673 ex
390 639 488 673 Indus
501 639 668 674 advehunt
678 667 687 682 ,
705 651 776 673 cum
786 638 868 672 odor
883 651 1000 687 magua
1017 650 1056 672 ex
1069 649 1160 686 parte
1181 638 1355 682 exhalavit,
1371 639 1456 687 pelle

74 684 214 733 ejusdem
227 686 376 722 animalis
392 688 576 724 involutum
586 717 595 732 ‚
609 700 666 723 aut
683 686 788 723 vesicis
800 686 954 721 inclusum
964 689 995 721 in
1010 686 1135 722 foetidis
1146 687 1225 722 locis
1242 699 1300 733 per
1311 688 1379 722 dies
1393 688 1453 722 ali-

76 746 157 781 quot
174 734 276 770 solent
291 737 493 783 appendere,
511 742 544 773 &
557 735 673 772 vesicas
689 737 785 771 variis
798 734 997 771 foraminulis
1010 737 1217 784 pertundere.
1231 736 1311 783 Qo
1321 737 1458 783 quidem

75 783 195 827 modo,
210 795 246 818 ut
261 785 392 819 testatur
409 785 537 832 Boylius
551 815 561 830 ,
572 785 736 834 pristinam
744 782 879 820 moscho
890 784 1097 833 fragrantiam
1109 785 1288 820 restituunt.
1309 786 1402 820 Plura
1421 787 1455 820 in

75 831 158 866 hanc
171 844 241 867 rem
260 832 365 868 afferri
379 832 586 882 polsunt‚quae
601 835 686 868 idem
699 835 801 867 Autor
814 832 880 866 fuse
895 833 1045 880 explicat,
1057 844 1189 879 quaeque
1203 833 1222 868 ὲ
1232 832 1364 870 Doffiss]
1376 836 1457 869 Viro

75 882 110 914 in
129 880 271 928 linguam
293 881 452 917 Gallicam
469 882 539 917 sunt
556 882 716 916 conversa.
741 894 789 919 ιο.
812 883 858 916 Ex
870 881 993 916 mistura
1011 882 1147 914 duorum
1166 893 1337 929 corporum
1350 909 1360 925 ,
1381 894 1452 929 quae

74 929 183 963 odoris
210 928 280 964 suut
296 933 439 978 expertia
452 959 461 974 ,
499 931 580 966 odor
598 942 732 978 vegetus
752 931 937 977 &ingratus
951 929 1058 978 prodit
1083 944 1090 965 :
1112 941 1146 964 ut
1159 943 1232 965 cum
1246 929 1318 965 calx
1333 934 1408 965 viva
1423 936 1456 966 &

74 975 116 1011 sal
139 979 336 1013 armeniacus
345 978 436 1014 fimul
447 979 686 1014 contunduntur
700 994 708 1015 ;
725 978 776 1013 hic
789 979 870 1012 odor
880 978 1022 1013 urinosus
1037 976 1185 1022 exhalat,
1202 979 1291 1027 quod
1311 978 1381 1014 salis
1397 993 1457 1015 vo-

76 1025 171 1061 latilis
190 1027 347 1074 particula:
362 1027 475 1062 sursum
497 1027 650 1062 tollantur
667 1033 699 1064 &
713 1039 803 1062 nares
824 1026 954 1062 feriant.

113 1089 141 1110 2·
167 1078 211 1110 Ex
230 1074 357 1109 duobus
375 1074 563 1124 corporibus
578 1074 664 1111 simul
681 1075 832 1124 permistis
844 1102 854 1117 ,
867 1085 950 1110 utex
965 1073 1087 1108 duabus
1109 1074 1253 1122 partibus
1278 1074 1344 1109 olei
1370 1086 1455 1113 tere-

76 1122 252 1167 binthinae,
273 1129 307 1160 &
321 1137 382 1159 una
401 1124 524 1174 spiritus
540 1123 660 1159 vitrioli
671 1124 736 1159 leni
746 1125 820 1172 igne
832 1122 990 1158 distillatis
1004 1123 1110 1170 liquor
1127 1122 1226 1158 clarus
1248 1126 1312 1159 exit
1322 1151 1334 1168 ,
1352 1125 1458 1159 odoris

76 1171 118 1207 ab
129 1183 267 1219 utroque
278 1171 390 1207 diversi
405 1190 415 1217 3
439 1187 515 1209 nam
531 1173 659 1221 sulphur
670 1172 763 1221 plane
777 1171 914 1208 redolet.
936 1187 940 1189 “

120 1236 145 1266 3.
173 1222 306 1268 Spiritus
320 1223 418 1266 nitri,
437 1233 490 1256 aut
507 1233 588 1269 aqua
608 1221 700 1256 fortis
710 1233 749 1255 ex
769 1220 955 1255 admistione
975 1219 1097 1268 spiritus
1109 1222 1175 1256 vini
1189 1233 1287 1268 quam
1298 1221 1458 1269 superiore

83 1272 188 1318 capite
200 1267 412 1317 descripsimus
423 1299 432 1314 ,
450 1268 577 1306 suavem
590 1270 738 1313 odorem,
752 1280 787 1303 ut
801 1267 944 1316 saporem
968 1270 1140 1306 contrahit.
1157 1271 1257 1319 Qd
1273 1269 1293 1304 si
1306 1270 1379 1304 loco
1397 1269 1459 1318 spi-

79 1320 155 1353 ritus
169 1320 243 1353 uitri
260 1348 269 1363 ,
286 1318 428 1366 spiritum
448 1319 517 1353 salis
531 1320 728 1362 communis,
751 1319 804 1364 qui
818 1320 851 1352 in
869 1316 1035 1366 salispetrae
1057 1321 1288 1367 praeparatione
1305 1320 1349 1353 est
1361 1318 1459 1365 pluri-

79 1367 283 1410 mus‚eodem
297 1368 397 1403 modo
413 1380 483 1403 cum
497 1367 603 1416 spiritu
623 1370 687 1402 vini
699 1364 861 1415 puriffimo
877 1369 1040 1414 paraveris
1051 1396 1061 1410 ,
1073 1367 1233 1416 liquorem
1252 1366 1387 1403 habebis
1400 1369 1458 1402 ad-

79 1415 185 1451 versus
203 1415 377 1460 calculum,
397 1428 430 1451 ut
444 1429 504 1466 ego
519 1417 657 1453 arbitror
671 1430 679 1453 :
697 1414 892 1454 utiliffimum
906 1431 916 1459 3
935 1415 986 1450 sed
999 1417 1038 1452 de
1055 1415 1108 1452 usu
1129 1416 1291 1465 liquorum
1307 1416 1371 1453 hoc
1385 1416 1459 1451 loco

81 1477 148 1500 non
159 1477 294 1512 agimus·

128 1529 155 1560 4.
185 1517 263 1550 Vini
303 1516 466 1565 Hispanici
500 1516 621 1552 duabus
650 1514 738 1552 libris
775 1515 795 1551 si
832 1527 945 1565 paucas
976 1516 1081 1551 uncias
1108 1516 1229 1565 spiritus
1262 1516 1383 1550 vitrioli
1426 1522 1461 1553 &

81 1561 207 1597 caerulei
233 1565 392 1600 addideris
417 1594 427 1608 ,
448 1578 484 1599 ac
511 1565 598 1600 simul
625 1566 828 1614 digerantur,
856 1576 983 1612 gratum
1005 1565 1141 1600 odorem
1160 1577 1198 1599 ea
1219 1565 1344 1599 mistura
1379 1577 1461 1613 prae-

82 1610 185 1646 bebit.
228 1615 289 1648 Sed
313 1616 394 1649 odor
411 1615 505 1663 longe
534 1618 594 1648 erit
628 1613 818 1650 suaviffimus
838 1642 847 1656 ,
870 1612 890 1653 si
913 1612 1033 1660 spiritui
1054 1616 1121 1648 vini
1153 1612 1313 1661 purissimo
1337 1613 1459 1661 spiritus

81 1662 204 1698 vitrioli
231 1663 354 1709 :equale
381 1665 502 1711 pondus
523 1676 578 1710 per
604 1662 727 1710 aliquot
749 1661 968 1696 hebdomadas
992 1662 1200 1709 digerendum
1236 1662 1409 1708 adjeceris,
1427 1668 1461 1698 ‘Sc

82 1708 241 1756 liquorem
263 1711 474 1747 exstillaveris.
503 1713 595 1747 Adeo
613 1723 646 1745 ut
669 1712 741 1746 hinc
761 1711 881 1758 liquere
906 1709 999 1757 possit
1021 1723 1178 1757 quantum
1195 1709 1323 1757 sulphur
1345 1713 1410 1745 viui
1426 1724 1462 1745 ut

82 1756 256 1804 loquuntur
279 1760 429 1806 Cliymici
444 1789 452 1803 ,
479 1759 682 1808 vegetibile,
705 1759 833 1807 sulphur
853 1758 1007 1796 minet-ile
1028 1788 1037 1801 ,
1051 1760 1139 1805 quod
1160 1761 1194 1793 in
1212 1757 1321 1806 spiritu
1339 1760 1462 1794 vitrioli

83 1808 159 1841 inest
172 1837 181 1851 ‚
194 1821 249 1843 aut
265 1808 404 1852 exaltet,
423 1820 479 1843 aut
499 1808 663 1855 perficiat,
685 1807 773 1842 simul
790 1820 946 1854 quantum
963 1819 1131 1841 contextus
1150 1819 1321 1855 corporum
1340 1807 1404 1854 ipsa
1414 1809 1462 1842 di-

84 1856 231 1902 gestione
244 1859 358 1892 mutari
379 1857 483 1906 poffit.
499 1860 620 1905 Liquor
640 1857 693 1891 ille
706 1858 789 1891 adeo
804 1856 923 1891 subtilis
936 1885 945 1899 ,
963 1861 995 1892 ἃ(
1016 1854 1149 1890 suaviter
1165 1855 1256 1891 olens
1272 1856 1385 1904 phialae
1407 1856 1465 1891 be-

85 1915 126 1937 ne
148 1906 297 1942 conclus-x
314 1935 322 1949 ,
342 1905 393 1941 sed
415 1909 448 1942 in
473 1907 545 1941 loco
568 1905 720 1940 calidiore
749 1917 806 1954 per
822 1905 953 1953 aliquod
972 1916 1097 1952 tempus
1115 1903 1261 1949 felicius,
1280 1907 1312 1940 in
1329 1906 1465 1940 odorem

87 1954 266 1999 ingratum,
290 1957 410 2001 quique
424 1955 535 1989 allium
547 1954 707 1988 referebat
718 1956 957 2002 ,degeneravin
977 1955 1029 1989 Sic
1039 1953 1080 1988 sal
1092 1957 1201 1988 tartari
1209 1953 1300 1988 succo
1312 1965 1463 2003 ceparum

87 2001 226 2047 perfusus
243 2008 275 2038 δέ
285 2014 341 2049 per
359 2014 457 2037 uuum
467 2016 519 2036 aut
530 2002 667 2036 alterum
680 2003 765 2036 diem
784 2003 935 2049 digestus,
948 2001 1014 2035 allii
1024 2002 1160 2038 odorem
1177 2005 1346 2037 contraxit.

137 2066 157 2097 ς.
178 2053 254 2099 Jam
269 2050 406 2098 superius
417 2063 454 2084 ex
471 2052 515 2085 D.
528 2051 624 2091 lio-,de
633 2050 830 2084 ostendimus
845 2051 980 2084 odorum
1001 2049 1206 2098 fragrantiam
1224 2050 1289 2096 ipfiz
1309 2050 1465 2098 composi‘

89 2099 178 2133 tione
191 2128 199 2141 ,
216 2112 271 2133 aut
285 2100 646 2147 prsepameioneintendi
659 2097 758 2146 polle.
783 2099 884 2145 quue
904 2098 965 2135 hoc
986 2099 1137 2148 exemplo
1158 2098 1341 2134 confirmari
1359 2099 1465 2147 potest

88 2148 226 2182 Mostho
237 2151 362 2195 optimo
378 2148 520 2196 spiritum
537 2149 604 2181 vini
617 2145 814 2194 puriffimum
827 2146 964 2182 affiiudit
977 2160 984 2182 :
997 2148 1080 2182 adeo
1089 2160 1123 2183 ut
1141 2149 1249 2195 liquor
1263 2148 1367 2195 digito
1385 2150 1465 2182 cmi-

87 2207 208 2239 neat-,iu
223 2197 294 2231 vase
315 2200 417 2231 vitreo
430 2207 575 2231 accurate
587 2194 688 2230 clauso
699 2207 754 2243 per
763 2195 886 2243 aliquot
898 2196 964 2230 dies
975 2198 1052 2230 citra
1061 2197 1200 2232 calorem
1209 2193 1380 2245 digerenda
1395 2195 1464 2230 col-

88 2243 174 2279 locat
186 2275 194 2287 ,
210 2247 312 2280 donec
325 2244 448 2293 spiritus
463 2248 529 2281 viui
547 2246 719 2280 tincturam
732 2243 884 2292 aliquam,
898 2257 969 2288 quae
982 2256 1090 2279 tamen
1102 2244 1197 2279 rubra
1209 2258 1275 2280 non
1289 2246 1330 2279 est
1345 2273 1352 2286 ‚
1367 2245 1468 2291 adep-

87 2303 138 2326 stu
165 2294 261 2328 fuerit
285 2312 294 2338 3
330 2307 400 2328 eam
433 2296 601 2329 tincturam
633 2295 664 2327 in
694 2305 748 2326 vas
773 2294 858 2327 aliud
882 2292 1010 2328 effusam
1026 2321 1035 2335 ,
1072 2305 1107 2327 ut
1133 2292 1318 2341 exquisitam
1341 2293 1442 2327 servat
1460 2307 1467 2328 ε

89 2340 225 2380 Moscho
238 2345 270 2383 iu
285 2342 355 2380 vase
368 2343 488 2380 [tliduo
501 2342 690 2380 tantundem
701 2341 820 2390 spiritus
832 2344 900 2378 ¹vini
910 2344 1026 2378 iterum
1040 2340 1188 2386 affiiiidit,
1200 2344 1256 2388 qui
1274 2342 1387 2378 tardius
1401 2343 1469 2389 qui-
