1878 2724
87 201 126 228 nt
159 188 240 228 nihil
266 188 403 234 astruat,
435 189 525 236 quod
554 187 633 225 fidei
670 188 780 236 aliqua
804 200 844 223 ex
869 202 961 238 parte
979 201 1156 240 repugnare
1180 191 1346 227 videatur.
1377 158 1479 244 szd

85 243 198 290 utique
210 240 352 276 futurum
375 237 487 276 multis
509 236 688 287 persuasum
710 238 776 282 est,
797 237 819 273 si
832 241 904 287 quis
921 243 1066 289 corporis
1079 252 1224 276 naturam
1239 243 1273 277 in
1288 241 1408 288 triplici
1427 246 1477 277 di-

84 288 249 329 mensione
261 289 448 339 reposuerit.
463 290 581 324 Manet
590 289 714 336 quippe
724 290 861 324 omnino
871 301 942 337 quae
952 289 1015 326 fuit
1028 292 1110 326 trina
1128 292 1218 338 panis
1228 289 1383 326 dimensio
1393 321 1402 335 ,
1416 305 1477 327 nec

83 349 196 376 tamen
213 339 352 389 superest
363 344 431 387 ejus
445 337 630 376 substantia.
650 339 743 386 Qin
760 342 795 375 &
814 351 930 386 corpus
944 339 1067 375 Christi
1082 343 1243 389 integrum
1261 339 1318 376 sub
1337 343 1477 377 minima

81 400 176 438 parte
186 389 296 426 hostiae
310 391 495 425 continetur
505 403 514 430 3
526 399 649 437 magno
664 388 800 435 quidem
808 400 1002 437 argumento
1018 388 1183 427 essentiam
1205 391 1350 439 corporis
1365 391 1399 426 in
1423 390 1475 426 lo-

81 437 144 474 cali
155 467 166 482 ,
179 451 236 474 aut
253 450 385 474 externa
401 435 586 472 extensione
621 435 734 471 ofitam
750 451 819 472 non
831 437 905 475 esse.

120 490 237 536 Itaque
251 486 353 523 multa
369 485 463 523 multi
474 450 669 534 respondent
680 513 690 528 ,
705 484 813 533 primo
828 487 1006 523 accidentia
1017 517 1027 532 ,
1042 488 1097 524 'seu
1113 488 1231 538 species
1246 491 1336 538 panis
1351 518 1361 533 ,
1379 501 1413 524 ut
1427 488 1476 524 sa-

79 549 196 586 potem
208 566 218 581 ‚
241 538 399 579 odorem,
413 535 538 571 colores
549 533 635 582 ipsos
646 545 766 582 negant
775 533 856 569 alibi
869 537 1003 571 existere
1015 566 1025 580 ‚
1037 537 1138 585 quarn
1152 542 1184 574 in
1202 541 1331 587 organis
1344 539 1476 583 nostris,

79 598 238 634 quatenus
246 588 399 624 nimitum
417 597 456 620 ex
473 581 736 633 impressionibus
755 595 831 632 qnae
850 586 883 620 in
895 584 993 621 nobis
1009 585 1113 631 fiunt,
1133 587 1214 622 tales
1228 599 1388 636 exurgunt
1399 601 1474 636 per-

77 638 250 685 ceptiones
261 663 272 679 ,
299 646 370 683 quae
396 633 516 682 saporis
538 662 550 678 ,
585 644 643 669 aut
663 632 783 670 coloris
809 636 945 671 nomine
963 633 1168 684 designantur
1193 653 1203 680 3
1236 648 1373 684 quaeque
1406 650 1473 673 non

79 686 181 733 magis
209 682 283 720 sunt
309 686 343 719 in
369 681 562 731 corporibus
582 682 637 719 vel
664 681 822 732 objectiS,
847 683 947 733 quarn
968 684 1062 720 dolor
1089 698 1132 722 ex
1159 697 1326 735 pungente
1348 686 1474 722 acicula

76 731 133 780 ipsi
159 733 242 770 inest
269 731 408 769 aciculae.
437 733 491 768 Est
507 733 644 781 quidem
666 734 700 768 in
727 732 823 770 rebus
852 732 936 783 ipsisoe
952 736 1001 770 vis
1023 736 1171 783 quaedam
1188 763 1198 778 ‚
1239 747 1293 770 aut
1320 735 1472 772 effectrix

75 781 168 817 causa
181 795 293 824 earum
308 784 626 832 perceptionum,ut
634 782 748 818 caloris
758 795 814 819 aut
829 783 949 833 saporis
967 799 975 820 :
997 783 1048 820 sed
1063 783 1184 834 species
1196 813 1206 828 ‚
1225 796 1279 819 aut
1299 785 1473 833 qualitates

74 830 116 865 ad
131 843 193 868 nos
206 835 374 882 pertinent
386 860 396 876 ‚
414 845 482 868 non
495 831 592 868 rebus
610 831 681 882 ipsis
693 831 796 867 insunt
817 850 827 876 3
854 832 910 869 nisi
924 845 1083 881 quatenus
1105 846 1197 869 mens
1207 833 1313 869 nostra
1322 835 1364 869 ad
1378 833 1473 883 obje-

73 880 144 964 ἕξει,
166 883 254 918 unde
277 893 433 927 manant,
452 881 527 918 illas
551 881 654 919 refert
684 883 856 929 afflones,
882 895 981 933 arque
997 895 1038 919 ex
1064 885 1103 918 iis
1121 895 1172 919 res
1192 881 1272 934 ipsas
1295 883 1400 920 adeffe
1416 889 1472 932 ju·

63 957 66 961 ,
98 941 172 969 icat.

109 979 339 1032 Qmobrem
353 980 433 1018 nihil
445 980 568 1018 habere
586 981 714 1017 videtur
729 981 799 1017 haec
816 982 929 1030 opinio
940 982 1028 1030 quod
1040 980 1118 1017 fidei
1135 994 1314 1034 repugnet:
1331 994 1408 1018 nam
1429 994 1485 1018 eae·

72 1026 219 1065 sensuum
239 1030 459 1080 impressiones
471 1060 482 1076 ‚
500 1044 570 1079 quae
588 1029 709 1080 species
732 1030 891 1067 sensibiles
911 1031 1064 1067 dicuntur
1082 1061 1092 1077 ,
1118 1044 1256 1081 quaeque
1280 1045 1354 1068 cum
1378 1035 1472 1081 panis

71 1075 245 1116 substantia
254 1108 264 1123 ,
273 1091 309 1115 ut
319 1080 455 1117 effe-&us
465 1093 540 1116 curn
553 1079 643 1116 causa
653 1083 745 1130 jungi
763 1080 866 1116 solent
878 1109 887 1124 ‚
898 1083 932 1116 in
941 1083 1154 1117 Sacramento
1169 1082 1275 1117 altaris
1294 1080 1337 1116 ab
1355 1082 1471 1117 eadem

71 1124 244 1164 substantia
260 1128 454 1177 separantur.
467 1130 572 1176 Qiod
589 1131 722 1177 quidem
734 1130 782 1165 est
790 1130 970 1165 accidentia
985 1130 1048 1165 sine
1063 1130 1209 1179 subjedlm
1225 1160 1236 1175 ‚
1257 1131 1298 1165 ad
1314 1131 1404 1179 quod
1418 1143 1470 1165 re-

61 1174 150 1212 :ferti
163 1177 286 1221 solent,
297 1183 330 1215 &
343 1179 429 1214 unde
439 1178 626 1227 profluunt,
651 1177 794 1227 separata
815 1177 1009 1215 conservari.

116 1239 145 1261 2.
159 1226 374 1274 Respondent
385 1239 501 1277 corpus
515 1227 637 1263 Christi
650 1229 683 1262 in
699 1227 898 1263 Eucharistia
908 1255 918 1271 ‚
939 1228 1055 1262 eadem
1077 1227 1244 1277 superficie
1258 1259 1267 1273 ‚
1290 1241 1364 1277 quae
1378 1231 1469 1277 panis

70 1274 136 1311 fuit
150 1304 161 1319 ,
175 1277 337 1311 contineri
356 1290 365 1312 ε
385 1276 470 1311 adeo
482 1275 576 1311 utibi
588 1275 645 1319 sit,
669 1275 726 1311 ubi
738 1288 807 1311 erat
818 1279 923 1325 panis,
940 1281 974 1313 ὅ(
997 1288 1129 1312 maneat
1145 1278 1233 1313 idern
1256 1277 1333 1321 ubi,
1351 1278 1467 1312 eadem

70 1323 334 1373 corpusculorum
351 1324 534 1374 superficies
545 1355 555 1370 ,
570 1326 686 1362 eadem
706 1324 827 1375 figura,
844 1337 916 1374 quae
934 1329 1021 1374 prius
1041 1342 1051 1368 3
1066 1328 1274 1374 nequeadeo
1288 1330 1407 1364 mirum
1420 1325 1469 1361 es-

66 1372 102 1409 se
114 1403 124 1418 ,
141 1372 162 1409 fi
177 1373 281 1410 sensus
295 1375 391 1410 nostri
405 1376 527 1411 eodem
538 1375 640 1412 modo
657 1372 846 1412 afficiantur.
860 1377 982 1423 Neque
999 1376 1031 1410 id
1045 1376 1085 1410 ad
1104 1375 1203 1412 fidem
1216 1377 1355 1412 nostram
1366 1378 1469 1424 perti-

69 1435 150 1467 net,
168 1435 209 1460 an
224 1423 343 1473 species
364 1424 608 1460 sacramentales
624 1423 684 1460 sint
701 1425 882 1460 accidentia
899 1423 1046 1474 physica,
1073 1438 1147 1474 quae
1166 1428 1242 1474 pani
1263 1438 1300 1461 ut
1321 1425 1468 1474 subjecto

69 1472 376 1518 anteinhaerebant3
393 1486 435 1510 an
445 1474 528 1510 nihil
541 1473 600 1510 sint
613 1473 699 1509 aliud
713 1474 815 1522 quam
828 1472 1049 1522 impressiones
1064 1477 1096 1509 in
1115 1474 1253 1511 sensibus
1266 1475 1359 1511 fastae
1378 1489 1386 1511 ε
1406 1486 1470 1510 nec

70 1523 274 1559 Conc.Trid.
295 1521 427 1571 usquam
443 1524 641 1567 accidentia,
659 1523 712 1558 sed
725 1523 842 1573 species
857 1523 980 1571 ubique
991 1526 1144 1560 nominat
1160 1554 1170 1568 ,
1186 1527 1277 1562 uti&
1289 1525 1394 1561 Conc.
1405 1526 1470 1559 La-

19 1585 23 1588 ⁴
70 1571 238 1607 teranense
248 1571 303 1607 sub
313 1575 426 1609 innoc.
453 1575 491 1606 11
505 1576 529 1608 Ι.
545 1584 793 1620 congregatum.
814 1573 917 1617 Qod
930 1571 952 1606 si
967 1572 1029 1607 alia
1067 1573 1192 1608 uaedam
1210 1574 1364 1609 Concilia
1381 1576 1469 1608 acci-

69 1620 222 1655 dentium
233 1632 314 1655 voce
323 1632 471 1664 utantur,
489 1632 704 1669 praeterquam
721 1619 761 1655 sic
775 1618 896 1655 merito
906 1621 970 1655 dici
983 1586 1131 1670 possim,
1146 1633 1218 1656 curn
1237 1623 1278 1656 ad
1296 1625 1342 1657 rei
1364 1620 1467 1656 essen-

71 1671 153 1704 tiam
165 1682 231 1704 non
242 1672 429 1718 pertineant
441 1698 450 1711 ,
466 1671 498 1704 id
515 1681 625 1705 tamen
646 1668 682 1705 fit
697 1669 788 1705 velut
800 1668 911 1704 obiter
925 1697 934 1712 ‚
952 1674 986 1706 δι
1003 1683 1061 1718 per
1079 1669 1282 1706 transennam
1297 1671 1407 1718 :quod
1427 1682 1468 1705 ea.

69 1717 229 1766 loquendi
242 1720 327 1754 ratio
338 1723 403 1767 jam
412 1717 491 1754 esset
503 1722 535 1754 in
546 1719 671 1753 Scholis
684 1718 806 1755 usitata.
822 1720 987 1768 roirca
997 1719 1074 1754 illud
1091 1731 1215 1754 certum
1227 1749 1236 1764 ‚
1249 1725 1284 1757 δε
1294 1719 1467 1756 definitum

70 1778 242 1803 teneamus
254 1796 263 1811 ,
277 1779 391 1816 corpus
404 1772 437 1804 ὅτ.
447 1765 634 1816 sanguinem
651 1768 774 1804 Christi
785 1770 859 1804 ειᾶυ
879 1772 914 1804 &
927 1767 1028 1816 reipsa
1044 1767 1104 1803 esse
1120 1767 1174 1804 sub
1188 1768 1354 1817 speciebus
1375 1771 1468 1818 panis

69 1821 104 1854 &
116 1819 204 1861 vini3
223 1829 284 1852 nec
297 1819 389 1866 panis
409 1829 474 1853 aut*
484 1819 549 1852 vini
563 1816 766 1853 substantiam
783 1828 953 1852 remanere
964 1846 974 1860 ‚
998 1817 1121 1865 reliqua
1135 1818 1204 1853 fere
1218 1819 1467 1867 Theologorurn

69 1865 339 1914 disputationibus
355 1870 597 1916 permittuntur.
621 1870 694 1905 Nec
709 1865 882 1915 quisquam
895 1868 1001 1916 potest
1016 1879 1140 1902 certam
1162 1867 1255 1904 velut
1272 1867 1381 1917 legem
1397 1867 1468 1902 aliis

69 1917 242 1964 imponere
254 1945 263 1961 ,
281 1928 316 1952 ut
330 1917 515 1965 mysterium
528 1927 570 1951 eo
580 1928 647 1965 quo
660 1916 758 1953 sentit
776 1916 877 1953 modo
888 1945 899 1960 ,
920 1915 976 1965 ipsi
990 1919 1178 1966 concipiant
1191 1947 1200 1961 ‚
1221 1928 1278 1954 aut
1294 1919 1467 1965 opiniones

61 1964 342 2014 'Philosophorum
351 1978 428 2014 quas
440 1967 543 2002 Conc-
554 1967 649 2003 Trid.
664 1966 774 2002 illaesas
788 1965 967 2013 reliquit,ut
979 1965 999 2002 a
1011 1965 1075 2002 fide
1089 1966 1212 2003 alienas
1226 1996 1234 2011 ‚
1253 1965 1467 2016 proscribant.

72 2013 152 2047 Non
167 2017 266 2054 enim,
281 2027 319 2050 ut
335 2017 450 2051 Scotus
468 2017 597 2064 optime
606 2015 758 2053 observat
770 2046 781 2061 ‚
798 2015 829 2062 fi
851 2016 938 2062 quod
954 2016 1143 2051 antecedens
1158 2015 1199 2061 est
1216 2017 1255 2051 de
1266 2015 1358 2063 fide,
1379 2017 1466 2063 quod

77 2074 119 2096 ex
136 2075 168 2097 eo
186 2064 258 2110 quz's
275 2074 431 2110 tanquam
453 2066 636 2111 confiquens
649 2067 809 2113 neceffario
826 2064 943 2109 inferre
954 2076 1052 2114 putat
1064 2094 1074 2109 ‚
1092 2066 1138 2100 ad
1149 2064 1250 2113 fidem
1265 2076 1348 2113 aequc
1360 2068 1467 2114 perti.

74 2123 129 2145 net
142 2140 153 2154 ,
187 2114 334 2146 maxime·
350 2113 382 2159 st
407 2113 546 2163 oppofita
552 2116 711 2160 sementia
732 2129 801 2150 cum
819 2116 1041 2153 antecedente,
1068 2113 1108 2149 ά
1118 2113 1199 2160 fidei
1214 2116 1362 2164 dogmate
1380 2126 1464 2159 aque

70 2162 238 2195 conciliari
254 2160 353 2206 possit.
376 2163 567 2211 Exemplum
587 2164 682 2200 affert
703 2163 904 2200 sanetiffimoe
921 2163 1106 2200 Trinitatis.
1135 2165 1223 2200 Cum
1246 2162 1334 2198 enim
1360 2162 1462 2211 Judaei

71 2208 157 2247 forte
171 2222 246 2245 ante
262 2213 520 2247 Incatnationern
531 2212 612 2247 nihil
627 2214 778 2262 explicite
792 2214 831 2249 de
841 2215 1008 2250 Ttinitate
1021 2213 1228 2263 personarum
1242 2213 1428 2254 crederent,
1444 2209 1464 2245 si

72 2262 145 2307 quis
160 2259 329 2296 asseruisset
341 2273 406 2296 tres
424 2260 486 2297 esse
499 2260 647 2310 personas
658 2292 667 2307 ,
678 2263 763 2302 male
775 2263 855 2298 alius
868 2264 1040 2312 excepisset
1051 2294 1061 2307 ‚
1084 2264 1115 2298 id
1130 2261 1243 2298 falsum
1262 2261 1323 2295 esse
1333 2291 1342 2304 ,
1363 2266 1397 2297 &
1415 2272 1463 2294 re-

71 2321 218 2357 pugnare
233 2309 309 2344 fidei
323 2341 332 2354 ‚
346 2324 410 2359 qua
422 2323 502 2347 unus
520 2315 609 2346 Deus
624 2313 765 2346 creditur
780 2327 787 2348 :
802 2316 1010 2359 quantumvis
1028 2312 1209 2346 consecutio
1228 2311 1391 2344 videretur
1404 2322 1464 2344 ne-

71 2357 209 2395 cessaria.
226 2361 278 2394 Sic
297 2374 362 2395 non
374 2373 497 2396 temere
511 2360 633 2407 aliquid
651 2363 734 2396 inter
755 2361 906 2396 articulos
923 2360 1001 2395 fidei
1026 2362 1068 2395 est
1087 2359 1315 2395 recensendum
1330 2389 1338 2401 ,
1357 2359 1463 2394 donec

70 2405 112 2441 ab
130 2408 265 2443 Ecclesia
282 2409 379 2445 fuerit
397 2410 481 2446 clare
493 2409 662 2446 definitum
678 2427 686 2455 3
709 2422 768 2446 nec
783 2409 1022 2458 consequentiae
1042 2409 1131 2446 velut
1146 2409 1210 2445 fide
1227 2421 1320 2444 cettae
1338 2408 1463 2444 haben-
