<?xml version="1.0" encoding="UTF-8"?>
<!DOCTYPE html PUBLIC "-//W3C//DTD XHTML 1.0 Transitional//EN"
    "http://www.w3.org/TR/xhtml1/DTD/xhtml1-transitional.dtd">
<html xmlns="http://www.w3.org/1999/xhtml" xml:lang="en" lang="en">
 <head>
  <title>
</title>
<meta http-equiv="Content-Type" content="text/html;charset=utf-8" />
  <meta name='ocr-system' content='tesseract 3.04.00' />
  <meta name='ocr-capabilities' content='ocr_page ocr_carea ocr_par ocr_line ocrx_word'/>
</head>
<body>
  <div class='ocr_page' id='page_1' title='image "./philosophiavetus02duhauoft_0399.png"; bbox 0 0 1878 2724; ppageno 0'>
   <div class='ocr_carea' id='block_1_1' title="bbox 15 263 502 442">
    <p class='ocr_par' dir='ltr' id='par_1_1' title="bbox 0 263 502 442">
     <span class='ocr_line' id='line_1_1' title="bbox 16 263 20 284; baseline 0 0"><span class='ocrx_word' id='word_1_1' title='bbox 16 263 20 284; x_wconf 82' lang='lat' dir='ltr'>l</span> 
     </span>
     <span class='ocr_line' id='line_1_2' title="bbox 15 318 502 396; baseline 0.016 -15.761"><span class='ocrx_word' id='word_1_2' title='bbox 0 316 19 390; x_wconf 54' lang='lat' dir='ltr'>l</span> <span class='ocrx_word' id='word_1_3' title='bbox 74 358 222 394; x_wconf 75' lang='lat' dir='ltr'>apertum</span> <span class='ocrx_word' id='word_1_4' title='bbox 236 344 273 381; x_wconf 74' lang='lat' dir='ltr'>sn</span> <span class='ocrx_word' id='word_1_5' title='bbox 286 349 313 383; x_wconf 87' lang='lat' dir='ltr'>A</span> <span class='ocrx_word' id='word_1_6' title='bbox 326 350 350 383; x_wconf 83' lang='lat' dir='ltr'>B</span> <span class='ocrx_word' id='word_1_7' title='bbox 363 347 461 396; x_wconf 13' lang='lat' dir='ltr'>QLK,</span> <span class='ocrx_word' id='word_1_8' title='bbox 480 359 502 393; x_wconf 92' lang='grc'>7</span> 
     </span>
     <span class='ocr_line' id='line_1_3' title="bbox 15 404 19 442; baseline 0 0"><span class='ocrx_word' id='word_1_9' title='bbox 15 404 19 442; x_wconf 77' lang='lat' dir='ltr'>l</span> 
     </span>
    </p>
   </div>
   <div class='ocr_carea' id='block_1_2' title="bbox 2 1354 7 1565">
    <p class='ocr_par' dir='ltr' id='par_1_2' title="bbox 2 1354 7 1565">
     <span class='ocr_line' id='line_1_4' title="bbox 3 1354 7 1401; baseline 0 0"><span class='ocrx_word' id='word_1_10' title='bbox 3 1354 7 1401; x_wconf 79' lang='grc' dir='ltr'>Ι</span> 
     </span>
     <span class='ocr_line' id='line_1_5' title="bbox 2 1530 3 1565; baseline 0 0"><span class='ocrx_word' id='word_1_11' title='bbox 2 1530 3 1565; x_wconf 57' lang='grc' dir='ltr'><strong>ι</strong></span> 
     </span>
    </p>
   </div>
   <div class='ocr_carea' id='block_1_3' title="bbox 6 642 502 1220">
    <p class='ocr_par' dir='ltr' id='par_1_3' title="bbox 6 642 502 1220">
     <span class='ocr_line' id='line_1_6' title="bbox 13 642 16 657; baseline 0 0"><span class='ocrx_word' id='word_1_12' title='bbox 13 642 16 657; x_wconf 69' lang='lat' dir='ltr'>l</span> 
     </span>
     <span class='ocr_line' id='line_1_7' title="bbox 12 660 18 675; baseline 0 0"><span class='ocrx_word' id='word_1_13' title='bbox 12 660 18 675; x_wconf 66' lang='lat' dir='ltr'>fl</span> 
     </span>
     <span class='ocr_line' id='line_1_8' title="bbox 7 683 502 1067; baseline 0.008 -347"><span class='ocrx_word' id='word_1_14' title='bbox 7 690 17 1067; x_wconf 60' lang='grc' dir='ltr'><em>Ι</em></span> <span class='ocrx_word' id='word_1_15' title='bbox 71 683 209 734; x_wconf 85' lang='lat' dir='ltr'>oblique</span> <span class='ocrx_word' id='word_1_16' title='bbox 221 699 257 723; x_wconf 86' lang='lat' dir='ltr'>ut</span> <span class='ocrx_word' id='word_1_17' title='bbox 277 689 361 736; x_wconf 84' lang='lat' dir='ltr'>prius</span> <span class='ocrx_word' id='word_1_18' title='bbox 371 689 502 736; x_wconf 70' lang='lat' dir='ltr'>incidat3</span> 
     </span>
     <span class='ocr_line' id='line_1_9' title="bbox 6 1189 9 1220; baseline 0 0"><span class='ocrx_word' id='word_1_19' title='bbox 6 1189 9 1220; x_wconf 93' lang='grc'>1</span> 
     </span>
    </p>
   </div>
   <div class='ocr_carea' id='block_1_4' title="bbox 593 105 1469 165">
    <p class='ocr_par' dir='ltr' id='par_1_4' title="bbox 593 105 1469 165">
     <span class='ocr_line' id='line_1_10' title="bbox 593 105 1469 165; baseline 0.008 -23"><span class='ocrx_word' id='word_1_20' title='bbox 593 106 662 143; x_wconf 67' lang='lat' dir='ltr'>ne</span> <span class='ocrx_word' id='word_1_21' title='bbox 697 105 1002 147; x_wconf 68' lang='grc' dir='ltr'>Μετεοωε,</span> <span class='ocrx_word' id='word_1_22' title='bbox 1414 122 1469 165; x_wconf 72' lang='lat'>387</span> 
     </span>
    </p>
   </div>
   <div class='ocr_carea' id='block_1_5' title="bbox 0 150 508 248">
    <p class='ocr_par' dir='ltr' id='par_1_5' title="bbox 0 150 508 248">
     <span class='ocr_line' id='line_1_11' title="bbox 0 150 507 200; baseline -0.002 -14"><span class='ocrx_word' id='word_1_23' title='bbox 0 171 19 186; x_wconf 72' lang='grc' dir='ltr'>,ι</span> <span class='ocrx_word' id='word_1_24' title='bbox 74 150 160 188; x_wconf 72' lang='lat' dir='ltr'>iores</span> <span class='ocrx_word' id='word_1_25' title='bbox 192 152 226 188; x_wconf 87' lang='lat' dir='ltr'>in</span> <span class='ocrx_word' id='word_1_26' title='bbox 250 151 290 186; x_wconf 90' lang='lat' dir='ltr'>M</span> <span class='ocrx_word' id='word_1_27' title='bbox 313 150 350 188; x_wconf 90' lang='lat' dir='ltr'>N</span> <span class='ocrx_word' id='word_1_28' title='bbox 371 163 507 200; x_wconf 83' lang='lat' dir='ltr'>appare-</span> 
     </span>
     <span class='ocr_line' id='line_1_12' title="bbox 0 198 508 248; baseline -0.004 -11"><span class='ocrx_word' id='word_1_29' title='bbox 0 216 3 237; x_wconf 72' lang='lat'>;</span> <span class='ocrx_word' id='word_1_30' title='bbox 17 222 21 232; x_wconf 72' lang='grc' dir='ltr'><em>ι</em></span> <span class='ocrx_word' id='word_1_31' title='bbox 75 198 390 248; x_wconf 57' lang='grc' dir='ltr'>Βυοῆιιῐὶᾗειωΐυρπει</span> <span class='ocrx_word' id='word_1_32' title='bbox 401 202 508 237; x_wconf 87' lang='lat' dir='ltr'>innui-</span> 
     </span>
    </p>
   </div>
   <div class='ocr_carea' id='block_1_6' title="bbox 78 261 506 342">
    <p class='ocr_par' dir='ltr' id='par_1_6' title="bbox 78 261 506 342">
     <span class='ocr_line' id='line_1_13' title="bbox 78 261 162 287; baseline 0.012 -2"><span class='ocrx_word' id='word_1_33' title='bbox 78 261 162 287; x_wconf 54' lang='lat' dir='ltr'>mus</span> 
     </span>
     <span class='ocr_line' id='line_1_14' title="bbox 109 296 506 342; baseline 0 -8"><span class='ocrx_word' id='word_1_34' title='bbox 109 311 134 335; x_wconf 79' lang='lat'>2.</span> <span class='ocrx_word' id='word_1_35' title='bbox 149 299 229 334; x_wconf 78' lang='lat' dir='ltr'>Non</span> <span class='ocrx_word' id='word_1_36' title='bbox 244 300 373 342; x_wconf 87' lang='lat' dir='ltr'>vitrum,</span> <span class='ocrx_word' id='word_1_37' title='bbox 387 296 439 333; x_wconf 89' lang='lat' dir='ltr'>sed</span> <span class='ocrx_word' id='word_1_38' title='bbox 452 310 506 334; x_wconf 84' lang='lat' dir='ltr'>vas</span> 
     </span>
    </p>
   </div>
   <div class='ocr_carea' id='block_1_7' title="bbox 12 395 509 686">
    <p class='ocr_par' dir='ltr' id='par_1_7' title="bbox 22 395 506 636">
     <span class='ocr_line' id='line_1_15' title="bbox 22 395 506 444; baseline 0.004 -15"><span class='ocrx_word' id='word_1_39' title='bbox 22 421 23 424; x_wconf 20' lang='grc' dir='ltr'>η</span> <span class='ocrx_word' id='word_1_40' title='bbox 71 406 128 430; x_wconf 64' lang='lat' dir='ltr'>aut</span> <span class='ocrx_word' id='word_1_41' title='bbox 135 395 276 444; x_wconf 81' lang='lat' dir='ltr'>8digitos</span> <span class='ocrx_word' id='word_1_42' title='bbox 288 395 438 440; x_wconf 78' lang='lat' dir='ltr'>altum,in</span> <span class='ocrx_word' id='word_1_43' title='bbox 449 409 506 431; x_wconf 85' lang='lat' dir='ltr'>cu-</span> 
     </span>
     <span class='ocr_line' id='line_1_16' title="bbox 69 443 506 495; baseline 0.002 -17"><span class='ocrx_word' id='word_1_44' title='bbox 69 446 117 492; x_wconf 69' lang='lat' dir='ltr'>jus</span> <span class='ocrx_word' id='word_1_45' title='bbox 143 443 248 479; x_wconf 90' lang='lat' dir='ltr'>fundo</span> <span class='ocrx_word' id='word_1_46' title='bbox 265 446 292 479; x_wconf 77' lang='lat'>1,</span> <span class='ocrx_word' id='word_1_47' title='bbox 312 444 348 480; x_wconf 84' lang='lat' dir='ltr'>fit</span> <span class='ocrx_word' id='word_1_48' title='bbox 371 445 506 495; x_wconf 87' lang='lat' dir='ltr'>hydrar-</span> 
     </span>
     <span class='ocr_line' id='line_1_17' title="bbox 71 493 505 540; baseline 0.007 -14"><span class='ocrx_word' id='word_1_49' title='bbox 71 501 169 540; x_wconf 83' lang='lat' dir='ltr'>gyrus</span> <span class='ocrx_word' id='word_1_50' title='bbox 184 505 253 528; x_wconf 86' lang='lat' dir='ltr'>uno</span> <span class='ocrx_word' id='word_1_51' title='bbox 266 504 319 528; x_wconf 81' lang='lat' dir='ltr'>aut</span> <span class='ocrx_word' id='word_1_52' title='bbox 333 493 437 529; x_wconf 80' lang='lat' dir='ltr'>altero</span> <span class='ocrx_word' id='word_1_53' title='bbox 456 494 505 529; x_wconf 83' lang='lat' dir='ltr'>di-</span> 
     </span>
     <span class='ocr_line' id='line_1_18' title="bbox 63 541 504 591; baseline 0.002 -14"><span class='ocrx_word' id='word_1_54' title='bbox 63 575 65 577; x_wconf 90' lang='lat'>.</span> <span class='ocrx_word' id='word_1_55' title='bbox 71 542 141 589; x_wconf 84' lang='lat' dir='ltr'>gito</span> <span class='ocrx_word' id='word_1_56' title='bbox 152 541 235 577; x_wconf 80' lang='lat' dir='ltr'>altus</span> <span class='ocrx_word' id='word_1_57' title='bbox 247 570 258 584; x_wconf 77' lang='lat'>,</span> <span class='ocrx_word' id='word_1_58' title='bbox 271 554 353 590; x_wconf 87' lang='lat' dir='ltr'>aqua</span> <span class='ocrx_word' id='word_1_59' title='bbox 366 555 443 591; x_wconf 84' lang='lat' dir='ltr'>pura</span> <span class='ocrx_word' id='word_1_60' title='bbox 457 543 504 578; x_wconf 86' lang='lat' dir='ltr'>us-</span> 
     </span>
     <span class='ocr_line' id='line_1_19' title="bbox 74 589 502 636; baseline 0.009 -13"><span class='ocrx_word' id='word_1_61' title='bbox 74 601 136 636; x_wconf 90' lang='lat' dir='ltr'>que</span> <span class='ocrx_word' id='word_1_62' title='bbox 143 590 184 624; x_wconf 81' lang='lat' dir='ltr'>ad</span> <span class='ocrx_word' id='word_1_63' title='bbox 196 589 350 626; x_wconf 85' lang='lat' dir='ltr'>summum</span> <span class='ocrx_word' id='word_1_64' title='bbox 367 591 442 626; x_wconf 80' lang='lat' dir='ltr'>valis</span> <span class='ocrx_word' id='word_1_65' title='bbox 453 590 502 627; x_wconf 83' lang='lat' dir='ltr'>su-</span> 
     </span>
    </p>

    <p class='ocr_par' dir='ltr' id='par_1_8' title="bbox 12 636 509 686">
     <span class='ocr_line' id='line_1_20' title="bbox 12 636 509 686; baseline 0.004 -13"><span class='ocrx_word' id='word_1_66' title='bbox 12 649 19 685; x_wconf 50' lang='lat' dir='ltr'><em>s</em></span> <span class='ocrx_word' id='word_1_67' title='bbox 63 636 197 686; x_wconf 74' lang='lat' dir='ltr'>..perfusa</span> <span class='ocrx_word' id='word_1_68' title='bbox 217 655 227 683; x_wconf 79' lang='lat'>3</span> <span class='ocrx_word' id='word_1_69' title='bbox 258 639 362 675; x_wconf 83' lang='lat' dir='ltr'>radius</span> <span class='ocrx_word' id='word_1_70' title='bbox 381 639 509 676; x_wconf 68' lang='lat' dir='ltr'>solidus</span> 
     </span>
    </p>
   </div>
   <div class='ocr_carea' id='block_1_8' title="bbox 554 213 1451 714">
    <p class='ocr_par' dir='ltr' id='par_1_9' title="bbox 554 213 1451 714">
     <span class='ocr_line' id='line_1_21' title="bbox 554 213 1451 714; baseline 0 2010"><span class='ocrx_word' id='word_1_71' title='bbox 554 213 1451 714; x_wconf 95' lang='lat' dir='ltr'> </span> 
     </span>
    </p>
   </div>
   <div class='ocr_carea' id='block_1_9' title="bbox 60 734 1477 2346">
    <p class='ocr_par' dir='ltr' id='par_1_10' title="bbox 60 734 1477 1227">
     <span class='ocr_line' id='line_1_22' title="bbox 60 734 1463 791; baseline 0.006 -23"><span class='ocrx_word' id='word_1_72' title='bbox 60 736 128 782; x_wconf 83' lang='lat' dir='ltr'>-qui</span> <span class='ocrx_word' id='word_1_73' title='bbox 141 735 298 772; x_wconf 55' lang='lat' dir='ltr'>refractus</span> <span class='ocrx_word' id='word_1_74' title='bbox 312 734 432 773; x_wconf 76' lang='lat' dir='ltr'>flavum</span> <span class='ocrx_word' id='word_1_75' title='bbox 448 739 594 774; x_wconf 87' lang='lat' dir='ltr'>colorem</span> <span class='ocrx_word' id='word_1_76' title='bbox 609 739 642 773; x_wconf 85' lang='lat' dir='ltr'>in</span> <span class='ocrx_word' id='word_1_77' title='bbox 657 737 684 773; x_wconf 89' lang='lat' dir='ltr'>L</span> <span class='ocrx_word' id='word_1_78' title='bbox 697 765 707 780; x_wconf 86' lang='lat'>‚</span> <span class='ocrx_word' id='word_1_79' title='bbox 732 736 906 772; x_wconf 82' lang='lat' dir='ltr'>caetuleurn</span> <span class='ocrx_word' id='word_1_80' title='bbox 924 739 958 772; x_wconf 86' lang='lat' dir='ltr'>in</span> <span class='ocrx_word' id='word_1_81' title='bbox 982 738 995 771; x_wconf 88' lang='lat'>1</span> <span class='ocrx_word' id='word_1_82' title='bbox 1010 737 1182 774; x_wconf 76' lang='lat' dir='ltr'>exhibebit</span> <span class='ocrx_word' id='word_1_83' title='bbox 1205 757 1214 783; x_wconf 80' lang='lat'>;</span> <span class='ocrx_word' id='word_1_84' title='bbox 1236 739 1463 791; x_wconf 79' lang='lat' dir='ltr'>Hydratgytus</span> 
     </span>
     <span class='ocr_line' id='line_1_23' title="bbox 72 782 1464 840; baseline 0.006 -22"><span class='ocrx_word' id='word_1_85' title='bbox 72 782 151 819; x_wconf 76' lang='lat' dir='ltr'>vero</span> <span class='ocrx_word' id='word_1_86' title='bbox 160 783 218 819; x_wconf 89' lang='lat' dir='ltr'>hos</span> <span class='ocrx_word' id='word_1_87' title='bbox 228 786 339 821; x_wconf 23' lang='lat' dir='ltr'>*radios</span> <span class='ocrx_word' id='word_1_88' title='bbox 350 786 448 822; x_wconf 83' lang='lat' dir='ltr'>instar</span> <span class='ocrx_word' id='word_1_89' title='bbox 461 786 580 836; x_wconf 82' lang='lat' dir='ltr'>speculi</span> <span class='ocrx_word' id='word_1_90' title='bbox 591 785 740 822; x_wconf 64' lang='lat' dir='ltr'>reflectet</span> <span class='ocrx_word' id='word_1_91' title='bbox 750 789 782 822; x_wconf 89' lang='lat' dir='ltr'>in</span> <span class='ocrx_word' id='word_1_92' title='bbox 799 787 961 829; x_wconf 75' lang='lat' dir='ltr'>OP‚ade0</span> <span class='ocrx_word' id='word_1_93' title='bbox 973 797 1008 821; x_wconf 90' lang='lat' dir='ltr'>ut</span> <span class='ocrx_word' id='word_1_94' title='bbox 1021 787 1169 836; x_wconf 76' lang='lat' dir='ltr'>trianguli</span> <span class='ocrx_word' id='word_1_95' title='bbox 1188 790 1209 822; x_wconf 86' lang='lat' dir='ltr'>F</span> <span class='ocrx_word' id='word_1_96' title='bbox 1223 791 1274 824; x_wconf 84' lang='lat'>10</span> <span class='ocrx_word' id='word_1_97' title='bbox 1287 789 1351 824; x_wconf 90' lang='lat' dir='ltr'>duo</span> <span class='ocrx_word' id='word_1_98' title='bbox 1364 803 1464 840; x_wconf 79' lang='lat' dir='ltr'>angu-</span> 
     </span>
     <span class='ocr_line' id='line_1_24' title="bbox 65 830 1477 886; baseline 0.004 -17"><span class='ocrx_word' id='word_1_99' title='bbox 65 830 96 869; x_wconf 80' lang='grc' dir='ltr'>.Ιί</span> <span class='ocrx_word' id='word_1_100' title='bbox 106 834 127 868; x_wconf 78' lang='lat' dir='ltr'><strong>F</strong></span> <span class='ocrx_word' id='word_1_101' title='bbox 136 837 174 870; x_wconf 72' lang='grc' dir='ltr'>δε·</span> <span class='ocrx_word' id='word_1_102' title='bbox 184 835 218 869; x_wconf 90' lang='lat'><em>0</em></span> <span class='ocrx_word' id='word_1_103' title='bbox 229 832 434 883; x_wconf 72' lang='lat' dir='ltr'>fintaequales</span> <span class='ocrx_word' id='word_1_104' title='bbox 444 850 459 873; x_wconf 65' lang='grc' dir='ltr'><em>ι</em></span> <span class='ocrx_word' id='word_1_105' title='bbox 470 837 556 873; x_wconf 88' lang='lat' dir='ltr'>unde</span> <span class='ocrx_word' id='word_1_106' title='bbox 566 838 600 871; x_wconf 85' lang='lat' dir='ltr'>in</span> <span class='ocrx_word' id='word_1_107' title='bbox 612 834 744 870; x_wconf 87' lang='lat' dir='ltr'>secunda</span> <span class='ocrx_word' id='word_1_108' title='bbox 753 836 949 871; x_wconf 70' lang='lat' dir='ltr'>refraffione</span> <span class='ocrx_word' id='word_1_109' title='bbox 962 864 972 877; x_wconf 93' lang='lat'><em>‚</em></span> <span class='ocrx_word' id='word_1_110' title='bbox 991 834 1043 870; x_wconf 89' lang='lat' dir='ltr'>seu</span> <span class='ocrx_word' id='word_1_111' title='bbox 1057 838 1089 871; x_wconf 89' lang='lat' dir='ltr'>in</span> <span class='ocrx_word' id='word_1_112' title='bbox 1103 839 1191 871; x_wconf 85' lang='lat' dir='ltr'>exitu</span> <span class='ocrx_word' id='word_1_113' title='bbox 1200 837 1301 872; x_wconf 81' lang='lat' dir='ltr'>radius</span> <span class='ocrx_word' id='word_1_114' title='bbox 1314 840 1349 874; x_wconf 93' lang='lat' dir='ltr'>O</span> <span class='ocrx_word' id='word_1_115' title='bbox 1361 851 1383 886; x_wconf 91' lang='lat' dir='ltr'>q</span> <span class='ocrx_word' id='word_1_116' title='bbox 1397 868 1401 874; x_wconf 84' lang='lat'><em>.</em></span> <span class='ocrx_word' id='word_1_117' title='bbox 1425 851 1477 876; x_wconf 76' lang='lat' dir='ltr'>ex-</span> 
     </span>
     <span class='ocr_line' id='line_1_25' title="bbox 62 881 1475 937; baseline 0.006 -22"><span class='ocrx_word' id='word_1_118' title='bbox 62 891 153 928; x_wconf 70' lang='lat' dir='ltr'>⁴aqua</span> <span class='ocrx_word' id='word_1_119' title='bbox 162 881 342 932; x_wconf 66' lang='lat' dir='ltr'>{emergens</span> <span class='ocrx_word' id='word_1_120' title='bbox 370 883 579 933; x_wconf 86' lang='lat' dir='ltr'>respondebit</span> <span class='ocrx_word' id='word_1_121' title='bbox 597 887 610 918; x_wconf 86' lang='lat'>1</span> <span class='ocrx_word' id='word_1_122' title='bbox 628 886 650 920; x_wconf 75' lang='lat'>1²</span> <span class='ocrx_word' id='word_1_123' title='bbox 660 913 670 928; x_wconf 90' lang='lat'><strong>,</strong></span> <span class='ocrx_word' id='word_1_124' title='bbox 696 883 748 918; x_wconf 86' lang='lat' dir='ltr'>sed</span> <span class='ocrx_word' id='word_1_125' title='bbox 773 896 938 920; x_wconf 78' lang='lat' dir='ltr'>mrvatura</span> <span class='ocrx_word' id='word_1_126' title='bbox 965 895 1175 921; x_wconf 80' lang='lat' dir='ltr'>commutata.</span> <span class='ocrx_word' id='word_1_127' title='bbox 1226 888 1296 921; x_wconf 84' lang='lat' dir='ltr'>Lux</span> <span class='ocrx_word' id='word_1_128' title='bbox 1329 899 1475 937; x_wconf 68' lang='lat' dir='ltr'>excepta</span> 
     </span>
     <span class='ocr_line' id='line_1_26' title="bbox 70 930 1465 983; baseline 0.003 -19"><span class='ocrx_word' id='word_1_129' title='bbox 70 930 112 964; x_wconf 84' lang='lat' dir='ltr'>ad</span> <span class='ocrx_word' id='word_1_130' title='bbox 124 944 143 974; x_wconf 91' lang='lat'>7</span> <span class='ocrx_word' id='word_1_131' title='bbox 154 942 208 966; x_wconf 90' lang='lat' dir='ltr'>aut</span> <span class='ocrx_word' id='word_1_132' title='bbox 222 934 299 967; x_wconf 73' lang='grc' dir='ltr'>οᾶο</span> <span class='ocrx_word' id='word_1_133' title='bbox 313 932 491 981; x_wconf 85' lang='lat' dir='ltr'>digitorum</span> <span class='ocrx_word' id='word_1_134' title='bbox 516 934 695 969; x_wconf 79' lang='lat' dir='ltr'>distantiam</span> <span class='ocrx_word' id='word_1_135' title='bbox 713 945 791 981; x_wconf 82' lang='lat' dir='ltr'>puta</span> <span class='ocrx_word' id='word_1_136' title='bbox 806 933 985 971; x_wconf 85' lang='lat' dir='ltr'>&amp;candida</span> <span class='ocrx_word' id='word_1_137' title='bbox 1003 932 1193 982; x_wconf 77' lang='lat' dir='ltr'>apparebit,</span> <span class='ocrx_word' id='word_1_138' title='bbox 1217 935 1307 983; x_wconf 89' lang='lat' dir='ltr'>quod</span> <span class='ocrx_word' id='word_1_139' title='bbox 1329 937 1410 971; x_wconf 84' lang='lat' dir='ltr'>radii</span> <span class='ocrx_word' id='word_1_140' title='bbox 1431 936 1465 973; x_wconf 79' lang='lat' dir='ltr'>fi.</span> 
     </span>
     <span class='ocr_line' id='line_1_27' title="bbox 73 981 1464 1032; baseline 0.004 -19"><span class='ocrx_word' id='word_1_141' title='bbox 73 988 142 1015; x_wconf 80' lang='lat' dir='ltr'>tum</span> <span class='ocrx_word' id='word_1_142' title='bbox 152 984 425 1018; x_wconf 84' lang='lat' dir='ltr'>commutaverint</span> <span class='ocrx_word' id='word_1_143' title='bbox 435 1000 455 1027; x_wconf 77' lang='lat'>3·</span> <span class='ocrx_word' id='word_1_144' title='bbox 470 983 750 1032; x_wconf 80' lang='lat' dir='ltr'>quemadmodum</span> <span class='ocrx_word' id='word_1_145' title='bbox 767 987 802 1019; x_wconf 80' lang='grc' dir='ltr'>δι</span> <span class='ocrx_word' id='word_1_146' title='bbox 812 982 891 1017; x_wconf 86' lang='lat' dir='ltr'>radii</span> <span class='ocrx_word' id='word_1_147' title='bbox 907 983 927 1016; x_wconf 74' lang='lat'>1³</span> <span class='ocrx_word' id='word_1_148' title='bbox 938 983 959 1017; x_wconf 90' lang='lat' dir='ltr'><strong>S</strong></span> <span class='ocrx_word' id='word_1_149' title='bbox 971 1010 980 1025; x_wconf 89' lang='lat'>‚</span> <span class='ocrx_word' id='word_1_150' title='bbox 999 987 1032 1019; x_wconf 88' lang='lat'>&amp;</span> <span class='ocrx_word' id='word_1_151' title='bbox 1043 982 1077 1018; x_wconf 90' lang='lat' dir='ltr'><strong>H</strong></span> <span class='ocrx_word' id='word_1_152' title='bbox 1088 984 1119 1018; x_wconf 91' lang='lat' dir='ltr'>C</span> <span class='ocrx_word' id='word_1_153' title='bbox 1134 981 1175 1017; x_wconf 83' lang='lat' dir='ltr'>ab</span> <span class='ocrx_word' id='word_1_154' title='bbox 1189 996 1273 1032; x_wconf 83' lang='lat' dir='ltr'>aqua</span> <span class='ocrx_word' id='word_1_155' title='bbox 1287 984 1391 1021; x_wconf 86' lang='lat' dir='ltr'>statim</span> <span class='ocrx_word' id='word_1_156' title='bbox 1410 999 1464 1021; x_wconf 87' lang='lat' dir='ltr'>re-</span> 
     </span>
     <span class='ocr_line' id='line_1_28' title="bbox 69 1026 1463 1081; baseline 0.005 -17"><span class='ocrx_word' id='word_1_157' title='bbox 69 1026 293 1065; x_wconf 77' lang='lat' dir='ltr'>flexi..Radius</span> <span class='ocrx_word' id='word_1_158' title='bbox 305 1041 413 1066; x_wconf 83' lang='lat' dir='ltr'>tamen</span> <span class='ocrx_word' id='word_1_159' title='bbox 424 1035 458 1068; x_wconf 86' lang='lat' dir='ltr'>in</span> <span class='ocrx_word' id='word_1_160' title='bbox 477 1035 563 1068; x_wconf 86' lang='lat' dir='ltr'>exitu</span> <span class='ocrx_word' id='word_1_161' title='bbox 582 1030 729 1067; x_wconf 84' lang='lat' dir='ltr'>subflavo</span> <span class='ocrx_word' id='word_1_162' title='bbox 744 1060 754 1075; x_wconf 93' lang='lat'>,</span> <span class='ocrx_word' id='word_1_163' title='bbox 768 1037 802 1067; x_wconf 86' lang='lat'><strong>&amp;</strong></span> <span class='ocrx_word' id='word_1_164' title='bbox 822 1030 956 1066; x_wconf 81' lang='lat' dir='ltr'>caeruleo</span> <span class='ocrx_word' id='word_1_165' title='bbox 969 1031 1078 1066; x_wconf 84' lang='lat' dir='ltr'>colore</span> <span class='ocrx_word' id='word_1_166' title='bbox 1096 1031 1212 1068; x_wconf 58' lang='lat' dir='ltr'>tinctus</span> <span class='ocrx_word' id='word_1_167' title='bbox 1230 1032 1463 1081; x_wconf 82' lang='lat' dir='ltr'>aliquantulum</span> 
     </span>
     <span class='ocr_line' id='line_1_29' title="bbox 73 1078 1464 1129; baseline 0.004 -18"><span class='ocrx_word' id='word_1_168' title='bbox 73 1088 178 1126; x_wconf 79' lang='lat' dir='ltr'>prope</span> <span class='ocrx_word' id='word_1_169' title='bbox 189 1090 282 1126; x_wconf 79' lang='lat' dir='ltr'>aquae</span> <span class='ocrx_word' id='word_1_170' title='bbox 291 1079 490 1127; x_wconf 84' lang='lat' dir='ltr'>superficiem</span> <span class='ocrx_word' id='word_1_171' title='bbox 500 1079 664 1116; x_wconf 83' lang='lat' dir='ltr'>videbitur</span> <span class='ocrx_word' id='word_1_172' title='bbox 677 1107 688 1123; x_wconf 91' lang='lat'><strong>,</strong></span> <span class='ocrx_word' id='word_1_173' title='bbox 703 1081 793 1127; x_wconf 88' lang='lat' dir='ltr'>quod</span> <span class='ocrx_word' id='word_1_174' title='bbox 806 1091 862 1114; x_wconf 87' lang='lat' dir='ltr'>eos</span> <span class='ocrx_word' id='word_1_175' title='bbox 877 1078 1003 1115; x_wconf 85' lang='lat' dir='ltr'>colores</span> <span class='ocrx_word' id='word_1_176' title='bbox 1016 1079 1120 1116; x_wconf 81' lang='lat' dir='ltr'>servet</span> <span class='ocrx_word' id='word_1_177' title='bbox 1129 1109 1138 1124; x_wconf 92' lang='lat'>,</span> <span class='ocrx_word' id='word_1_178' title='bbox 1155 1093 1236 1129; x_wconf 87' lang='lat' dir='ltr'>quos</span> <span class='ocrx_word' id='word_1_179' title='bbox 1250 1084 1282 1116; x_wconf 92' lang='lat' dir='ltr'>in</span> <span class='ocrx_word' id='word_1_180' title='bbox 1294 1094 1375 1129; x_wconf 81' lang='lat' dir='ltr'>aqua</span> <span class='ocrx_word' id='word_1_181' title='bbox 1387 1085 1464 1119; x_wconf 78' lang='lat' dir='ltr'>ade.</span> 
     </span>
     <span class='ocr_line' id='line_1_30' title="bbox 71 1127 1462 1179; baseline 0.004 -19"><span class='ocrx_word' id='word_1_182' title='bbox 71 1137 144 1174; x_wconf 84' lang='lat' dir='ltr'>ptus</span> <span class='ocrx_word' id='word_1_183' title='bbox 155 1127 242 1162; x_wconf 88' lang='lat' dir='ltr'>estin</span> <span class='ocrx_word' id='word_1_184' title='bbox 255 1129 379 1175; x_wconf 60' lang='lat' dir='ltr'>punctis</span> <span class='ocrx_word' id='word_1_185' title='bbox 393 1131 443 1165; x_wconf 71' lang='lat'>11„</span> <span class='ocrx_word' id='word_1_186' title='bbox 462 1146 471 1172; x_wconf 77' lang='lat'>3</span> <span class='ocrx_word' id='word_1_187' title='bbox 487 1129 539 1163; x_wconf 87' lang='lat' dir='ltr'>sed</span> <span class='ocrx_word' id='word_1_188' title='bbox 550 1128 686 1164; x_wconf 86' lang='lat' dir='ltr'>secunda</span> <span class='ocrx_word' id='word_1_189' title='bbox 695 1128 849 1165; x_wconf 55' lang='lat' dir='ltr'>“fractio</span> <span class='ocrx_word' id='word_1_190' title='bbox 866 1139 922 1164; x_wconf 86' lang='lat' dir='ltr'>eos</span> <span class='ocrx_word' id='word_1_191' title='bbox 933 1128 1057 1164; x_wconf 84' lang='lat' dir='ltr'>colores</span> <span class='ocrx_word' id='word_1_192' title='bbox 1068 1128 1169 1174; x_wconf 85' lang='lat' dir='ltr'>delet,</span> <span class='ocrx_word' id='word_1_193' title='bbox 1179 1142 1258 1178; x_wconf 88' lang='lat' dir='ltr'>quos</span> <span class='ocrx_word' id='word_1_194' title='bbox 1280 1133 1384 1179; x_wconf 77' lang='lat' dir='ltr'>prima</span> <span class='ocrx_word' id='word_1_195' title='bbox 1404 1133 1462 1168; x_wconf 87' lang='lat' dir='ltr'>de-</span> 
     </span>
     <span class='ocr_line' id='line_1_31' title="bbox 69 1175 1156 1227; baseline 0.005 -19"><span class='ocrx_word' id='word_1_196' title='bbox 69 1175 162 1216; x_wconf 75' lang='lat' dir='ltr'>derat</span> <span class='ocrx_word' id='word_1_197' title='bbox 184 1176 346 1212; x_wconf 68' lang='lat' dir='ltr'>refradlio.</span> <span class='ocrx_word' id='word_1_198' title='bbox 359 1179 443 1212; x_wconf 83' lang='lat' dir='ltr'>deest</span> <span class='ocrx_word' id='word_1_199' title='bbox 454 1181 485 1213; x_wconf 89' lang='lat' dir='ltr'>in</span> <span class='ocrx_word' id='word_1_200' title='bbox 502 1177 603 1226; x_wconf 76' lang='lat' dir='ltr'>figura</span> <span class='ocrx_word' id='word_1_201' title='bbox 616 1176 747 1225; x_wconf 79' lang='lat' dir='ltr'>literaq</span> <span class='ocrx_word' id='word_1_202' title='bbox 759 1177 831 1220; x_wconf 87' lang='lat' dir='ltr'>,sed</span> <span class='ocrx_word' id='word_1_203' title='bbox 847 1176 934 1213; x_wconf 84' lang='lat' dir='ltr'>facili</span> <span class='ocrx_word' id='word_1_204' title='bbox 954 1177 1156 1227; x_wconf 79' lang='lat' dir='ltr'>intelligitur,</span> 
     </span>
    </p>

    <p class='ocr_par' dir='ltr' id='par_1_11' title="bbox 62 1224 1462 1567">
     <span class='ocr_line' id='line_1_32' title="bbox 107 1224 1461 1276; baseline 0.003 -16"><span class='ocrx_word' id='word_1_205' title='bbox 107 1239 132 1271; x_wconf 80' lang='lat'>3.</span> <span class='ocrx_word' id='word_1_206' title='bbox 144 1225 245 1271; x_wconf 80' lang='lat' dir='ltr'>Qod</span> <span class='ocrx_word' id='word_1_207' title='bbox 257 1224 277 1260; x_wconf 85' lang='grc' dir='ltr'>(ἰ</span> <span class='ocrx_word' id='word_1_208' title='bbox 287 1226 360 1262; x_wconf 92' lang='lat' dir='ltr'>loco</span> <span class='ocrx_word' id='word_1_209' title='bbox 370 1226 561 1276; x_wconf 81' lang='lat' dir='ltr'>hydrargyri</span> <span class='ocrx_word' id='word_1_210' title='bbox 574 1225 732 1274; x_wconf 82' lang='lat' dir='ltr'>speculum</span> <span class='ocrx_word' id='word_1_211' title='bbox 751 1225 949 1261; x_wconf 72' lang='lat' dir='ltr'>metallicum</span> <span class='ocrx_word' id='word_1_212' title='bbox 963 1231 995 1263; x_wconf 67' lang='grc' dir='ltr'>δε</span> <span class='ocrx_word' id='word_1_213' title='bbox 1010 1238 1148 1274; x_wconf 83' lang='lat' dir='ltr'>parvum</span> <span class='ocrx_word' id='word_1_214' title='bbox 1159 1256 1168 1271; x_wconf 90' lang='lat'><em>‚</em></span> <span class='ocrx_word' id='word_1_215' title='bbox 1193 1230 1224 1263; x_wconf 87' lang='lat' dir='ltr'>in</span> <span class='ocrx_word' id='word_1_216' title='bbox 1238 1227 1340 1264; x_wconf 82' lang='lat' dir='ltr'>fundo</span> <span class='ocrx_word' id='word_1_217' title='bbox 1359 1226 1435 1264; x_wconf 81' lang='lat' dir='ltr'>vasis</span> <span class='ocrx_word' id='word_1_218' title='bbox 1447 1232 1461 1264; x_wconf 92' lang='lat'>1</span> 
     </span>
     <span class='ocr_line' id='line_1_33' title="bbox 72 1273 1462 1326; baseline 0.003 -16"><span class='ocrx_word' id='word_1_219' title='bbox 72 1273 390 1322; x_wconf 15' lang='lat' dir='ltr'>Ladhibveamdque</span> <span class='ocrx_word' id='word_1_220' title='bbox 400 1287 494 1324; x_wconf 85' lang='lat' dir='ltr'>prout</span> <span class='ocrx_word' id='word_1_221' title='bbox 511 1274 642 1311; x_wconf 83' lang='lat' dir='ltr'>libuerit</span> <span class='ocrx_word' id='word_1_222' title='bbox 658 1286 885 1319; x_wconf 80' lang='lat' dir='ltr'>convertatur,</span> <span class='ocrx_word' id='word_1_223' title='bbox 899 1286 935 1310; x_wconf 85' lang='lat' dir='ltr'>ut</span> <span class='ocrx_word' id='word_1_224' title='bbox 947 1275 1078 1323; x_wconf 85' lang='lat' dir='ltr'>angulus</span> <span class='ocrx_word' id='word_1_225' title='bbox 1090 1277 1116 1311; x_wconf 93' lang='lat' dir='ltr'>L</span> <span class='ocrx_word' id='word_1_226' title='bbox 1127 1276 1150 1313; x_wconf 82' lang='grc' dir='ltr'>Ρ</span> <span class='ocrx_word' id='word_1_227' title='bbox 1166 1278 1193 1312; x_wconf 85' lang='grc' dir='ltr'>Α</span> <span class='ocrx_word' id='word_1_228' title='bbox 1211 1289 1384 1326; x_wconf 81' lang='lat' dir='ltr'>augeatur,</span> <span class='ocrx_word' id='word_1_229' title='bbox 1406 1279 1462 1314; x_wconf 86' lang='lat' dir='ltr'>vel</span> 
     </span>
     <span class='ocr_line' id='line_1_34' title="bbox 71 1323 1461 1374; baseline 0.004 -18"><span class='ocrx_word' id='word_1_230' title='bbox 71 1324 232 1358; x_wconf 81' lang='lat' dir='ltr'>minuatur</span> <span class='ocrx_word' id='word_1_231' title='bbox 243 1339 252 1366; x_wconf 88' lang='lat'>;</span> <span class='ocrx_word' id='word_1_232' title='bbox 264 1335 337 1358; x_wconf 89' lang='lat' dir='ltr'>cum</span> <span class='ocrx_word' id='word_1_233' title='bbox 348 1324 479 1371; x_wconf 80' lang='lat' dir='ltr'>angulus</span> <span class='ocrx_word' id='word_1_234' title='bbox 489 1326 517 1360; x_wconf 84' lang='lat'>1.</span> <span class='ocrx_word' id='word_1_235' title='bbox 526 1327 549 1360; x_wconf 87' lang='lat' dir='ltr'>P</span> <span class='ocrx_word' id='word_1_236' title='bbox 563 1325 596 1358; x_wconf 88' lang='lat' dir='ltr'>H</span> <span class='ocrx_word' id='word_1_237' title='bbox 609 1329 710 1370; x_wconf 78' lang='lat' dir='ltr'>maJ&#39;or</span> <span class='ocrx_word' id='word_1_238' title='bbox 724 1324 823 1359; x_wconf 87' lang='lat' dir='ltr'>fuerit</span> <span class='ocrx_word' id='word_1_239' title='bbox 832 1323 953 1372; x_wconf 82' lang='lat' dir='ltr'>angulo</span> <span class='ocrx_word' id='word_1_240' title='bbox 971 1326 1004 1360; x_wconf 86' lang='lat' dir='ltr'>H</span> <span class='ocrx_word' id='word_1_241' title='bbox 1014 1353 1024 1368; x_wconf 86' lang='lat'><em>,</em></span> <span class='ocrx_word' id='word_1_242' title='bbox 1040 1330 1074 1362; x_wconf 86' lang='lat'>&amp;</span> <span class='ocrx_word' id='word_1_243' title='bbox 1086 1327 1163 1360; x_wconf 80' lang='lat' dir='ltr'>radii</span> <span class='ocrx_word' id='word_1_244' title='bbox 1174 1325 1193 1360; x_wconf 74' lang='grc' dir='ltr'>ὲ</span> <span class='ocrx_word' id='word_1_245' title='bbox 1204 1328 1330 1374; x_wconf 61' lang='lat' dir='ltr'>punctis</span> <span class='ocrx_word' id='word_1_246' title='bbox 1349 1329 1360 1360; x_wconf 87' lang='lat'>1</span> <span class='ocrx_word' id='word_1_247' title='bbox 1373 1329 1461 1362; x_wconf 82' lang='lat' dir='ltr'>Lre-</span> 
     </span>
     <span class='ocr_line' id='line_1_35' title="bbox 71 1369 1458 1422; baseline 0.003 -16"><span class='ocrx_word' id='word_1_248' title='bbox 71 1369 285 1407; x_wconf 57' lang='lat' dir='ltr'>fleokentutin</span> <span class='ocrx_word' id='word_1_249' title='bbox 295 1376 326 1408; x_wconf 91' lang='lat' dir='ltr'>V</span> <span class='ocrx_word' id='word_1_250' title='bbox 338 1373 474 1420; x_wconf 71' lang='lat' dir='ltr'>Qinter</span> <span class='ocrx_word' id='word_1_251' title='bbox 494 1376 526 1409; x_wconf 86' lang='lat' dir='ltr'><strong>H</strong></span> <span class='ocrx_word' id='word_1_252' title='bbox 540 1375 637 1416; x_wconf 84' lang='lat' dir='ltr'>&amp;O‚</span> <span class='ocrx_word' id='word_1_253' title='bbox 652 1379 687 1409; x_wconf 89' lang='lat'>&amp;</span> <span class='ocrx_word' id='word_1_254' title='bbox 704 1373 809 1408; x_wconf 80' lang='lat' dir='ltr'>radius</span> <span class='ocrx_word' id='word_1_255' title='bbox 835 1375 881 1407; x_wconf 84' lang='lat' dir='ltr'>lv</span> <span class='ocrx_word' id='word_1_256' title='bbox 897 1372 1064 1422; x_wconf 79' lang='lat' dir='ltr'>frangetur</span> <span class='ocrx_word' id='word_1_257' title='bbox 1077 1376 1109 1409; x_wconf 90' lang='lat' dir='ltr'>in</span> <span class='ocrx_word' id='word_1_258' title='bbox 1121 1379 1151 1410; x_wconf 92' lang='lat' dir='ltr'>V</span> <span class='ocrx_word' id='word_1_259' title='bbox 1171 1388 1212 1422; x_wconf 86' lang='lat' dir='ltr'>y,</span> <span class='ocrx_word' id='word_1_260' title='bbox 1241 1386 1307 1410; x_wconf 81' lang='lat' dir='ltr'>tuin</span> <span class='ocrx_word' id='word_1_261' title='bbox 1326 1376 1458 1422; x_wconf 89' lang='lat' dir='ltr'>quidem</span> 
     </span>
     <span class='ocr_line' id='line_1_36' title="bbox 64 1419 1458 1471; baseline 0.002 -15"><span class='ocrx_word' id='word_1_262' title='bbox 64 1422 178 1456; x_wconf 81' lang='lat' dir='ltr'>minor</span> <span class='ocrx_word' id='word_1_263' title='bbox 188 1420 294 1456; x_wconf 82' lang='lat' dir='ltr'>futura</span> <span class='ocrx_word' id='word_1_264' title='bbox 304 1422 352 1456; x_wconf 82' lang='lat' dir='ltr'>est</span> <span class='ocrx_word' id='word_1_265' title='bbox 366 1423 525 1457; x_wconf 85' lang='lat' dir='ltr'>radiorum</span> <span class='ocrx_word' id='word_1_266' title='bbox 539 1421 670 1458; x_wconf 85' lang='lat' dir='ltr'>inflexio</span> <span class='ocrx_word' id='word_1_267' title='bbox 684 1449 693 1463; x_wconf 88' lang='lat'>‚</span> <span class='ocrx_word' id='word_1_268' title='bbox 710 1427 743 1459; x_wconf 87' lang='lat'><strong>&amp;</strong></span> <span class='ocrx_word' id='word_1_269' title='bbox 755 1421 830 1456; x_wconf 86' lang='lat' dir='ltr'>licet</span> <span class='ocrx_word' id='word_1_270' title='bbox 843 1422 924 1455; x_wconf 83' lang='lat' dir='ltr'>radii</span> <span class='ocrx_word' id='word_1_271' title='bbox 933 1419 1025 1457; x_wconf 84' lang='lat' dir='ltr'>fitum</span> <span class='ocrx_word' id='word_1_272' title='bbox 1044 1425 1186 1471; x_wconf 81' lang='lat' dir='ltr'>priorem</span> <span class='ocrx_word' id='word_1_273' title='bbox 1204 1426 1436 1459; x_wconf 78' lang='lat' dir='ltr'>commutarint</span> <span class='ocrx_word' id='word_1_274' title='bbox 1448 1453 1458 1468; x_wconf 91' lang='lat'>‚</span> 
     </span>
     <span class='ocr_line' id='line_1_37' title="bbox 73 1469 1459 1520; baseline 0.003 -16"><span class='ocrx_word' id='word_1_275' title='bbox 73 1479 182 1504; x_wconf 79' lang='lat' dir='ltr'>tamen</span> <span class='ocrx_word' id='word_1_276' title='bbox 201 1470 299 1505; x_wconf 89' lang='lat' dir='ltr'>iidem</span> <span class='ocrx_word' id='word_1_277' title='bbox 313 1469 492 1506; x_wconf 82' lang='lat' dir='ltr'>manebunt</span> <span class='ocrx_word' id='word_1_278' title='bbox 501 1471 625 1506; x_wconf 83' lang='lat' dir='ltr'>colores</span> <span class='ocrx_word' id='word_1_279' title='bbox 637 1499 647 1514; x_wconf 87' lang='lat'><em>‚</em></span> <span class='ocrx_word' id='word_1_280' title='bbox 658 1469 708 1505; x_wconf 86' lang='lat' dir='ltr'>sed</span> <span class='ocrx_word' id='word_1_281' title='bbox 721 1470 824 1505; x_wconf 84' lang='lat' dir='ltr'>multo</span> <span class='ocrx_word' id='word_1_282' title='bbox 834 1469 998 1505; x_wconf 75' lang='lat' dir='ltr'>diluuores</span> <span class='ocrx_word' id='word_1_283' title='bbox 1012 1484 1020 1506; x_wconf 91' lang='lat'><strong>:</strong></span> <span class='ocrx_word' id='word_1_284' title='bbox 1037 1472 1120 1506; x_wconf 86' lang='lat' dir='ltr'>adeo</span> <span class='ocrx_word' id='word_1_285' title='bbox 1134 1483 1170 1508; x_wconf 91' lang='lat' dir='ltr'>ut</span> <span class='ocrx_word' id='word_1_286' title='bbox 1179 1474 1335 1520; x_wconf 59' lang='lat' dir='ltr'>punitum</span> <span class='ocrx_word' id='word_1_287' title='bbox 1346 1485 1376 1517; x_wconf 78' lang='grc' dir='ltr'>κ,</span> <span class='ocrx_word' id='word_1_288' title='bbox 1390 1471 1459 1508; x_wconf 83' lang='lat' dir='ltr'>sub-</span> 
     </span>
     <span class='ocr_line' id='line_1_38' title="bbox 62 1517 843 1567; baseline -0.001 -12"><span class='ocrx_word' id='word_1_289' title='bbox 62 1517 161 1555; x_wconf 17' lang='lat' dir='ltr'>*flavo</span> <span class='ocrx_word' id='word_1_290' title='bbox 170 1547 179 1561; x_wconf 86' lang='lat'>‚</span> <span class='ocrx_word' id='word_1_291' title='bbox 190 1520 344 1567; x_wconf 59' lang='lat' dir='ltr'>punctum</span> <span class='ocrx_word' id='word_1_292' title='bbox 357 1533 379 1567; x_wconf 83' lang='lat' dir='ltr'>y</span> <span class='ocrx_word' id='word_1_293' title='bbox 391 1519 529 1554; x_wconf 83' lang='lat' dir='ltr'>caeruleo</span> <span class='ocrx_word' id='word_1_294' title='bbox 541 1518 655 1554; x_wconf 86' lang='lat' dir='ltr'>leviter</span> <span class='ocrx_word' id='word_1_295' title='bbox 675 1517 843 1554; x_wconf 81' lang='lat' dir='ltr'>inficiatur·</span> 
     </span>
    </p>

    <p class='ocr_par' dir='ltr' id='par_1_12' title="bbox 63 1564 1470 1860">
     <span class='ocr_line' id='line_1_39' title="bbox 109 1564 1457 1616; baseline 0.001 -14"><span class='ocrx_word' id='word_1_296' title='bbox 109 1581 144 1611; x_wconf 85' lang='lat'>4.</span> <span class='ocrx_word' id='word_1_297' title='bbox 163 1568 264 1616; x_wconf 83' lang='lat' dir='ltr'>Qod</span> <span class='ocrx_word' id='word_1_298' title='bbox 279 1566 298 1602; x_wconf 83' lang='lat' dir='ltr'>fi</span> <span class='ocrx_word' id='word_1_299' title='bbox 310 1570 385 1603; x_wconf 82' lang='lat' dir='ltr'>radii</span> <span class='ocrx_word' id='word_1_300' title='bbox 394 1575 415 1604; x_wconf 71' lang='lat' dir='ltr'>a</span> <span class='ocrx_word' id='word_1_301' title='bbox 427 1567 557 1616; x_wconf 87' lang='lat' dir='ltr'>speculo</span> <span class='ocrx_word' id='word_1_302' title='bbox 571 1570 604 1602; x_wconf 89' lang='lat' dir='ltr'>in</span> <span class='ocrx_word' id='word_1_303' title='bbox 619 1568 745 1615; x_wconf 60' lang='lat' dir='ltr'>punctis</span> <span class='ocrx_word' id='word_1_304' title='bbox 755 1571 767 1602; x_wconf 93' lang='lat'>1</span> <span class='ocrx_word' id='word_1_305' title='bbox 777 1569 803 1603; x_wconf 94' lang='lat' dir='ltr'>L</span> <span class='ocrx_word' id='word_1_306' title='bbox 812 1565 971 1602; x_wconf 79' lang='lat' dir='ltr'>collocato</span> <span class='ocrx_word' id='word_1_307' title='bbox 982 1564 1119 1604; x_wconf 81' lang='lat' dir='ltr'>refiliant</span> <span class='ocrx_word' id='word_1_308' title='bbox 1134 1571 1167 1604; x_wconf 92' lang='lat' dir='ltr'>in</span> <span class='ocrx_word' id='word_1_309' title='bbox 1179 1569 1201 1604; x_wconf 89' lang='lat' dir='ltr'>h</span> <span class='ocrx_word' id='word_1_310' title='bbox 1215 1582 1246 1603; x_wconf 87' lang='lat' dir='ltr'>m</span> <span class='ocrx_word' id='word_1_311' title='bbox 1260 1597 1269 1611; x_wconf 86' lang='lat'>‚</span> <span class='ocrx_word' id='word_1_312' title='bbox 1286 1571 1369 1604; x_wconf 82' lang='lat' dir='ltr'>inter</span> <span class='ocrx_word' id='word_1_313' title='bbox 1380 1570 1408 1605; x_wconf 84' lang='lat' dir='ltr'>A</span> <span class='ocrx_word' id='word_1_314' title='bbox 1422 1574 1457 1607; x_wconf 77' lang='grc' dir='ltr'>δε</span> 
     </span>
     <span class='ocr_line' id='line_1_40' title="bbox 63 1615 1457 1665; baseline 0.004 -16"><span class='ocrx_word' id='word_1_315' title='bbox 63 1617 140 1659; x_wconf 57' lang='grc' dir='ltr'>Εδι</span> <span class='ocrx_word' id='word_1_316' title='bbox 153 1618 184 1650; x_wconf 87' lang='lat' dir='ltr'>in</span> <span class='ocrx_word' id='word_1_317' title='bbox 201 1618 318 1664; x_wconf 54' lang='lat' dir='ltr'>puncta</span> <span class='ocrx_word' id='word_1_318' title='bbox 334 1617 352 1650; x_wconf 93' lang='lat' dir='ltr'>f</span> <span class='ocrx_word' id='word_1_319' title='bbox 357 1630 377 1665; x_wconf 86' lang='lat' dir='ltr'><strong>g</strong></span> <span class='ocrx_word' id='word_1_320' title='bbox 386 1616 506 1653; x_wconf 84' lang='lat' dir='ltr'>abeant</span> <span class='ocrx_word' id='word_1_321' title='bbox 517 1616 659 1653; x_wconf 70' lang='lat' dir='ltr'>refraffl:</span> <span class='ocrx_word' id='word_1_322' title='bbox 677 1628 744 1651; x_wconf 87' lang='lat' dir='ltr'>tum</span> <span class='ocrx_word' id='word_1_323' title='bbox 758 1617 894 1651; x_wconf 86' lang='lat' dir='ltr'>extremi</span> <span class='ocrx_word' id='word_1_324' title='bbox 910 1615 989 1650; x_wconf 79' lang='lat' dir='ltr'>radii</span> <span class='ocrx_word' id='word_1_325' title='bbox 1002 1615 1094 1652; x_wconf 70' lang='lat' dir='ltr'>ficum</span> <span class='ocrx_word' id='word_1_326' title='bbox 1107 1630 1174 1653; x_wconf 88' lang='lat' dir='ltr'>non</span> <span class='ocrx_word' id='word_1_327' title='bbox 1187 1616 1436 1654; x_wconf 80' lang='lat' dir='ltr'>commutabunt</span> <span class='ocrx_word' id='word_1_328' title='bbox 1448 1635 1457 1662; x_wconf 63' lang='grc' dir='ltr'><strong>ς</strong></span> 
     </span>
     <span class='ocr_line' id='line_1_41' title="bbox 73 1663 1456 1713; baseline 0.001 -13"><span class='ocrx_word' id='word_1_329' title='bbox 73 1663 126 1700; x_wconf 86' lang='lat' dir='ltr'>sed</span> <span class='ocrx_word' id='word_1_330' title='bbox 137 1667 193 1711; x_wconf 87' lang='lat' dir='ltr'>qui</span> <span class='ocrx_word' id='word_1_331' title='bbox 202 1677 362 1700; x_wconf 81' lang='lat' dir='ltr'>convexus</span> <span class='ocrx_word' id='word_1_332' title='bbox 379 1664 441 1700; x_wconf 88' lang='lat' dir='ltr'>fuit</span> <span class='ocrx_word' id='word_1_333' title='bbox 453 1667 485 1700; x_wconf 87' lang='lat' dir='ltr'>in</span> <span class='ocrx_word' id='word_1_334' title='bbox 497 1667 604 1713; x_wconf 87' lang='lat' dir='ltr'>priore</span> <span class='ocrx_word' id='word_1_335' title='bbox 618 1665 817 1701; x_wconf 61' lang='lat' dir='ltr'>refractione</span> <span class='ocrx_word' id='word_1_336' title='bbox 839 1666 867 1699; x_wconf 91' lang='lat' dir='ltr'><strong>G</strong></span> <span class='ocrx_word' id='word_1_337' title='bbox 882 1666 916 1699; x_wconf 91' lang='lat' dir='ltr'><strong>H</strong></span> <span class='ocrx_word' id='word_1_338' title='bbox 931 1665 960 1698; x_wconf 92' lang='lat' dir='ltr'>L</span> <span class='ocrx_word' id='word_1_339' title='bbox 976 1693 985 1707; x_wconf 80' lang='lat'>,</span> <span class='ocrx_word' id='word_1_340' title='bbox 1002 1665 1150 1700; x_wconf 84' lang='lat' dir='ltr'>manebit</span> <span class='ocrx_word' id='word_1_341' title='bbox 1167 1678 1328 1701; x_wconf 86' lang='lat' dir='ltr'>convexus</span> <span class='ocrx_word' id='word_1_342' title='bbox 1357 1668 1391 1701; x_wconf 90' lang='lat' dir='ltr'>in</span> <span class='ocrx_word' id='word_1_343' title='bbox 1409 1667 1456 1702; x_wconf 85' lang='lat' dir='ltr'>se-</span> 
     </span>
     <span class='ocr_line' id='line_1_42' title="bbox 71 1712 1456 1763; baseline 0.001 -15"><span class='ocrx_word' id='word_1_344' title='bbox 71 1714 176 1748; x_wconf 81' lang='lat' dir='ltr'>cunda</span> <span class='ocrx_word' id='word_1_345' title='bbox 186 1743 195 1757; x_wconf 90' lang='lat'>‚</span> <span class='ocrx_word' id='word_1_346' title='bbox 206 1716 356 1749; x_wconf 84' lang='lat' dir='ltr'>nimirum</span> <span class='ocrx_word' id='word_1_347' title='bbox 367 1716 394 1749; x_wconf 88' lang='lat' dir='ltr'>L</span> <span class='ocrx_word' id='word_1_348' title='bbox 403 1715 423 1748; x_wconf 88' lang='lat' dir='ltr'>h</span> <span class='ocrx_word' id='word_1_349' title='bbox 433 1714 463 1757; x_wconf 88' lang='lat' dir='ltr'>f,</span> <span class='ocrx_word' id='word_1_350' title='bbox 476 1726 609 1762; x_wconf 86' lang='lat' dir='ltr'>tumque</span> <span class='ocrx_word' id='word_1_351' title='bbox 622 1713 718 1749; x_wconf 88' lang='lat' dir='ltr'>rubro</span> <span class='ocrx_word' id='word_1_352' title='bbox 736 1720 769 1751; x_wconf 77' lang='grc' dir='ltr'>δε</span> <span class='ocrx_word' id='word_1_353' title='bbox 780 1713 893 1748; x_wconf 89' lang='lat' dir='ltr'>vivido</span> <span class='ocrx_word' id='word_1_354' title='bbox 902 1712 1012 1748; x_wconf 78' lang='lat' dir='ltr'>colore</span> <span class='ocrx_word' id='word_1_355' title='bbox 1026 1717 1167 1763; x_wconf 83' lang='lat' dir='ltr'>tingetur</span> <span class='ocrx_word' id='word_1_356' title='bbox 1186 1717 1218 1750; x_wconf 85' lang='lat' dir='ltr'>in</span> <span class='ocrx_word' id='word_1_357' title='bbox 1230 1714 1247 1750; x_wconf 87' lang='lat' dir='ltr'>f</span> <span class='ocrx_word' id='word_1_358' title='bbox 1257 1744 1267 1759; x_wconf 91' lang='lat'>,</span> <span class='ocrx_word' id='word_1_359' title='bbox 1281 1718 1331 1750; x_wconf 86' lang='lat' dir='ltr'>cui</span> <span class='ocrx_word' id='word_1_360' title='bbox 1349 1714 1456 1752; x_wconf 81' lang='lat' dir='ltr'>flavus</span> 
     </span>
     <span class='ocr_line' id='line_1_43' title="bbox 69 1760 1470 1812; baseline 0.002 -14"><span class='ocrx_word' id='word_1_361' title='bbox 69 1760 264 1808; x_wconf 82' lang='lat' dir='ltr'>subjicietur.</span> <span class='ocrx_word' id='word_1_362' title='bbox 284 1763 406 1797; x_wconf 85' lang='lat' dir='ltr'>Radius</span> <span class='ocrx_word' id='word_1_363' title='bbox 416 1761 495 1798; x_wconf 78' lang='lat' dir='ltr'>vero</span> <span class='ocrx_word' id='word_1_364' title='bbox 505 1777 537 1798; x_wconf 88' lang='lat' dir='ltr'>m</span> <span class='ocrx_word' id='word_1_365' title='bbox 551 1777 572 1812; x_wconf 86' lang='lat' dir='ltr'>g</span> <span class='ocrx_word' id='word_1_366' title='bbox 583 1775 743 1812; x_wconf 85' lang='lat' dir='ltr'>purpureo</span> <span class='ocrx_word' id='word_1_367' title='bbox 753 1762 863 1797; x_wconf 87' lang='lat' dir='ltr'>colore</span> <span class='ocrx_word' id='word_1_368' title='bbox 881 1763 985 1796; x_wconf 84' lang='lat' dir='ltr'>nitens</span> <span class='ocrx_word' id='word_1_369' title='bbox 997 1763 1171 1812; x_wconf 82' lang='lat' dir='ltr'>apparebit</span> <span class='ocrx_word' id='word_1_370' title='bbox 1181 1792 1191 1809; x_wconf 87' lang='lat'>,</span> <span class='ocrx_word' id='word_1_371' title='bbox 1210 1767 1267 1812; x_wconf 88' lang='lat' dir='ltr'>qui</span> <span class='ocrx_word' id='word_1_372' title='bbox 1285 1764 1470 1801; x_wconf 80' lang='lat' dir='ltr'>caeruleum·</span> 
     </span>
     <span class='ocr_line' id='line_1_44' title="bbox 72 1811 1114 1860; baseline 0.003 -15"><span class='ocrx_word' id='word_1_373' title='bbox 72 1813 224 1858; x_wconf 83' lang='lat' dir='ltr'>excipiet:</span> <span class='ocrx_word' id='word_1_374' title='bbox 239 1812 287 1845; x_wconf 88' lang='lat' dir='ltr'>Ac</span> <span class='ocrx_word' id='word_1_375' title='bbox 298 1811 406 1846; x_wconf 85' lang='lat' dir='ltr'>viridis</span> <span class='ocrx_word' id='word_1_376' title='bbox 418 1812 507 1847; x_wconf 86' lang='lat' dir='ltr'>color</span> <span class='ocrx_word' id='word_1_377' title='bbox 518 1814 551 1847; x_wconf 91' lang='lat' dir='ltr'>in</span> <span class='ocrx_word' id='word_1_378' title='bbox 566 1812 722 1847; x_wconf 87' lang='lat' dir='ltr'>mediocri</span> <span class='ocrx_word' id='word_1_379' title='bbox 734 1811 883 1846; x_wconf 75' lang='lat' dir='ltr'>distantia</span> <span class='ocrx_word' id='word_1_380' title='bbox 895 1811 1114 1860; x_wconf 80' lang='lat' dir='ltr'>conspicietur.</span> 
     </span>
    </p>

    <p class='ocr_par' dir='ltr' id='par_1_13' title="bbox 64 1859 1470 2346">
     <span class='ocr_line' id='line_1_45' title="bbox 121 1859 1456 1909; baseline 0.001 -14"><span class='ocrx_word' id='word_1_381' title='bbox 121 1861 228 1909; x_wconf 81' lang='lat' dir='ltr'>5.Jam</span> <span class='ocrx_word' id='word_1_382' title='bbox 244 1859 262 1894; x_wconf 86' lang='lat' dir='ltr'>fi</span> <span class='ocrx_word' id='word_1_383' title='bbox 273 1860 432 1907; x_wconf 82' lang='lat' dir='ltr'>speculum</span> <span class='ocrx_word' id='word_1_384' title='bbox 442 1863 474 1897; x_wconf 90' lang='lat' dir='ltr'>in</span> <span class='ocrx_word' id='word_1_385' title='bbox 488 1864 500 1896; x_wconf 95' lang='lat'>1</span> <span class='ocrx_word' id='word_1_386' title='bbox 512 1859 679 1909; x_wconf 84' lang='lat' dir='ltr'>Lpofitum</span> <span class='ocrx_word' id='word_1_387' title='bbox 696 1859 734 1896; x_wconf 85' lang='lat' dir='ltr'>fic</span> <span class='ocrx_word' id='word_1_388' title='bbox 743 1871 916 1896; x_wconf 84' lang='lat' dir='ltr'>convertas</span> <span class='ocrx_word' id='word_1_389' title='bbox 926 1888 935 1903; x_wconf 89' lang='lat'><em>,</em></span> <span class='ocrx_word' id='word_1_390' title='bbox 948 1873 984 1895; x_wconf 87' lang='lat' dir='ltr'>ut</span> <span class='ocrx_word' id='word_1_391' title='bbox 997 1862 1101 1897; x_wconf 85' lang='lat' dir='ltr'>radius</span> <span class='ocrx_word' id='word_1_392' title='bbox 1112 1861 1226 1896; x_wconf 88' lang='lat' dir='ltr'>solidus</span> <span class='ocrx_word' id='word_1_393' title='bbox 1240 1864 1260 1897; x_wconf 85' lang='lat' dir='ltr'>F</span> <span class='ocrx_word' id='word_1_394' title='bbox 1271 1863 1296 1897; x_wconf 81' lang='grc' dir='ltr'>Ι,</span> <span class='ocrx_word' id='word_1_395' title='bbox 1309 1859 1456 1897; x_wconf 63' lang='grc' dir='ltr'>ὲεΗεᾶὶει-</span> 
     </span>
     <span class='ocr_line' id='line_1_46' title="bbox 73 1908 1457 1958; baseline 0.004 -18"><span class='ocrx_word' id='word_1_396' title='bbox 73 1916 123 1941; x_wconf 86' lang='lat' dir='ltr'>tur</span> <span class='ocrx_word' id='word_1_397' title='bbox 137 1920 220 1942; x_wconf 81' lang='lat' dir='ltr'>inter</span> <span class='ocrx_word' id='word_1_398' title='bbox 231 1911 253 1943; x_wconf 81' lang='lat' dir='ltr'>P</span> <span class='ocrx_word' id='word_1_399' title='bbox 265 1915 297 1946; x_wconf 72' lang='grc' dir='ltr'>δι</span> <span class='ocrx_word' id='word_1_400' title='bbox 314 1912 346 1944; x_wconf 93' lang='lat' dir='ltr'>D</span> <span class='ocrx_word' id='word_1_401' title='bbox 360 1937 370 1951; x_wconf 88' lang='lat'>‚</span> <span class='ocrx_word' id='word_1_402' title='bbox 387 1909 438 1945; x_wconf 89' lang='lat' dir='ltr'>seu</span> <span class='ocrx_word' id='word_1_403' title='bbox 457 1922 635 1945; x_wconf 84' lang='lat' dir='ltr'>extremum</span> <span class='ocrx_word' id='word_1_404' title='bbox 646 1909 735 1944; x_wconf 86' lang='lat' dir='ltr'>lineae</span> <span class='ocrx_word' id='word_1_405' title='bbox 753 1920 788 1944; x_wconf 89' lang='lat' dir='ltr'>ut</span> <span class='ocrx_word' id='word_1_406' title='bbox 803 1911 834 1943; x_wconf 91' lang='lat' dir='ltr'>in</span> <span class='ocrx_word' id='word_1_407' title='bbox 848 1921 866 1943; x_wconf 81' lang='lat' dir='ltr'>a</span> <span class='ocrx_word' id='word_1_408' title='bbox 880 1908 902 1943; x_wconf 94' lang='lat' dir='ltr'>b</span> <span class='ocrx_word' id='word_1_409' title='bbox 915 1936 925 1950; x_wconf 83' lang='lat'><strong><em>‚</em></strong></span> <span class='ocrx_word' id='word_1_410' title='bbox 941 1910 1023 1944; x_wconf 82' lang='lat' dir='ltr'>adeo</span> <span class='ocrx_word' id='word_1_411' title='bbox 1037 1922 1073 1945; x_wconf 88' lang='lat' dir='ltr'>ut</span> <span class='ocrx_word' id='word_1_412' title='bbox 1083 1911 1260 1948; x_wconf 78' lang='lat' dir='ltr'>admodum</span> <span class='ocrx_word' id='word_1_413' title='bbox 1276 1908 1410 1958; x_wconf 81' lang='lat' dir='ltr'>obliqua</span> <span class='ocrx_word' id='word_1_414' title='bbox 1421 1909 1457 1946; x_wconf 81' lang='lat' dir='ltr'>fit</span> 
     </span>
     <span class='ocr_line' id='line_1_47' title="bbox 73 1955 1470 2007; baseline 0.004 -18"><span class='ocrx_word' id='word_1_415' title='bbox 73 1955 291 1998; x_wconf 85' lang='lat' dir='ltr'>inflexio‚tum</span> <span class='ocrx_word' id='word_1_416' title='bbox 303 1959 383 1991; x_wconf 78' lang='lat' dir='ltr'>radii</span> <span class='ocrx_word' id='word_1_417' title='bbox 394 1957 483 1993; x_wconf 81' lang='lat' dir='ltr'>situm</span> <span class='ocrx_word' id='word_1_418' title='bbox 494 1963 527 1995; x_wconf 85' lang='lat'>&amp;</span> <span class='ocrx_word' id='word_1_419' title='bbox 535 1958 660 1993; x_wconf 87' lang='lat' dir='ltr'>colores</span> <span class='ocrx_word' id='word_1_420' title='bbox 670 1957 1004 2005; x_wconf 78' lang='lat' dir='ltr'>commutabunt3quia</span> <span class='ocrx_word' id='word_1_421' title='bbox 1013 1958 1168 1994; x_wconf 87' lang='lat' dir='ltr'>radiusLb</span> <span class='ocrx_word' id='word_1_422' title='bbox 1178 1962 1234 2006; x_wconf 79' lang='lat' dir='ltr'>qui</span> <span class='ocrx_word' id='word_1_423' title='bbox 1245 1962 1326 1995; x_wconf 84' lang='lat' dir='ltr'>intra</span> <span class='ocrx_word' id='word_1_424' title='bbox 1338 1971 1470 2007; x_wconf 76' lang='lat' dir='ltr'>aquam¹</span> 
     </span>
     <span class='ocr_line' id='line_1_48' title="bbox 73 2004 1469 2055; baseline 0.004 -17"><span class='ocrx_word' id='word_1_425' title='bbox 73 2004 167 2039; x_wconf 85' lang='lat' dir='ltr'>ruber</span> <span class='ocrx_word' id='word_1_426' title='bbox 185 2016 263 2048; x_wconf 77' lang='lat' dir='ltr'>erat,</span> <span class='ocrx_word' id='word_1_427' title='bbox 276 2018 448 2052; x_wconf 86' lang='lat' dir='ltr'>purpureus</span> <span class='ocrx_word' id='word_1_428' title='bbox 460 2018 549 2042; x_wconf 86' lang='lat' dir='ltr'>extra</span> <span class='ocrx_word' id='word_1_429' title='bbox 566 2018 682 2053; x_wconf 82' lang='lat' dir='ltr'>aqu-arn</span> <span class='ocrx_word' id='word_1_430' title='bbox 698 2006 822 2041; x_wconf 86' lang='lat' dir='ltr'>futurus</span> <span class='ocrx_word' id='word_1_431' title='bbox 833 2007 875 2041; x_wconf 83' lang='lat' dir='ltr'>est</span> <span class='ocrx_word' id='word_1_432' title='bbox 889 2024 899 2049; x_wconf 93' lang='lat'>·,</span> <span class='ocrx_word' id='word_1_433' title='bbox 914 2011 948 2043; x_wconf 88' lang='lat'>&amp;</span> <span class='ocrx_word' id='word_1_434' title='bbox 965 2007 1033 2054; x_wconf 76' lang='lat' dir='ltr'>quo</span> <span class='ocrx_word' id='word_1_435' title='bbox 1051 2006 1181 2043; x_wconf 83' lang='lat' dir='ltr'>inflexio</span> <span class='ocrx_word' id='word_1_436' title='bbox 1204 2020 1257 2043; x_wconf 83' lang='lat' dir='ltr'>aut</span> <span class='ocrx_word' id='word_1_437' title='bbox 1281 2007 1469 2055; x_wconf 75' lang='lat' dir='ltr'>obliquitas‘</span> 
     </span>
     <span class='ocr_line' id='line_1_49' title="bbox 74 2053 1453 2105; baseline 0.005 -19"><span class='ocrx_word' id='word_1_438' title='bbox 74 2058 178 2100; x_wconf 77' lang='lat' dir='ltr'>major</span> <span class='ocrx_word' id='word_1_439' title='bbox 196 2053 306 2097; x_wconf 82' lang='lat' dir='ltr'>fuerit,</span> <span class='ocrx_word' id='word_1_440' title='bbox 317 2053 378 2090; x_wconf 77' lang='lat' dir='ltr'>hoc</span> <span class='ocrx_word' id='word_1_441' title='bbox 390 2054 513 2090; x_wconf 86' lang='lat' dir='ltr'>colores</span> <span class='ocrx_word' id='word_1_442' title='bbox 534 2067 624 2091; x_wconf 84' lang='lat' dir='ltr'>erunt</span> <span class='ocrx_word' id='word_1_443' title='bbox 641 2055 816 2092; x_wconf 81' lang='lat' dir='ltr'>vividiores</span> <span class='ocrx_word' id='word_1_444' title='bbox 828 2070 836 2092; x_wconf 91' lang='lat'>:</span> <span class='ocrx_word' id='word_1_445' title='bbox 848 2056 924 2090; x_wconf 87' lang='lat' dir='ltr'>dum</span> <span class='ocrx_word' id='word_1_446' title='bbox 941 2056 1020 2091; x_wconf 85' lang='lat' dir='ltr'>radii</span> <span class='ocrx_word' id='word_1_447' title='bbox 1032 2057 1071 2091; x_wconf 90' lang='lat' dir='ltr'>ad</span> <span class='ocrx_word' id='word_1_448' title='bbox 1081 2072 1096 2105; x_wconf 84' lang='lat'><em>5</em></span> <span class='ocrx_word' id='word_1_449' title='bbox 1114 2068 1168 2093; x_wconf 82' lang='lat' dir='ltr'>aut</span> <span class='ocrx_word' id='word_1_450' title='bbox 1182 2062 1201 2092; x_wconf 88' lang='lat'>6</span> <span class='ocrx_word' id='word_1_451' title='bbox 1220 2057 1453 2105; x_wconf 61' lang='lat' dir='ltr'>pedumn&#39;nter-</span> 
     </span>
     <span class='ocr_line' id='line_1_50' title="bbox 74 2101 422 2150; baseline 0 -14"><span class='ocrx_word' id='word_1_452' title='bbox 74 2101 195 2138; x_wconf 80' lang='lat' dir='ltr'>vallum</span> <span class='ocrx_word' id='word_1_453' title='bbox 215 2105 422 2150; x_wconf 79' lang='lat' dir='ltr'>excipiantur.</span> 
     </span>
     <span class='ocr_line' id='line_1_51' title="bbox 64 2151 1468 2202; baseline 0.004 -20"><span class='ocrx_word' id='word_1_454' title='bbox 64 2180 78 2184; x_wconf 71' lang='grc'>,.</span> <span class='ocrx_word' id='word_1_455' title='bbox 107 2153 152 2186; x_wconf 85' lang='lat' dir='ltr'>Ex</span> <span class='ocrx_word' id='word_1_456' title='bbox 164 2151 275 2186; x_wconf 79' lang='lat' dir='ltr'>iisdem</span> <span class='ocrx_word' id='word_1_457' title='bbox 289 2154 402 2199; x_wconf 85' lang='lat' dir='ltr'>utique</span> <span class='ocrx_word' id='word_1_458' title='bbox 415 2153 575 2199; x_wconf 84' lang='lat' dir='ltr'>principiis</span> <span class='ocrx_word' id='word_1_459' title='bbox 587 2154 753 2186; x_wconf 79' lang='lat' dir='ltr'>innumera</span> <span class='ocrx_word' id='word_1_460' title='bbox 763 2163 846 2199; x_wconf 88' lang='lat' dir='ltr'>pene</span> <span class='ocrx_word' id='word_1_461' title='bbox 857 2151 1007 2200; x_wconf 84' lang='lat' dir='ltr'>explicari</span> <span class='ocrx_word' id='word_1_462' title='bbox 1018 2153 1142 2202; x_wconf 86' lang='lat' dir='ltr'>possunt</span> <span class='ocrx_word' id='word_1_463' title='bbox 1152 2164 1221 2189; x_wconf 89' lang='lat' dir='ltr'>tum</span> <span class='ocrx_word' id='word_1_464' title='bbox 1238 2164 1374 2197; x_wconf 66' lang='lat' dir='ltr'>naturae,</span> <span class='ocrx_word' id='word_1_465' title='bbox 1385 2164 1468 2190; x_wconf 76' lang='lat' dir='ltr'>turri·</span> 
     </span>
     <span class='ocr_line' id='line_1_52' title="bbox 76 2199 1451 2249; baseline 0.001 -16"><span class='ocrx_word' id='word_1_466' title='bbox 76 2201 150 2236; x_wconf 76' lang='lat' dir='ltr'>attis</span> <span class='ocrx_word' id='word_1_467' title='bbox 165 2200 387 2248; x_wconf 79' lang='lat' dir='ltr'>phaenomena.</span> <span class='ocrx_word' id='word_1_468' title='bbox 402 2215 427 2236; x_wconf 63' lang='grc' dir='ltr'>ι’</span> <span class='ocrx_word' id='word_1_469' title='bbox 447 2202 538 2233; x_wconf 89' lang='lat' dir='ltr'>Vitra</span> <span class='ocrx_word' id='word_1_470' title='bbox 559 2200 731 2247; x_wconf 87' lang='lat' dir='ltr'>multiplici</span> <span class='ocrx_word' id='word_1_471' title='bbox 749 2199 911 2248; x_wconf 81' lang='lat' dir='ltr'>superficie</span> <span class='ocrx_word' id='word_1_472' title='bbox 936 2203 1075 2249; x_wconf 78' lang='lat' dir='ltr'>praedita,</span> <span class='ocrx_word' id='word_1_473' title='bbox 1086 2216 1115 2236; x_wconf 84' lang='lat' dir='ltr'>v.</span> <span class='ocrx_word' id='word_1_474' title='bbox 1128 2203 1262 2236; x_wconf 82' lang='lat' dir='ltr'>lunettes</span> <span class='ocrx_word' id='word_1_475' title='bbox 1273 2199 1292 2234; x_wconf 72' lang='grc' dir='ltr'>ἶτ</span> <span class='ocrx_word' id='word_1_476' title='bbox 1295 2201 1451 2245; x_wconf 71' lang='lat' dir='ltr'>facetus,</span> 
     </span>
     <span class='ocr_line' id='line_1_53' title="bbox 74 2248 1452 2298; baseline 0.001 -15"><span class='ocrx_word' id='word_1_477' title='bbox 74 2248 247 2295; x_wconf 78' lang='lat' dir='ltr'>cujusmodi</span> <span class='ocrx_word' id='word_1_478' title='bbox 266 2250 308 2283; x_wconf 79' lang='lat' dir='ltr'>est</span> <span class='ocrx_word' id='word_1_479' title='bbox 329 2252 355 2284; x_wconf 82' lang='lat' dir='ltr'><strong>A</strong></span> <span class='ocrx_word' id='word_1_480' title='bbox 371 2251 393 2283; x_wconf 83' lang='lat' dir='ltr'><strong>E</strong></span> <span class='ocrx_word' id='word_1_481' title='bbox 416 2250 501 2284; x_wconf 83' lang='lat' dir='ltr'>idern</span> <span class='ocrx_word' id='word_1_482' title='bbox 524 2248 685 2295; x_wconf 63' lang='lat' dir='ltr'>objedstum</span> <span class='ocrx_word' id='word_1_483' title='bbox 699 2278 708 2290; x_wconf 94' lang='lat'>‚</span> <span class='ocrx_word' id='word_1_484' title='bbox 723 2260 758 2282; x_wconf 90' lang='lat' dir='ltr'>ut</span> <span class='ocrx_word' id='word_1_485' title='bbox 769 2261 788 2282; x_wconf 88' lang='lat' dir='ltr'>a</span> <span class='ocrx_word' id='word_1_486' title='bbox 804 2249 914 2295; x_wconf 74' lang='lat' dir='ltr'>fquod</span> <span class='ocrx_word' id='word_1_487' title='bbox 927 2250 1037 2286; x_wconf 82' lang='lat' dir='ltr'>album</span> <span class='ocrx_word' id='word_1_488' title='bbox 1052 2250 1247 2298; x_wconf 84' lang='lat' dir='ltr'>supponitur,</span> <span class='ocrx_word' id='word_1_489' title='bbox 1259 2249 1355 2283; x_wconf 86' lang='lat' dir='ltr'>oculo</span> <span class='ocrx_word' id='word_1_490' title='bbox 1367 2251 1398 2284; x_wconf 92' lang='lat' dir='ltr'>in</span> <span class='ocrx_word' id='word_1_491' title='bbox 1418 2251 1452 2284; x_wconf 87' lang='lat' dir='ltr'>X</span> 
     </span>
     <span class='ocr_line' id='line_1_54' title="bbox 76 2296 1454 2346; baseline 0.004 -16"><span class='ocrx_word' id='word_1_492' title='bbox 76 2297 244 2332; x_wconf 83' lang='lat' dir='ltr'>constituto</span> <span class='ocrx_word' id='word_1_493' title='bbox 258 2297 295 2332; x_wconf 83' lang='lat' dir='ltr'>fic</span> <span class='ocrx_word' id='word_1_494' title='bbox 304 2297 440 2333; x_wconf 67' lang='lat' dir='ltr'>exhibet</span> <span class='ocrx_word' id='word_1_495' title='bbox 452 2326 461 2340; x_wconf 93' lang='lat'>‚</span> <span class='ocrx_word' id='word_1_496' title='bbox 481 2310 515 2332; x_wconf 90' lang='lat' dir='ltr'>ut</span> <span class='ocrx_word' id='word_1_497' title='bbox 531 2311 587 2346; x_wconf 66' lang='lat' dir='ltr'>per</span> <span class='ocrx_word' id='word_1_498' title='bbox 605 2296 783 2344; x_wconf 71' lang='lat' dir='ltr'>superficies</span> <span class='ocrx_word' id='word_1_499' title='bbox 802 2310 818 2330; x_wconf 89' lang='lat' dir='ltr'>e</span> <span class='ocrx_word' id='word_1_500' title='bbox 830 2299 850 2331; x_wconf 86' lang='lat' dir='ltr'>d</span> <span class='ocrx_word' id='word_1_501' title='bbox 860 2327 869 2340; x_wconf 81' lang='grc'>,</span> <span class='ocrx_word' id='word_1_502' title='bbox 881 2304 914 2334; x_wconf 88' lang='lat'>&amp;</span> <span class='ocrx_word' id='word_1_503' title='bbox 926 2298 947 2332; x_wconf 92' lang='lat' dir='ltr'>b</span> <span class='ocrx_word' id='word_1_504' title='bbox 962 2312 979 2333; x_wconf 90' lang='lat' dir='ltr'>c</span> <span class='ocrx_word' id='word_1_505' title='bbox 989 2300 1110 2333; x_wconf 70' lang='lat' dir='ltr'>directe</span> <span class='ocrx_word' id='word_1_506' title='bbox 1122 2296 1288 2338; x_wconf 68' lang='lat' dir='ltr'>obverffis,</span> <span class='ocrx_word' id='word_1_507' title='bbox 1304 2310 1403 2332; x_wconf 84' lang='lat' dir='ltr'>unum</span> <span class='ocrx_word' id='word_1_508' title='bbox 1419 2303 1454 2335; x_wconf 74' lang='grc' dir='ltr'>δε</span> 
     </span>
    </p>
   </div>
   <div class='ocr_carea' id='block_1_10' title="bbox 75 2346 1453 2435">
    <p class='ocr_par' dir='ltr' id='par_1_14' title="bbox 75 2346 1453 2435">
     <span class='ocr_line' id='line_1_55' title="bbox 75 2346 1453 2431; baseline 0.001 -51"><span class='ocrx_word' id='word_1_509' title='bbox 75 2346 153 2380; x_wconf 82' lang='lat' dir='ltr'>citra</span> <span class='ocrx_word' id='word_1_510' title='bbox 162 2348 305 2383; x_wconf 86' lang='lat' dir='ltr'>colorem</span> <span class='ocrx_word' id='word_1_511' title='bbox 315 2348 461 2384; x_wconf 81' lang='lat' dir='ltr'>videatur</span> <span class='ocrx_word' id='word_1_512' title='bbox 474 2376 485 2393; x_wconf 87' lang='lat'>,</span> <span class='ocrx_word' id='word_1_513' title='bbox 506 2359 562 2397; x_wconf 83' lang='lat' dir='ltr'>per</span> <span class='ocrx_word' id='word_1_514' title='bbox 576 2347 680 2383; x_wconf 77' lang='lat' dir='ltr'>radios</span> <span class='ocrx_word' id='word_1_515' title='bbox 695 2348 845 2383; x_wconf 85' lang='lat' dir='ltr'>nimirum</span> <span class='ocrx_word' id='word_1_516' title='bbox 862 2346 1057 2385; x_wconf 66' lang='lat' dir='ltr'>itteftastos.</span> <span class='ocrx_word' id='word_1_517' title='bbox 1075 2347 1139 2384; x_wconf 86' lang='lat' dir='ltr'>Sed</span> <span class='ocrx_word' id='word_1_518' title='bbox 1149 2357 1206 2431; x_wconf 60' lang='grc' dir='ltr'>[ἐστι</span> <span class='ocrx_word' id='word_1_519' title='bbox 1221 2348 1381 2403; x_wconf 74' lang='lat' dir='ltr'>trigonum</span> <span class='ocrx_word' id='word_1_520' title='bbox 1396 2357 1453 2383; x_wconf 80' lang='lat' dir='ltr'>aut</span> 
     </span>
     <span class='ocr_line' id='line_1_56' title="bbox 1191 2407 1283 2435; baseline 0 -5"><span class='ocrx_word' id='word_1_521' title='bbox 1191 2407 1208 2430; x_wconf 91' lang='lat' dir='ltr'>c</span> <span class='ocrx_word' id='word_1_522' title='bbox 1222 2407 1238 2430; x_wconf 93' lang='lat' dir='ltr'>c</span> <span class='ocrx_word' id='word_1_523' title='bbox 1263 2407 1283 2435; x_wconf 82' lang='grc' dir='ltr'>η</span> 
     </span>
    </p>
   </div>
  </div>
 </body>
</html>
