1878 2724
411 175 572 244 tasietate
584 235 594 250 ‚
607 217 713 252 neque
727 208 827 240 etiam
838 217 876 239 ex
887 204 1006 253 analyfi
1018 205 1165 254 chymica
1177 233 1187 248 ,
1197 203 1253 240 sed
1267 217 1307 240 ex
1327 205 1398 240 solis
1411 202 1690 241 observationibus
1704 204 1803 243 disce:

408 271 447 293 -re
461 255 629 305 possumus.
649 256 767 301 Neque
781 254 867 288 aliud
878 255 919 288 est
931 256 1035 289 minus
1056 265 1178 298 tutum,
1193 259 1292 301 quam
1304 253 1393 302 quod
1406 254 1423 291 ὲ
1434 251 1594 288 coloribus
1611 254 1736 290 ducitur
1755 258 1808 291 in*

414 307 544 341 dicium.
560 303 665 338 Flores
676 305 796 338 aconiti
811 314 868 346 ,ut
881 303 1033 351 eychorei
1051 302 1174 338 caerulei
1190 303 1281 347 sunt3
1301 303 1407 338 succus
1428 302 1592 351 tithymali
1615 315 1650 338 ut
1669 303 1799 340 laetucae

411 356 530 389 lacteus
541 353 655 396 est,nec
666 364 774 387 tamen
787 352 905 387 eaedem
916 351 985 387 sunt
995 352 1155 400 utriusque
1163 352 1435 389 vites-Nccmulto
1446 356 1547 400 major
1556 350 1709 389 odoribus
1720 351 1800 388 fides

362 418 366 420 “
410 402 560 438 habenda
577 418 587 445 ·,
608 401 700 450 fungi
710 401 841 449 quando
868 413 908 435 ue
921 404 1004 450 grati
1028 402 1136 436 odoris
1161 400 1234 437 sunt
1248 404 1409 437 venenati.
1437 404 1485 437 Ex
1497 403 1798 443 roremarino,mir.

412 451 469 486 tho
480 479 488 493 ,
506 449 680 498 absynthio
692 450 801 484 oleum
813 413 994 494 clancule,
1006 450 1094 498 quod
1110 451 1237 485 videtur
1251 451 1388 485 odorum
1406 449 1513 493 sedes,
1532 452 1565 484 in
1584 447 1651 498 ipso
1668 449 1799 485 distilla.

411 502 508 535 tionis
520 500 656 534 exordio
674 510 806 534 emanat
822 526 832 542 ,
849 512 916 534 non
927 501 1005 535 item
1015 502 1049 535 in
1058 498 1195 534 floribus
1215 499 1310 534 suave
1322 498 1499 534 olentibus,
1517 497 1606 533 Folia
1615 496 1743 534 meliffae
1755 499 1799 535 di·

409 551 485 597 gitis
503 548 633 583 contusa
644 560 770 597 gratum
780 548 916 583 odorem
930 548 1046 597 spirant
1055 578 1064 593 ,
1077 547 1163 596 quafi
1178 558 1284 598 partes
1297 547 1411 583 oleosae
1425 547 1567 583 exhalari
1579 560 1645 582 non
1661 547 1778 596 poffint
1787 575 1799 592 ‚

409 597 463 634 nifi
479 597 585 631 calore
602 599 784 632 excitentur
798 613 807 641 3
828 596 901 632 rosae
916 597 995 632 folia
1010 597 1050 633 fic
1059 599 1201 633 contrita
1217 598 1355 632 odorem
1384 607 1504 632 exuunt
1520 613 1528 639 3
1548 596 1620 631 thus
1638 595 1799 633 incensum

410 646 549 682 suaviter
565 646 634 681 olet
645 674 654 689 ,
665 659 734 681 non
744 647 823 681 item
840 646 914 681 rosae
924 646 1111 684 combustae.
1134 646 1235 682 Unde
1250 647 1366 681 odores
1378 645 1433 694 ipfi
1448 658 1514 681 non
1532 657 1571 679 ex
1584 657 1650 679 uno
1664 673 1674 688 ,
1688 644 1740 680 sed
1756 657 1798 682 ex

397 694 556 744 ‚pluribus
567 697 731 744 principiis
744 693 834 730 fimul
846 696 1022 730 commistis
1032 698 1192 732 ducuntur
1208 709 1216 730 τ
1234 694 1287 730 sed
1304 695 1360 730 illa
1377 696 1500 730 mistura
1513 692 1684 736 noslate13
1703 705 1735 728 at
1761 705 1800 729 ue

408 757 444 779 ut
458 743 552 779 nobis
568 743 645 779 effer
659 745 789 792 cognita
801 772 811 787 ,
825 757 891 780 non
906 756 978 780 eam
999 745 1103 780 statim
1127 746 1361 793 principiorum
1375 743 1561 779 societatem
1576 771 1585 786 ‚
1601 754 1655 777 aut
1668 705 1799 778 divigo-

409 806 486 828 nem
497 821 506 837 ‚
518 805 556 827 ex
568 805 633 841 qua
645 793 713 828 aliae
723 795 808 828 vires
819 793 1003 841 plantarum
1020 792 1186 843 profluunt
1195 823 1205 838 ,
1227 795 1372 842 cognitas
1387 821 1399 838 ‚
1412 799 1445 830 δε
1463 791 1644 841 exploratas
1660 790 1800 828 habere.

415 855 491 877 mus

440 895 483 927 Ex
507 888 670 938 saporibus
688 891 844 938 quiddam
852 891 994 939 jtidicare
1012 890 1189 939 possumus:
1207 890 1258 925 sed
1275 889 1393 926 fallunt
1403 892 1506 925 etiam
1516 889 1654 938 petsaepe
1668 905 1678 933 ;
1691 898 1800 937 neque

410 941 442 975 id
463 939 534 974 satis
551 939 750 987 perspedhim
768 941 814 974 est
829 954 838 976 ε
855 940 941 974 unde
954 939 1081 988 sapores
1098 938 1154 987 ipsi
1174 941 1335 988 originem
1351 939 1435 974 suam
1449 939 1578 975 ducant.
1615 936 1739 973 Verum
1755 938 1799 973 de

410 990 459 1024 his
470 989 524 1024 suo
534 988 627 1023 loco:
642 988 682 1023 de
692 987 809 1037 analysi
818 989 969 1037 chymica
979 993 1044 1035 jam
1057 989 1195 1023 diximus
1207 1002 1215 1025 ε
1228 1000 1266 1023 ex
1279 999 1316 1022 ea
1329 987 1393 1023 sola
1402 999 1476 1035 quae
1488 986 1548 1022 {int
1558 987 1673 1036 plantae
1683 985 1801 1021 saluta-

410 1050 458 1073 res
470 1067 479 1081 ,
494 1049 564 1084 quae
579 1037 724 1071 exitiales
737 1037 813 1071 scire
831 1050 899 1073 non
922 1036 1080 1084 possumus
1101 1065 1111 1080 ‚
1127 1049 1201 1072 cum
1222 1036 1302 1085 saepe
1318 1049 1359 1072 ex
1375 1036 1514 1084 utrisque
1528 1034 1706 1071 consimiles
1725 1034 1801 1070 sub-

408 1087 530 1121 stantiae
546 1114 555 1130 ‚
568 1090 602 1122 &
616 1097 721 1132 partes
735 1086 920 1121 educantur.
933 1087 1145 1134 Hydropiper
1157 1086 1245 1133 quod
1258 1086 1401 1133 linguam
1419 1086 1532 1133 pungit
1547 1085 1715 1128 acerrime,
1729 1096 1800 1120 non

409 1136 489 1170 alios
501 1135 569 1169 fere
583 1133 724 1182 liquores
741 1162 751 1178 ,
783 1134 883 1182 quam
897 1134 1018 1170 lactuca
1035 1134 1099 1183 ipsa
1114 1134 1248 1183 praebet.
1264 1135 1448 1171 Extractum
1464 1133 1553 1182 gallae
1566 1145 1641 1168 cum
1652 1134 1724 1169 ovis
1738 1135 1802 1167 mi-

409 1184 490 1220 stum
516 1195 554 1217 ea
571 1184 720 1231 coagulat
737 1200 746 1227 3
771 1185 858 1218 idem
871 1181 974 1218 efficit
991 1183 1115 1230 spiritus
1135 1185 1205 1219 vini
1223 1197 1232 1220 ς
1256 1182 1296 1218 sal
1311 1185 1510 1218 armoniacus
1528 1210 1538 1226 ,
1559 1193 1614 1216 aut
1629 1181 1672 1216 sal
1689 1183 1801 1216 tartari

408 1245 497 1281 aquae
508 1231 626 1266 infusus
639 1231 798 1280 sanguinis
811 1243 921 1268 recens
935 1230 1042 1267 emiffi
1055 1232 1317 1280 coagulationem
1325 1230 1462 1267 inhibet.
1481 1233 1524 1266 At
1533 1229 1618 1266 forte
1632 1229 1738 1266 nullus
1752 1230 1802 1264 ess:
1835 1275 1844 1277 ‚

410 1285 443 1316 in
460 1281 568 1329 spiritu
579 1282 647 1315 vini
661 1292 714 1315 aut
725 1281 811 1329 galla
831 1279 873 1316 sal
889 1280 1049 1324 urinosus,
1066 1293 1119 1315 aut
1137 1281 1303 1315 lixivialis.
1324 1281 1435 1324 Quare
1457 1291 1496 1314 ex
1521 1279 1728 1314 distillatione
1746 1290 1803 1314 co·
1845 1276 1847 1278 ’

409 1329 560 1378 gnoscere
578 1341 643 1363 non
654 1326 812 1377 possumus
823 1329 1037 1373 misturas‚aut
1053 1327 1243 1363 secretiones
1257 1330 1486 1377 principiorum
1497 1344 1505 1371 ;
1518 1328 1602 1363 unde
1612 1329 1696 1362 vires
1707 1327 1802 1376 plan-

410 1391 512 1414 tatum
528 1380 669 1413 oriantur
681 1406 690 1420 ‚
710 1378 868 1414 filtrorum
880 1390 1005 1413 meatus
1016 1405 1025 1421 ,
1039 1376 1157 1425 quibus
1171 1378 1204 1412 hi
1216 1375 1298 1412 succi
1310 1377 1526 1424 percolantur.
1552 1377 1616 1411 Sed
1635 1378 1719 1425 ignis
1734 1376 1801 1424 ipse

405 1427 601 1475 qualitatem
611 1429 739 1462 noxiam
749 1428 856 1476 porest
869 1427 1037 1462 detrahere
1053 1454 1062 1469 ‚
1072 1438 1127 1461 aut
1136 1439 1258 1461 novam
1273 1426 1425 1462 inducere
1445 1442 1454 1469 3
1477 1438 1548 1472 quae
1559 1425 1669 1474 jundka
1688 1436 1800 1469 etant,

409 1476 539 1511 divellit
554 1505 563 1519 ‚
583 1476 723 1524 separata
739 1479 908 1525 conjungit
924 1493 933 1519 3
952 1488 991 1510 ex
1005 1475 1133 1510 salutari
1150 1475 1259 1523 planta
1269 1487 1433 1509 venenum
1449 1502 1458 1516 ‚
1473 1486 1512 1508 ex
1526 1472 1686 1509 venenosa
1697 1485 1803 1508 reme-

411 1526 500 1559 dium
515 1527 677 1572 optimum
694 1522 798 1560 efficit
810 1554 820 1568 ,
843 1538 880 1559 ac
890 1530 1046 1573 majorem
1062 1523 1148 1559 forte
1168 1524 1274 1558 lucem
1295 1523 1409 1570 plantae
1421 1522 1495 1570 ipsae
1515 1525 1548 1558 in
1565 1521 1701 1558 naturali
1718 1522 1799 1558 statu

409 1586 450 1609 ex
462 1574 576 1609 vivido
586 1573 695 1608 colore
705 1602 714 1616 ,
731 1574 820 1609 suavi
830 1574 931 1609 odore
942 1602 954 1618 ‚
969 1579 1002 1611 &
1014 1584 1107 1621 grato
1119 1572 1229 1622 sapore
1244 1571 1358 1608 afferre
1370 1571 1496 1620 poliunt
1506 1601 1516 1616 ‚
1535 1571 1636 1620 quam
1646 1569 1800 1607 resolutio

410 1635 481 1671 quae
499 1624 532 1658 vi
552 1624 633 1670 ignis
652 1622 827 1670 perficitur.

444 1675 489 1707 Ex
502 1670 618 1719 quibus
629 1671 794 1706 concludit
807 1674 852 1708 D.
867 1672 1030 1705 Marione
1040 1699 1049 1715 ,
1065 1683 1104 1706 ex
1117 1668 1187 1706 solis
1202 1667 1478 1706 observationibus
1496 1679 1589 1703 caute
1607 1674 1641 1706 &
1653 1681 1800 1706 accurate

408 1720 504 1755 factis
528 1721 673 1767 stirpium
688 1723 772 1755 vites
788 1718 937 1755 salutares
956 1720 1089 1768 perspici
1103 1718 1211 1769 polse,
1229 1731 1265 1753 ac
1283 1719 1392 1753 frustra
1404 1729 1532 1765 tenipus
1552 1720 1586 1752 in
1604 1721 1798 1767 conJesturis

410 1771 536 1804 incertis
546 1768 707 1805 consumi:
724 1769 756 1803 id
771 1768 859 1805 factu
868 1770 1031 1816 optimum
1042 1769 1114 1804 fore
1124 1798 1132 1812 ‚
1151 1767 1171 1803 fi
1184 1768 1325 1802 remedia
1339 1779 1410 1814 quae
1426 1765 1446 1801 ἐι
1460 1767 1625 1801 veteribus
1645 1773 1677 1804 &
1688 1779 1799 1803 recen-

410 1817 545 1852 tioribus
562 1817 829 1853 commendantur
839 1846 849 1861 ,
860 1815 915 1865 ipsi
926 1819 1129 1865 experientiae
1144 1816 1371 1863 subjicerentur
1382 1843 1390 1857 ‚
1412 1816 1549 1860 praemiis
1561 1817 1659 1850 etiam
1674 1828 1798 1863 propo..

409 1866 553 1901 fitiscurn
567 1868 598 1899 in
614 1865 755 1913 pluribus
772 1866 856 1900 bene
871 1866 1102 1912 procederent,
1126 1871 1159 1902 &
1179 1867 1279 1898 exitus
1292 1861 1451 1910 promiffis
1472 1862 1678 1910 responderet
1703 1878 1712 1900 ε
1745 1864 1798 1899 hic

410 1914 619 1963 philosophiae
633 1914 898 1961 experimentalis
909 1913 1031 1947 fruitus
1047 1913 1152 1948 multo
1164 1912 1355 1947 uberrimus.

448 1965 529 1997 Haec
547 1961 617 1995 sane
632 1990 640 2003 ,
655 1973 689 1995 ut
703 1974 819 2010 magna
832 1974 869 1995 ex
883 1973 973 2008 parte
991 1973 1065 1995 vera
1088 1959 1147 1995 csse
1178 1960 1282 1994 fateor
1295 1989 1304 2003 ,
1335 1961 1380 1992 ita
1399 1961 1569 2006 quominus
1593 1964 1730 1997 omnino
1759 1964 1798 1997 iis

410 2011 555 2047 affentinr
567 2038 575 2052 ‚
593 2010 720 2044 obstant
736 2022 772 2043 ea
785 2022 856 2055 quae
871 2011 910 2043 de
924 2009 1043 2067 analysi
1055 2010 1203 2057 chymica
1218 2008 1305 2056 supra
1317 2008 1454 2042 diximus
1469 2021 1477 2043 :
1490 2021 1528 2042 ex
1543 2021 1607 2056 qua
1624 2023 1690 2044 non
1703 2009 1799 2045 abso.

411 2062 478 2097 luta
494 2060 623 2107 quidem
633 2087 644 2100 ‚
656 2058 707 2092 sed
719 2062 818 2106 major
829 2070 939 2092 tamen
955 2071 1054 2104 quam
1064 2071 1131 2105 quse
1148 2058 1301 2092 timenus
1315 2059 1422 2090 extitit
1435 2085 1444 2098 ‚
1461 2056 1572 2091 habeti
1586 2059 1691 2104 potest
1704 2059 1796 2107 plan.

410 2123 512 2146 tarum
528 2109 672 2155 cognitio
685 2123 694 2150 ;
715 2105 777 2141 sive
791 2118 933 2141 naturam
946 2106 1066 2154 spectes
1081 2135 1090 2149 ,
1103 2106 1165 2141 five
1180 2119 1288 2141 earum
1299 2108 1382 2139 vires
1401 2118 1472 2139 cum
1486 2105 1671 2153 corporibus
1685 2108 1796 2142 nostris

410 2157 551 2194 collatas.
579 2158 651 2192 Nec
666 2167 775 2190 tamen
795 2156 1026 2190 intercederem
1041 2184 1050 2198 ‚
1072 2157 1248 2202 quominus
1266 2154 1357 2202 plura
1385 2152 1500 2189 fierent
1522 2157 1740 2202 experimenta
1762 2158 1796 2192 iu

410 2208 513 2243 brutis
528 2202 668 2253 primum
679 2234 688 2248 ‚
700 2216 771 2238 -tum
783 2205 814 2238 in
828 2202 943 2246 nobis,
960 2216 1032 2238 cuin
1049 2216 1097 2238 res
1110 2215 1204 2238 vacat
1220 2202 1374 2251 periculo.
1393 2206 1435 2237 Ea
1451 2205 1572 2250 quippe
1592 2205 1718 2238 videtur
1736 2216 1797 2238 ve-
1823 2214 1826 2218 ·

411 2269 443 2291 ra
455 2253 683 2298 promovendae
699 2251 831 2300 phyficae
857 2257 889 2288 &
905 2252 1069 2287 medicinae
1084 2251 1173 2301 ipsius
1183 2254 1265 2286 ratio
1279 2266 1287 2288 ι
1303 2249 1378 2286 cum
1401 2262 1535 2297 utraque
1556 2251 1795 2288 observationi-

411 2306 470 2340 bus
494 2309 526 2341 δε
541 2304 766 2349 experimentis
783 2302 878 2336 inniti
908 2300 1037 2337 debeat.

443 2351 603 2400 Exemplo
620 2349 655 2385 fit
672 2361 784 2385 cortex
797 2351 988 2397 petavianus
1005 2379 1014 2393 ,
1040 2350 1138 2398 vulgo
1157 2349 1344 2395 quinquina.
1373 2347 1407 2381 Id
1426 2349 1562 2396 primuni
1579 2348 1632 2383 usu
1646 2360 1795 2396 comper.

410 2413 479 2437 tum
491 2401 566 2443 fuit,
595 2399 723 2435 febrem
734 2407 922 2447 quartanam
933 2398 1017 2434 illius
1030 2411 1093 2447 ope
1103 2396 1266 2446 suspendi,
1286 2397 1444 2432 interdum
1458 2397 1605 2442 sanmi,&
1618 2396 1728 2446 saepius
1747 2407 1794 2432 ta-
