1878 2724
369 147 427 192 638
857 142 883 177 P
905 138 941 176 H
959 135 992 175 Y
1013 134 1065 175 SI
1085 136 1115 173 C
1134 134 1174 173 ΔΕ

368 194 633 231 luensinterdum
652 203 704 226 eas
724 190 884 234 obstruat,
904 196 936 226 δε
948 188 1243 224 inflammationem
1259 195 1360 222 creet.
1378 180 1479 222 Unde
1493 183 1567 222 huie
1575 185 1779 227 membranis

371 244 532 279 retiformi
551 242 610 276 alii
628 239 817 290 glandulosa
835 239 977 275 cohaeret
988 250 1040 282 ‚ut
1052 236 1227 273 serofitates
1241 234 1402 285 superfluae
1415 235 1520 270 statim
1529 235 1571 271 ab
1582 238 1620 271 iis
1631 237 1768 287 glandu-

371 293 410 328 lis
429 293 629 339 excipiantur
639 319 647 334 ‚
663 302 723 326 nec
737 301 888 324 motrices
899 287 996 324 fibras
1010 285 1165 322 afficiant.
1700 317 1704 320 .

409 343 497 388 Saepe
511 341 626 374 evenit
637 351 690 383 ,ut
706 338 808 388 pulsus
821 339 853 373 in
867 338 964 373 corde
976 350 1044 373 non
1055 334 1151 370 ceffet
1163 364 1172 379 ‚
1191 332 1316 370 tametsi
1331 335 1362 370 in
1380 346 1478 383 carpo
1489 332 1599 369 feriari
1616 338 1650 372 δε
1666 334 1766 370 inter-

371 391 459 424 mitti
472 389 620 423 videatur
632 402 639 423 z
654 389 744 435 quod
756 399 951 435 unaquaque
964 385 1082 435 systole
1093 399 1158 420 non
1174 384 1244 419 satis
1254 383 1411 433 sanguinis
1422 385 1455 418 in
1465 384 1590 418 aortarn
1603 384 1767 433 propella-

372 449 435 481 tur,
452 448 488 473 ut
499 450 536 472 ea
546 437 680 472 distendi
716 436 807 482 offit;
821 438 920 485 idque
942 436 1103 472 interdum
1116 434 1232 470 accidit
1240 435 1272 470 in
1282 433 1432 483 malignis
1443 432 1607 478 febribus,
1616 445 1690 469 cum
1699 434 1786 484 pul<

370 486 417 522 fus
435 485 548 521 creber
556 487 599 522 est
611 492 644 524 &
653 451 790 522 debilis,
1727 520 1736 531 ¹

407 537 492 571 Cum
502 548 613 571 autem
626 547 730 571 motus
746 536 851 572 cordis
865 537 965 571 etiam
977 536 1009 570 in
1029 531 1107 568 sanis
1133 538 1165 570 &
1181 532 1294 569 validis
1310 530 1505 582 suspenditur
1516 562 1525 577 ‚
1542 543 1611 567 tum
1624 531 1767 581 plerum-

369 598 436 634 que
448 597 504 620 aut
515 587 607 620 nervi
619 615 629 629 ‚
645 597 701 620 aut
712 584 834 634 spiritus
847 585 1002 620 animales
1020 585 1053 618 in
1066 585 1147 618 vitio
1162 583 1233 618 sunt
1254 596 1262 618 :
1283 593 1352 617 tum
1376 584 1464 617 enim
1491 581 1658 631 spirituum
1671 585 1767 631 copia

368 634 492 671 deficit.
506 635 605 670 Unde
619 637 674 682 qui
684 633 804 682 pulsum
828 633 899 669 satis
917 645 1070 682 vegetum
1092 630 1217 667 habent
1231 661 1241 675 ,
1258 636 1293 668 δε
1311 634 1589 667 intermittentem
1602 659 1611 674 ,
1634 632 1666 666 hi
1688 631 1766 680 saepe

367 686 482 732 capitis
497 683 684 726 doloribus,
707 689 741 721 ὃς
761 683 959 733 vertiginosis
971 680 1142 718 affectibus
1155 711 1164 724 ‚
1183 684 1251 717 imo
1271 687 1305 718 δι
1320 680 1496 728 apoplexiae
1508 679 1580 716 sunt
1603 679 1764 717 obnoxii:

368 745 443 768 cum
460 733 580 768 scilicet
593 734 686 769 nervi
694 733 834 768 cardiaci
843 735 981 782 primum
991 744 1056 767 non
1066 730 1137 765 satis
1149 729 1218 766 sunt
1228 730 1376 780 expediti
1386 736 1420 768 δι
1436 732 1562 779 aperti,
1575 730 1694 766 deinde
1706 728 1767 765 ob-

372 785 452 817 nino
467 782 693 820 obstruuntur..

401 833 480 866 Haec
502 835 615 880 utique
637 832 678 866 de
692 831 786 881 ‘puliii
799 832 987 867 arteriarum
1001 842 1119 878 magna
1134 828 1369 877 probabilitate
1383 826 1676 865 differithillifius
1687 857 1698 872 ,
1709 826 1766 863 nifi

371 882 461 929 quod
477 893 559 929 :egre
568 879 718 915 assentior
733 893 861 916 motum
871 880 963 914 illum
978 879 1211 925 peristalticum
1228 882 1416 914 atteriarum
1435 890 1501 913 tam
1522 877 1648 921 subito,
1664 888 1765 925 atque

368 941 405 964 ut
415 929 557 977 loquitur
570 929 640 964 iustu
650 929 837 964 oculicitius
850 940 907 977 per
922 928 1034 962 ductus
1049 930 1236 960 arteriarum
1254 926 1374 974 perfici.
1402 929 1492 963 Nam
1507 926 1566 961 ubi
1585 926 1639 961 hic
1658 938 1766 961 motus

368 978 588 1013 vermicularis
597 978 791 1026 perspicitur,
803 990 840 1013 ut
856 981 890 1012 in
901 974 1078 1024 oesophago
1092 980 1124 1011 &
1140 975 1298 1010 intestinis
1311 1004 1321 1018 ‚
1336 976 1387 1010 hic
1405 975 1575 1011 successive
1586 974 1623 1011 fit
1637 980 1670 1012 &
1687 987 1765 1023 pau-

367 1026 461 1062 latim
473 1056 483 1071 ‚
499 1039 536 1061 ac
546 1029 600 1061 vix
616 1027 859 1075 concipipotest
878 1024 973 1060 fibras
991 1023 1161 1058 circulares
1180 1025 1359 1072 iii-arteriis
1381 1022 1520 1059 seriatim
1541 1029 1574 1061 ὅ(
1594 1023 1764 1062 successive

367 1075 442 1111 fieri
455 1105 464 1120 ,
480 1081 512 1112 δι
527 1077 611 1110 intra
626 1078 748 1110 arteriae
764 1074 887 1124 pulsum
900 1085 1013 1109 omnes
1028 1073 1188 1111 contrahi,
1726 1085 1740 1098 ο

400 1128 514 1173 Quare
528 1125 625 1174 longe
635 1125 667 1158 id
681 1125 761 1160 mihi
774 1123 975 1172 probabilius
986 1122 1114 1157 videtur
1128 1122 1219 1168 quod
1242 1122 1286 1154 D.
1301 1121 1453 1155 Perrault
1471 1124 1552 1157 circa
1573 1125 1765 1159 arteriarum

365 1175 492 1224 pulsum
504 1180 537 1211 &
546 1176 738 1209 continuum
748 1170 906 1223 sanguinis
916 1182 1044 1208 motum
1057 1171 1188 1206 tradidit
1202 1183 1240 1206 ex
1251 1171 1401 1206 structura
1411 1174 1598 1208 arteriarum
1610 1173 1765 1222 deprom-

363 1236 469 1273 ptum.
493 1225 557 1258 His
572 1225 694 1272 quippe
706 1223 828 1271 duplici
840 1221 994 1258 fibrarum
1005 1231 1126 1270 genere
1135 1232 1291 1267 ‚quarum
1303 1219 1560 1256 ahaz-dilatentur
1570 1250 1581 1266 ,
1592 1221 1662 1257 aliae
1682 1234 1763 1258 con.

365 1274 534 1308 trahantur
545 1302 553 1316 ,
569 1284 605 1307 ut
620 1273 708 1307 cordi
719 1272 804 1307 forte
820 1269 1023 1320 &plerisque
1039 1267 1217 1305 visceribus
1235 1283 1302 1304 non
1321 1281 1402 1316 opus
1416 1269 1498 1314 fuit,
1517 1283 1591 1305 cum
1607 1270 1680 1319 ipso
1691 1271 1764 1307 san-

362 1325 468 1370 guinis
484 1321 620 1371 impulsu
631 1351 640 1366 ,
652 1335 722 1357 non
736 1320 800 1356 sine
816 1321 924 1368 aliqua
939 1318 1110 1354 resistentia
1123 1317 1296 1354 dilatentur
1310 1318 1459 1355 :obstant
1472 1322 1560 1354 enim
1576 1318 1673 1365 fibrae,
1688 1323 1763 1369 qui-

363 1371 421 1406 bus
435 1374 625 1407 arteriarum
642 1372 750 1406 tunica
765 1370 860 1405 densa
877 1376 911 1407 &
933 1367 1025 1404 firma
1043 1370 1280 1417 compingitur:
1297 1380 1374 1403 narn
1391 1370 1440 1403 vis
1466 1381 1575 1404 earum
1597 1373 1702 1405 omnis
1726 1376 1761 1407 &

363 1421 452 1456 ειέὶίο
464 1422 690 1456 εοιιῐῐειέὶὶοηε
705 1422 889 1455 continetur
904 1433 912 1456 :
926 1417 977 1453 sed
999 1416 1123 1465 sanguis
1137 1430 1210 1452 cum
1225 1419 1351 1466 'impetu
1365 1419 1541 1466 irrumpens
1563 1420 1630 1454 vim
1652 1419 1762 1454 clasti-

362 1483 434 1505 cam
451 1469 602 1505 fibrarum
613 1471 732 1505 vincit.v
745 1473 869 1505 Verum
883 1467 1000 1502 eadem
1016 1468 1049 1500 vi
1068 1465 1191 1501 elastica
1207 1465 1365 1502 fibrarum
1380 1465 1503 1515 (anguis
1525 1470 1558 1503 iu
1570 1468 1675 1503 cordis
1693 1469 1761 1503 dia..

364 1519 446 1554 stole
464 1519 596 1554 ulterius
611 1548 620 1562 ‚
634 1519 673 1552 ad
686 1530 845 1554 extremas
866 1516 1026 1554 videlicet
1037 1520 1072 1552 &
1088 1518 1229 1551 minores
1242 1518 1377 1550 arterias
1392 1515 1468 1551 licet
1489 1519 1616 1552 minore
1634 1519 1762 1566 impetu

360 1566 689 1616 p1·opellitur;ficque
706 1579 812 1602 motus
825 1570 860 1603 in
873 1567 997 1601 arteriis
1018 1566 1188 1600 continuus
1207 1565 1254 1599 est
1266 1593 1276 1608 ,
1299 1578 1365 1600 non
1382 1563 1485 1600 solum
1501 1568 1534 1601 in
1557 1578 1667 1602 earum
1687 1568 1760 1602 dia-

362 1616 513 1661 stole‚sed
526 1619 624 1653 etiam
637 1619 670 1652 in
684 1616 798 1665 systole
810 1645 818 1660 ,
840 1629 914 1651 cum
927 1613 1123 1649 membranae
1136 1613 1230 1649 tensa:
1245 1613 1385 1649 resiliunt
1397 1643 1408 1657 ,
1423 1619 1459 1650 &
1481 1615 1649 1650 adstatum
1671 1614 1759 1652 filum

363 1666 542 1702 naturalem
553 1667 700 1704 redeunt.
713 1666 812 1703 Unde
825 1665 947 1715 stinguis
957 1665 1023 1713 jugi
1042 1663 1176 1708 impulsu
1185 1665 1275 1699 aecus
1300 1676 1357 1713 per
1373 1663 1490 1700 ductus
1506 1665 1702 1715 angustiores
1723 1671 1759 1703 ὅ(

365 1717 560 1751 remotiores
573 1727 747 1752 commeat.

400 1766 434 1799 Id
449 1768 563 1813 utique
574 1764 725 1811 exemplo
737 1763 891 1800 machinae
910 1777 1010 1813 quam
1029 1764 1109 1799 olim
1130 1762 1312 1798 faciendam
1330 1764 1476 1807 curavit,
1492 1774 1631 1811 quaeque
1652 1766 1685 1800 in
1705 1766 1761 1799 Bi-

365 1813 532 1850 bliotheca
551 1816 637 1862 regia
649 1813 844 1857 alservatur‚
855 1814 965 1863 pulcre
980 1814 1119 1862 explicat
1130 1814 1190 1848 Vir
1206 1810 1316 1849 clariffi
1333 1814 1370 1847 In
1392 1812 1452 1847 hae
1471 1814 1595 1860 quippe
1608 1813 1759 1848 machina

365 1875 449 1910 aqua
470 1866 627 1897 continuo
642 1874 733 1898 motu
749 1862 869 1907 exsilit,
891 1862 1015 1898 tametsi
1038 1866 1219 1908 interrupto
1230 1863 1376 1908 impetu,
1395 1860 1571 1908 cujusmodi
1588 1862 1632 1896 est
1655 1863 1761 1898 cord-is

365 1923 472 1946 motus
483 1941 491 1954 ‚
506 1922 658 1958 erumpat.
682 1915 806 1946 Verum
821 1923 857 1944 ea
875 1911 996 1945 facilius
1008 1923 1048 1946 ex
1062 1910 1162 1958 figura
1177 1908 1239 1956 ipsa
1250 1938 1259 1952 ,
1276 1920 1375 1955 quam
1385 1921 1424 1943 ex
1436 1908 1501 1944 sola
1517 1909 1693 1945 verborum
1704 1911 1761 1946 de-

364 1959 536 2005 scriptione
551 1959 761 2007 intelligetur.
778 1961 859 1994 Haec
870 1961 979 2006 itaque
992 1960 1119 1994 constat
1129 1959 1268 2006 primum
1286 1957 1393 1992 Antlia
1405 1986 1414 2001 ,
1433 1959 1461 1994 A
1474 1987 1484 2001 ‚
1498 1963 1584 2008 cujus
1607 1958 1759 1996 embolus

364 2010 411 2044 est
425 2012 449 2044 B
464 2027 472 2053 3
487 2009 571 2043 illius
584 2008 695 2043 antliae
705 2007 853 2052 valvula,
871 2008 973 2057 vulgo
994 2007 1128 2057 fotipape
1140 2036 1149 2049 ‚
1166 2020 1184 2041 e
1206 2022 1218 2044 t
1234 2019 1306 2042 cum
1333 2007 1524 2054 deprimitur
1545 2007 1695 2044 embolus
1711 2012 1757 2053 B,

363 2070 402 2092 ea
421 2058 553 2093 valvula
575 2055 726 2092 reseiatur
736 2085 745 2100 ,
760 2062 793 2094 &
803 2069 886 2104 aqua
898 2060 930 2093 in
944 2056 1028 2092 aliud
1049 2070 1103 2092 vas
1117 2056 1190 2091 ollae
1210 2069 1276 2092 non
1289 2054 1440 2091 dissimile
1452 2068 1510 2105 per
1525 2056 1640 2092 tubum
1658 2073 1680 2093 o
1692 2089 1702 2102 ,
1722 2064 1760 2097 δε

363 2113 397 2144 &
410 2107 576 2144 valvulam
587 2106 611 2147 f,
626 2119 699 2141 cum
710 2109 835 2155 impetu
850 2109 1012 2154 irrumpit,
1033 2118 1100 2141 tum
1119 2119 1175 2151 per
1186 2105 1301 2141 tubum
1317 2108 1341 2141 E
1355 2104 1476 2141 sursum
1493 2109 1638 2143 ereetum
1651 2111 1758 2157 expri-

361 2159 468 2192 mitur.
484 2157 570 2191 Cum
582 2166 690 2190 autern
700 2168 782 2202 aqua
801 2155 924 2190 facilius
935 2155 1035 2191 ollam
1045 2157 1075 2192 C
1086 2154 1308 2202 stibeat‚quam
1324 2167 1379 2202 pet
1390 2154 1503 2190 tubum
1517 2159 1542 2192 E
1559 2168 1757 2206 prorumpat,

362 2218 423 2240 nec
439 2205 568 2254 regredi
582 2202 676 2252 possit
694 2207 726 2239 in
744 2204 891 2248 antliam,
903 2204 946 2240 eb
965 2205 1134 2240 valvulam
1149 2204 1182 2248 f,
1199 2218 1272 2252 quae
1283 2205 1420 2239 reditum
1438 2204 1692 2252 prohibet,pars
1702 2206 1755 2241 ol-

362 2254 401 2288 lae
411 2266 492 2301 aqua
508 2253 662 2301 impletur
674 2259 726 2296 ,δε
738 2266 791 2288 aer
803 2256 836 2289 in
852 2253 1035 2302 parteillius
1052 2258 1084 2290 D
1101 2256 1341 2302 comprirnitur,
1359 2257 1411 2301 qui
1427 2252 1552 2289 sublato
1570 2254 1704 2289 embolo
1719 2257 1755 2299 Β,

361 2305 395 2337 vi
410 2302 460 2338 sua
479 2303 608 2337 elastica
623 2315 740 2350 aquam
755 2304 785 2339 C
796 2305 914 2351 premit
925 2333 933 2346 ‚
946 2308 980 2340 ὃ(
998 2316 1054 2351 per
1068 2302 1184 2338 tubum
1198 2303 1348 2339 Esursum
1365 2304 1465 2352 adigit
1482 2317 1489 2338 :
1505 2304 1588 2338 adeo
1609 2315 1644 2337 ut
1668 2316 1755 2350 aqua

362 2364 402 2385 ex
415 2351 479 2386 olla
495 2353 558 2400 jugi
569 2352 703 2400 impulsu
716 2351 830 2388 sursum
853 2352 1000 2402 pellatur.
1013 2354 1111 2388 Unde
1123 2353 1211 2401 hujus
1228 2356 1353 2395 sgeneris
1372 2354 1529 2388 mmhinre
1540 2351 1701 2387 nonnullis
1720 2354 1756 2393 in

361 2399 441 2437 locis
465 2400 568 2438 solent
584 2403 806 2451 extinguendis
823 2403 980 2442 incendiis
999 2402 1123 2440 utiliter
1143 2402 1293 2441 adhiberi
1312 2416 1320 2439 ε
1337 2403 1427 2452 quod
1452 2414 1535 2451 aqua
1551 2404 1756 2442 contiuuo&
