1878 2724
371 150 430 182 ¹74
719 131 999 171 PHYSICAE
1040 135 1441 172 GENERALIS'

370 197 453 230 aqua
469 183 566 232 usque
585 182 626 217 ad
645 197 676 229 32
689 185 808 232 pedum
828 182 1036 219 altitudinem
1062 183 1203 233 suspensa
1228 188 1263 221 in
1285 185 1366 221 tubo
1388 186 1497 221 futura
1512 183 1583 220 est:
1605 186 1772 235 reliquum

371 233 442 270 tubi
454 245 572 282 nempe
583 234 661 267 odio
676 233 775 280 pedes
791 235 883 267 omni
904 232 1017 268 saltem
1031 245 1104 268 aere
1126 235 1349 272 destituentur.
1374 238 1502 286 Magno
1524 235 1659 282 quidem
1677 249 1771 285 argu.

371 295 486 320 mento
496 295 563 318 non
577 282 669 316 vacui
679 292 770 316 metu
781 310 791 325 ,
802 280 855 315 sed
873 281 940 317 solo
952 284 1032 317 aeris
1047 282 1265 318 incumbentis
1277 285 1421 330 pondere
1431 297 1549 332 aquam
1561 286 1592 320 in
1606 284 1690 321 tubis
1703 297 1773 321 tan-

373 335 427 370 diu
442 330 618 380 suspensam
630 342 778 374 manere,
795 332 943 378 quandiu
963 343 1055 379 aqua:
1071 333 1213 381 gravitas
1233 334 1316 367 aeris
1330 338 1526 382 gravitatem
1542 347 1608 370 non
1623 337 1739 371 vincit.

410 383 501 419 Nam
515 378 536 414 fi
553 378 712 427 ejusmodi
730 379 864 418 effeetus
883 382 923 416 ad
940 381 1052 430 fugam
1065 383 1160 416 vacui
1174 379 1275 417 effent
1287 383 1450 418 referendi
1464 412 1474 428 ,
1493 395 1546 419 cut
1569 396 1651 432 aqua
1676 384 1773 420 altior

376 447 407 477 32
418 428 557 478 pedibus
566 441 699 464 manere
711 443 778 467 non
788 431 895 478 potest
909 433 987 466 ἕως
1004 430 1179 467 antliarum
1193 444 1256 479 ope
1270 431 1364 467 altius
1387 445 1557 479 nunquam
1582 434 1743 469 attollitur
1759 445 1774 473 ξ.

374 482 454 517 Haec
474 477 547 514 sane
562 480 629 512 vim
642 479 958 516 demonstrationum
973 480 1094 516 habere
1108 494 1175 516 non
1191 480 1427 517 dubitaverim.
1447 484 1529 526 Qae
1543 482 1704 531 supersunt
1720 496 1773 518 re-

372 529 466 577 liqua
482 530 537 563 vix
552 526 652 562 ullam
669 527 894 567 difficultatem
904 531 1079 578 patientur,
1097 529 1150 565 sed
1161 529 1402 566 conclusionem
1418 530 1519 579 ipsam
1530 534 1642 580 magis,
1654 546 1690 567 ac
1709 545 1776 567 ma-

374 581 422 629 gis
433 576 686 613 confirmabunt.
702 581 838 617 Namin
849 578 995 629 syphone
1009 607 1019 623 ,
1034 578 1087 615 seu
1097 582 1130 616 in
1144 579 1227 614 tubo
1241 579 1361 615 inflexo
1374 610 1384 624 ‚
1413 579 1543 616 exsusto
1561 594 1632 616 aere
1651 583 1667 618 ὲ
1694 581 1781 617 ῑιὼσ

375 629 526 677 longiore
540 656 549 671 ,
567 639 654 675 aqua
668 626 785 664 sursum
794 627 835 663 ab
849 628 1063 665 incumbente
1073 641 1147 664 aere
1164 629 1343 677 impellitur
1354 658 1363 669 ,
1383 629 1440 665 ubi
1453 633 1559 665 minor
1572 631 1618 665 est
1632 629 1776 666 refisten-

377 681 422 715 tia
438 689 596 725 :cumque
608 678 642 711 in
658 676 780 716 summa
794 690 886 726 parte
901 676 1053 726 syphonis
1068 692 1159 726 aquae
1177 690 1316 726 utroque
1332 679 1413 714 tubo
1427 691 1587 715 contentae
1600 681 1691 715 velut
1702 681 1777 728 qui-

378 728 456 763 dam
467 725 504 762 sit
513 724 687 763 confliekus
699 757 708 771 ‚
724 740 793 775 quae
807 727 955 776 longiore
970 727 1053 763 tubo
1071 729 1256 764 continetur
1266 757 1276 772 ,
1285 741 1359 764 cum
1370 731 1598 778 praeponderet
1610 759 1621 773 ,
1637 729 1712 765 huic
1723 742 1777 764 ce-

377 777 426 813 dit
437 776 557 820 altera,
568 782 602 813 &
615 779 681 825 jugi
696 788 791 812 motu
804 776 918 813 sursum
932 776 1046 814 fertur.

414 828 468 861 Sic
480 826 545 860 duo
561 838 723 862 marmora
740 825 1019 876 summelaevigata
1030 857 1039 871 ,
1057 832 1092 864 &
1109 825 1189 861 tersa
1200 829 1245 862 ita
1255 830 1339 863 inter
1361 825 1390 862 se
1407 827 1571 864 cohaerent
1582 858 1591 872 ,
1605 839 1642 862 ut
1655 831 1708 863 vix
1728 828 1778 863 di-

376 875 456 911 velli
467 873 613 924 poffint:
630 877 714 911 adeo
743 888 778 911 ut
795 888 944 912 marmorv
964 876 1100 912 inferius
1118 878 1215 912 trium
1233 878 1407 926 digitorum
1430 876 1530 913 latum
1548 877 1675 927 pondus
1693 876 1778 913 sexa-

379 929 470 975 ginta
491 930 524 962 &
546 924 683 973 amplius
697 925 850 960 librarum
859 926 1010 962 sustineat
1021 928 1102 960 citra
1112 924 1348 974 separationem
1362 927 1472 973 :quod
1483 927 1598 963 divelli
1613 938 1779 975 nequeant

378 978 459 1020 citra
482 973 642 1009 columnae
658 977 739 1009 aeris
756 976 898 1024 ejtisdem
916 975 1096 1011 latitudinis
1116 974 1317 1023 pressionem.
1343 978 1433 1012 Nam
1449 989 1591 1011 marmor
1608 976 1745 1011 inferius
1759 976 1779 1012 ὲ

378 1024 524 1071 ίῐὼῙεξὶτο
542 1036 617 1059 aere
633 1035 760 1060 tantum
779 1028 956 1074 premitur,
976 1036 1136 1072 quantum
1159 1038 1301 1061 marmor
1325 1024 1463 1073 superius
1491 1025 1532 1060 ab
1561 1024 1779 1061 incumbentis

378 1076 460 1108 aeris
472 1073 637 1112 columna.
653 1075 734 1110 Non
744 1077 833 1109 euim
847 1077 953 1110 minor
968 1076 1010 1109 est
1024 1077 1071 1108 vis
1082 1077 1114 1110 in
1128 1073 1272 1123 subjecto
1283 1087 1356 1110 aere
1369 1102 1380 1118 ‚
1391 1085 1426 1108 ut
1435 1072 1552 1111 sursum
1565 1074 1780 1123 pellat,quam

380 1124 414 1158 in
427 1122 580 1158 columna
590 1125 672 1157 aeris
682 1123 901 1159 incumbentis
918 1154 927 1167 ,
937 1136 975 1159 ut
996 1122 1142 1158 deorsum
1157 1125 1272 1159 trudat.

413 1173 579 1208 Postremo
598 1173 630 1207 in
644 1172 820 1208 cucurbitis
837 1174 985 1217 medicis,
1000 1187 1032 1209 v.
1049 1176 1224 1220 ventoufts,
1243 1176 1329 1222 prius
1340 1171 1505 1208 calefaetis
1518 1201 1527 1215 ,
1543 1176 1577 1209 &
1591 1170 1699 1208 statim
1712 1174 1780 1207 cuti

380 1223 519 1261 admotis
531 1249 540 1264 ‚
552 1220 685 1259 flamma
697 1233 806 1258 aerem
817 1222 972 1258 inclusum
983 1221 1121 1257 multum
1139 1223 1306 1266 nitefacit,
1318 1223 1469 1257 extinffis
1482 1221 1624 1256 candelis
1639 1234 1694 1256 aer
1702 1233 1782 1256 con-

381 1271 667 1312 densatur3minus
682 1270 767 1305 adeo
791 1271 854 1306 loci
871 1282 1020 1319 occupat.
1051 1273 1141 1307 Hinc
1155 1284 1229 1307 caro
1252 1272 1295 1307 ab
1317 1270 1529 1306 incumbente
1551 1283 1623 1305 aere
1638 1271 1781 1316 undique

382 1318 482 1367 pressa
494 1321 579 1354 intra
588 1317 789 1354 cucurbitam
804 1319 977 1363 attollitur,
989 1319 1046 1354 ubi
1057 1322 1164 1355 minor
1179 1322 1224 1355 est
1239 1319 1375 1370 preffioz
1395 1332 1470 1355 nam
1483 1332 1538 1354 aet
1554 1322 1587 1354 vi
1601 1322 1682 1369 ignis
1698 1319 1781 1353 dila..

381 1381 467 1403 tatus
478 1397 486 1412 ,
500 1373 531 1405 δε
545 1365 733 1402 debilitatus
755 1368 830 1405 fuit.
850 1370 933 1417 Qae
946 1368 1052 1405 afferri
1064 1368 1169 1404 solent
1182 1371 1310 1418 reliqua
1323 1399 1332 1414 ,
1346 1369 1462 1404 eadem
1474 1367 1634 1404 facilitate
1654 1367 1782 1404 solven-

383 1429 434 1454 tur
448 1447 458 1462 ,
473 1430 509 1453 ut
522 1429 560 1452 ex
580 1418 616 1451 iis
636 1429 708 1465 quae
724 1417 765 1452 ab
780 1417 907 1466 aliquot
919 1421 1011 1455 annis
1031 1417 1199 1454 factasunt
1213 1420 1442 1469 experimentis
1455 1447 1465 1462 ,
1483 1418 1539 1453 fiet
1561 1418 1781 1461 manifestum,

919 1518 1157 1555 CAPUT
1209 1521 1276 1554 IX.

769 1618 819 1653 De
829 1618 922 1654 novis
934 1618 1018 1653 circa
1032 1620 1124 1654 inane
1142 1627 1203 1668 exp
1209 1618 1382 1653 crimenris.

388 1712 547 1808 QUae
561 1715 716 1751 haetenus
730 1716 897 1753 attulimus
908 1747 916 1761 ,
930 1717 1027 1767 plane
1042 1716 1266 1753 demonstrant
1278 1713 1412 1752 effeetus
1429 1728 1543 1752 omues
1557 1717 1613 1764 qui
1626 1718 1718 1752 vacui
1731 1716 1784 1751 fu-

483 1776 530 1810 gae
549 1763 647 1798 tribui
662 1763 765 1799 solent
777 1794 786 1808 ,
805 1779 871 1801 non
888 1767 1018 1801 aliunde
1036 1768 1134 1807 oriri,
1150 1764 1250 1811 quam
1265 1777 1303 1799 ex
1319 1767 1398 1798 a'e'ris
1415 1765 1581 1811 pondere:
1599 1764 1676 1798 illud
1699 1762 1781 1799 verb

385 1815 463 1846 aetis
481 1812 606 1858 pondus
628 1815 721 1848 certis
732 1812 849 1849 finibus
862 1817 1024 1851 contineri
1039 1844 1048 1858 ,
1064 1826 1104 1849 ex
1116 1812 1290 1848 antliarum
1299 1811 1505 1861 aspirantium
1519 1811 1656 1848 definita
1671 1815 1702 1848 vi
1713 1813 1785 1862 pla-

385 1874 462 1897 num
473 1860 622 1898 fecimus.
641 1865 721 1898 Nou
740 1866 826 1898 enim
839 1862 967 1912 possunt
978 1877 1099 1912 aquam
1113 1862 1195 1897 ultra
1207 1874 1240 1906 32
1256 1861 1355 1910 pedes
1367 1861 1535 1898 attollere:
1548 1864 1697 1909 quamvis
1712 1875 1785 1897 em-

387 1910 483 1946 bolus
505 1909 571 1957 ipse
586 1910 682 1947 altius
699 1913 868 1947 attollatur
886 1927 894 1950 :
917 1913 970 1949 sed
998 1914 1134 1963 spatium
1155 1914 1238 1947 inter
1263 1923 1382 1959 aquam
1400 1909 1599 1959 suspensam,
1622 1917 1656 1949 ὅ(
1677 1922 1783 1947 extre-

387 1973 477 1997 mum
488 1959 616 1996 emboli
637 1963 851 2011 interceptum
863 1991 873 2005 ‚
890 1975 947 1999 aut
958 1965 1098 1999 omnino>
1110 1973 1246 1996 vacuum
1263 1989 1272 2004 ‚
1295 1972 1350 1996 aut
1374 1960 1534 1997 subtiliori
1554 1962 1690 1995 materia
1713 1960 1784 2010 ple..

388 2022 466 2044 num
479 2010 659 2056 interjacet.
677 2011 769 2047 Idem
787 2012 904 2048 accidit
915 2026 990 2049 cum
1008 2011 1141 2062 syringis
1157 2022 1303 2045 extremo
1316 2010 1440 2046 occluso
1452 2007 1602 2045 embolus
1618 2023 1734 2059 magna
1749 2012 1784 2045 vi

389 2058 555 2101 educitur5
575 2070 645 2096 tum
657 2062 744 2096 enim
755 2073 794 2096 ea
802 2073 914 2097 manet
928 2061 1042 2098 saltem
1058 2064 1132 2096 a'e‘te
1146 2072 1247 2095 vacua
1270 2074 1277 2096 ε
1300 2061 1387 2108 quod
1406 2073 1480 2095 cum
1501 2058 1648 2095 Galilaeus
1663 2062 1786 2108 primus·

388 2107 687 2152 animadvertisset,
705 2109 789 2145 illius
808 2109 960 2147 successor
971 2109 1169 2149 Torricellus
1185 2120 1262 2145 ante
1284 2123 1322 2155 30
1340 2122 1440 2146 annos
1460 2121 1530 2144 rem
1547 2108 1713 2158 ingeniose.
1729 2109 1786 2144 ad-

391 2157 527 2192 modum
543 2157 589 2191 est
609 2158 802 2206 prosecutus·

420 2209 534 2253 Itaque
546 2205 660 2242 tubum
673 2211 810 2244 vitreum
828 2221 890 2244 tres
901 2210 1000 2259 pedes
1012 2240 1022 2253 ,
1040 2220 1093 2243 aut
1103 2210 1229 2244 circiter
1239 2209 1375 2257 longum
1387 2238 1397 2253 ,
1413 2214 1448 2245 &
1462 2220 1501 2243 ex
1510 2216 1601 2256 parte
1615 2206 1716 2240 altera
1728 2218 1785 2240 oc-

392 2253 511 2290 clusum
528 2256 891 2308 implevithydrargyro
910 2275 918 2295 :
940 2272 1008 2295 tum
1026 2261 1058 2293 iu
1073 2271 1131 2295 vas
1146 2258 1319 2306 subjeetum
1332 2287 1342 2302 ‚
1360 2261 1394 2294 in
1415 2270 1482 2305 quo
1500 2268 1598 2290 etiam
1618 2255 1786 2303 stagnabat

394 2305 610 2353 hydrargyrus
623 2337 634 2352 ‚
656 2307 768 2343 tubum
783 2309 915 2344 invertit
931 2327 939 2352 5
965 2321 1130 2357 argentum
1143 2310 1256 2343 vivum
1270 2309 1305 2343 in
1322 2306 1403 2342 tubo
1423 2303 1599 2355 suspensum
1614 2303 1725 2339 manfit
1734 2303 1786 2339 ufi-

395 2365 458 2399 que
475 2354 514 2386 ad
538 2357 657 2403 viginti
669 2357 791 2406 septem
809 2363 844 2395 δε
865 2354 1199 2407 ειτηρὶἰιιεδὲξςίῑοωη]
1224 2357 1429 2395 altitudinem
1443 2366 1557 2405 ‚parte
1574 2354 1698 2391 summa
1715 2353 1787 2390 tubi

396 2403 532 2437 omniuo
543 2405 631 2442 inani
642 2436 652 2453 ‚
678 2418 734 2443 aut
747 2406 858 2444 saltem
877 2412 949 2445 a‘e're
958 2408 1121 2448 destituta,
