1878 2724
274 93 342 142 ‚678
837 88 862 122 Ρ
872 87 907 122 Η
918 86 949 120 Y
963 86 1007 121 81
1018 85 1050 121 C
1061 87 1102 121 ΛΕ

781 184 813 220 C
835 185 862 220 A
879 186 903 221 Ρ
921 185 957 223 U
975 185 1008 220 '1'
1054 185 1070 218 1
1082 185 1127 220 V.

697 283 755 316 De
768 284 934 334 sanguinis
949 281 1074 333 analyfi
1086 280 1255 332 Chymica-

281 384 434 469 CUm
450 380 572 432 sanguis
581 382 642 416 rite
656 380 701 416 est
716 393 905 432 praepatatus
917 411 926 426 ,
943 387 977 419 &
996 379 1037 416 ab
1061 382 1154 416 omni
1171 389 1379 416 excremento
1399 376 1506 415 inutili
1530 389 1688 429 expurga·

359 445 417 474 ,tus
430 461 438 475 ,
453 443 523 466 tum
541 436 566 466 is
586 446 597 464 ι
608 431 633 465 st
646 431 686 465 ad
699 435 800 466 vitan:
814 432 965 466 tuendam
977 459 986 474 ,
1006 435 1040 468 δι
1055 429 1265 466 nutriendum
1280 440 1394 478 corpus
1409 430 1687 466 accommodatus.-

278 481 407 518 Vcrum
420 493 594 528 antequam
614 480 772 534 explicare
784 481 999 530 ingrediamur
1010 492 1079 528 quae
1092 491 1165 528 pars
1186 478 1344 530 sanguinis
1367 477 1485 514 alendo
1503 481 1633 528 corpori
1650 477 1687 514 fit

280 533 398 567 idonea
411 561 419 574 ,
433 531 474 565 de
493 531 576 565 illius
598 528 833 579 compositione
846 542 947 578 pauca
963 530 1102 564 dicenda
1114 528 1193 565 sunt.
1686 529 1688 531 ’

313 583 361 617 Ac
372 579 513 629 primum
527 580 660 629 vulgatae
673 580 879 615 Medicorum
893 593 914 613 o
939 581 1042 614 inioni
1053 575 1191 622 assentiri
1202 590 1268 620 tun
1279 576 1439 626 possumus
1454 605 1464 620 ,
1485 588 1548 625 qua
1562 574 1692 625 sangui-¹

282 643 358 668 nem
371 643 409 664 ex
427 641 565 677 quatuor
583 628 772 664 humoribus
784 658 793 673 ‚
805 628 870 663 bile
881 658 892 672 ,
903 593 1067 677 slinguine‘
1077 622 1210 677 propr}
1231 628 1320 663 dieto
1330 656 1339 671 ‚
1356 628 1494 676 pituita,
1517 631 1550 663 &
1564 627 1689 664 melan,-

283 680 412 715 cholico
426 679 518 714 succo
533 679 731 722 constare,ut
741 678 963 713 indubitatum
977 677 1035 712 suae
1044 679 1120 712 artis
1133 677 1378 712 fundamentum
1393 676 1589 711 defendunt.
1599 676 1690 712 Nam

281 729 384 765 serum
401 728 477 763 illud
490 726 691 772 subflavum,
708 729 795 776 quod
811 727 955 775 sangu‘ni
968 729 1107 770 innatat,
1120 725 1318 762 nihil·habet
1332 738 1406 761 curn
1423 724 1492 760 bile
1514 735 1693 771 commune*

282 777 337 815 nisi
349 778 435 814 forte
451 776 596 812 colorem
617 795 626 821 3
649 790 757 826 neque
773 777 864 813 instar
879 777 951 819 bilis
973 777 1017 811 est
1030 788 1195 821 amarum;
1219 788 1279 810 nec
1301 774 1423 823 ubique
1441 774 1471 809 se
1491 773 1611 822 prodit.
1640 775 1692 808 Sic

285 840 354 862 ater
371 839 429 862 aut
450 839 623 875 purpureus
651 826 775 875 sanguis
791 855 801 870 ,
827 829 881 874 qui
908 827 941 861 in
957 824 1061 861 fundo
1079 825 1177 860 lancis
1212 823 1343 860 subsidit
1357 854 1368 869 ,
1392 821 1609 860 melancholia
1627 821 1694 858 dic'i

287 890 353 913 non
366 877 487 923 potest:
500 875 575 910 cum
586 875 697 923 sapore
706 889 773 910 non
792 874 828 909 sit
838 875 946 908 acidus
956 902 965 916 ,
981 872 1033 908 sed
1049 874 1149 908 dulcis
1163 903 1173 917 ‚
1183 886 1290 920 neque
1305 874 1395 908 aliud
1413 872 1448 908 sit
1461 884 1573 921 praeter
1591 871 1696 907 fibro.'

282 925 349 961 sam
367 925 525 972 sanguinis
539 936 678 973 partem.
691 925 785 970 Qin
798 925 898 958 etiam
912 924 978 956 aeri
988 919 1145 970 expositus
1165 934 1268 956 atrum
1281 922 1370 956 illum
1382 921 1527 956 colorem
1542 922 1644 965 exuit,
1660 922 1698 958 δέ

283 973 385 1009 rubro
399 975 550 1007 dilutiore
564 975 710 1020 tingitur.
723 973 852 1008 Deinde
865 970 933 1018 quo
942 970 1015 1006 vase
1027 970 1237 1019 profundiore
1253 973 1409 1019 excipitur
1418 998 1429 1013 ‚
1454 968 1517 1005 hoc
1537 974 1640 1019 maj0t
1651 971 1695 1006 est

290 1015 392 1069 huju?
396 1021 538 1070 subnigri
548 1020 704 1069 stanguinis
720 1018 827 1069 copia.

320 1072 403 1107 2011]
422 1072 622 1105 contrarium
643 1072 664 1103 ii
684 1081 822 1117 peccant
848 1071 906 1117 qui
921 1071 954 1103 in
977 1067 1134 1117 sanguine,
1143 1067 1265 1103 nullam
1290 1066 1351 1103 effe
1372 1068 1513 1114 partium
1530 1063 1697 1101 div'erfita-

289 1133 357 1156 tem
370 1120 569 1168 pertendunt
585 1121 637 1165 :in
652 1131 717 1166 qua
733 1118 893 1154 sententia
907 1118 972 1154 fuit
981 1120 1137 1158 Harvaeus
1149 1147 1159 1161 ,
1180 1120 1237 1166 qui
1248 1116 1374 1152 nullum
1384 1115 1473 1151 aliud
1482 1112 1544 1150 esse
1558 1107 1697 1151 calidu‘tn

287 1172 437 1205 innatum
450 1197 460 1212 ‚
478 1180 533 1203 aut
547 1168 717 1203 humidum
741 1170 971 1217 primigenium
987 1167 1181 1202 existimavit
1201 1179 1318 1216 praeter
1338 1166 1523 1214 sanguinem
1544 1194 1554 1209 ‚
1576 1166 1634 1211 qui
1654 1165 1698 1200 est

291 1217 473 1254 uniusmodi
487 1247 496 1261 ,
511 1223 544 1255 &
557 1217 598 1252 sui
610 1215 718 1252 similis
733 1246 742 1261 ,
760 1230 802 1253 ex
812 1230 879 1265 quo
890 1216 1010 1251 animal
1026 1215 1126 1265 ipsum
1139 1215 1308 1252 formatur.
1321 1217 1411 1252 Nam
1423 1227 1480 1263 eo,
1499 1215 1622 1262 inquit,
1635 1214 1700 1249 ali-·

291 1279 343 1303 tur
353 1267 608 1315 unumquodque
619 1296 628 1310 ‚
639 1279 677 1301 ex
690 1279 756 1314 quo
765 1266 868 1315 ipsum
883 1268 1034 1316 gignitur.
1054 1266 1157 1312 quue
1169 1295 1178 1310 ‚
1191 1278 1226 1301 ut
1239 1277 1328 1314 patet
1340 1294 1350 1309 ‚
1374 1277 1440 1300 non
1459 1263 1606 1298 mistione
1615 1276 1701 1311 qua-

290 1318 365 1351 dam
377 1346 386 1361 ,
399 1327 453 1350 aut
470 1314 677 1352 miscibilium
687 1314 865 1364 congressu,
876 1316 929 1350 sed
943 1327 1021 1349 vera
1031 1317 1124 1350 unius
1137 1318 1168 1350 in
1178 1314 1313 1350 alterum
1329 1314 1511 1349 mutatione
1521 1310 1698 1361 perficitur.

291 1368 436 1402 Primum
447 1368 535 1400 enim
548 1395 558 1410 ‚
567 1367 673 1412 inquit
685 1394 694 1408 ,
704 1367 848 1411 corporis
859 1366 1079 1400 rudimentum
1092 1365 1136 1398 est
1153 1363 1288 1399 similare
1301 1363 1471 1411 quiddam,
1488 1366 1521 1398 δε
1540 1361 1700 1398 uniusmoss

292 1416 344 1458 di,
362 1417 401 1450 ‘ex
414 1427 482 1462 quo
494 1415 583 1449 velut
596 1412 798 1462 divinojussu
809 1427 864 1464 per
883 1412 1088 1456 divisionem,
1102 1418 1135 1449 δε
1150 1415 1370 1449 mutationem
1381 1410 1616 1446 substantialem
1628 1410 1700 1446 san.'

292 1467 380 1513 guiS,
394 1476 498 1508 venae,
513 1466 636 1498 arteriae
647 1492 657 1506 ,
669 1463 806 1507 viscera,
822 1475 928 1513 partes
944 1475 1058 1498 omnes
1074 1461 1236 1511 finguntur
1250 1480 1260 1506 ·‚
1281 1458 1383 1509 atque‘
1395 1472 1434 1496 ex
1463 1472 1497 1494 re
1513 1458 1643 1495 similari
1661 1459 1703 1497 fit'

294 1514 460 1561 quoddam
473 1511 656 1553 dissimilare
668 1541 677 1555 ‚
692 1518 726 1550 &
740 1525 778 1548 ex
789 1526 855 1548 uno
865 1512 964 1561 plura.
980 1514 1027 1548 Ac
1040 1512 1151 1547 frustra
1170 1512 1209 1546 ad
1232 1511 1395 1546 elementa
1408 1509 1616 1559 confugimus
1627 1539 1639 1554 ,
1659 1521 1698 1545 ex

296 1562 413 1609 quibus
427 1576 493 1597 non
511 1563 746 1597 constituuntur
760 1574 905 1610 corpora.
925 1564 1047 1609 Neque
1066 1562 1099 1596 id
1117 1574 1159 1597 ex
1177 1562 1267 1596 omni
1281 1559 1374 1609 Parte
1392 1559 1435 1593 est
1447 1571 1586 1603 verum,
1609 1560 1700 1595 exiis

296 1613 452 1660 componi
461 1613 598 1660 corpora
611 1640 621 1655 ,
632 1613 664 1646 in
680 1624 752 1659 quae
763 1611 966 1647 resolvuntur
978 1626 986 1647 :
1004 1610 1043 1646 fic
1060 1613 1149 1646 enirn
1165 1610 1289 1660 lignum
1299 1608 1455 1646 constaret
1465 1620 1507 1644 ex
1522 1608 1700 1652 cineribus,

299 1662 387 1698 vitro
401 1667 434 1698 ὃς
449 1660 598 1710 fuligine.
610 1661 736 1697 Contra
749 1673 823 1697 eum
834 1672 945 1697 tamen
957 1660 993 1695 sit
1280 1656 1284 1661 ”

860 1759 968 1794 Vnica
994 1759 1168 1808 Conclusio.
1196 1799 1200 1804 ³

336 1860 472 1907 Sanguis
489 1871 529 1894 ex
540 1860 634 1893 variis
644 1855 790 1905 partibus
802 1858 1032 1906 heterogeneis
1046 1857 1170 1892 constat
1183 1885 1194 1900 ,
1215 1868 1275 1892 nec
1287 1854 1443 1903 quiddam
1457 1853 1505 1889 est
1517 1852 1648 1903 simplex
1667 1857 1702 1891 δι

302 1908 554 1946 homos-‚tenentu-

337 1954 498 1989 Probatur
521 1952 682 1999 conclufio.
700 1959 730 1989 10
741 1954 785 1988 Ex
803 1953 915 1989 crebra
933 1954 1091 2001 sanguinis
1116 1952 1373 1989 fermentatione
1389 1971 1397 1996 3
1413 1952 1501 2000 quod
1522 1954 1613 1988 enim
1629 1950 1707 1988 fimss

301 2005 377 2054 plex
391 2005 450 2048 est,
463 2017 529 2039 non
541 2002 843 2038 fermentcscit2sed
856 2005 944 2051 quod
961 2005 1003 2038 est
1017 2001 1231 2051 compositum
1248 2031 1258 2046 ,
1280 2014 1315 2037 ut
1333 2005 1446 2037 vinum
1465 2031 1475 2045 ,
1495 2001 1589 2038 facile-
1606 1999 1705 2037 effer.

303 2054 425 2090 vescit:
440 2067 505 2087 non
519 2055 598 2087 item
611 2051 734 2101 spiritus
746 2051 835 2095 vini,
849 2057 937 2102 cujus
955 2064 1060 2102 partes
1077 2052 1234 2087 intestino
1244 2055 1337 2087 motu
1350 2053 1466 2100 agitati
1479 2064 1544 2086 non
1559 2049 1686 2099 possunt
1698 2048 1711 2088 τ’

286 2116 381 2152 Ϋεῐεόο
396 2101 518 2150 sanguis
529 2103 571 2136 est
587 2102 692 2150 liquor
702 2100 896 2149 compositus
908 2132 917 2147 ‚
932 2116 999 2138 non
1013 2100 1156 2150 simplex.
1169 2112 1201 2137 20
1212 2103 1348 2149 Sanguis
1361 2103 1393 2136 in
1403 2099 1533 2136 renibus
1545 2100 1656 2144 serum,
1670 2102 1712 2137 inv

301 2158 409 2199 jfcore
431 2151 534 2186 bilem
547 2154 636 2186 exuit
651 2180 660 2193 ,
681 2153 712 2186 in
728 2151 936 2198 pulmonibus
957 2152 1043 2187 forte
1062 2154 1174 2186 noxias
1195 2150 1367 2199 fuligines,
1393 2153 1426 2186 in
1447 2162 1518 2184 cute
1537 2148 1710 2194 sudorem,

305 2205 338 2237 in
353 2203 415 2235 oris
431 2200 593 2249 glandulis
603 2200 733 2235 salivam
745 2229 754 2243 ,
772 2212 827 2234 aut
842 2200 1013 2250 lympham
1028 2215 1035 2236 :
1054 2213 1153 2248 atque
1173 2200 1206 2235 hi
1225 2201 1376 2236 humores
1401 2202 1434 2234 in
1450 2197 1527 2234 vasis
1547 2199 1613 2234 unit
1631 2211 1706 2235 curn

304 2249 454 2299 sanguine
471 2249 714 2285 confunduntur
730 2263 737 2283 z
759 2261 837 2298 ergo
858 2249 981 2298 [unguis
1006 2264 1072 2285 non
1096 2251 1143 2285 est
1162 2252 1268 2285 omnis
1287 2262 1402 2299 expers
1421 2242 1674 2297 compositionis.

344 2300 445 2345 Quod
465 2297 485 2333 si
500 2302 610 2347 itique
625 2311 702 2334 anat
727 2311 802 2334 men
822 2298 982 2347 [inguinis
1000 2299 1168 2336 instituere
1186 2299 1345 2343 velimus,
1365 2312 1439 2334 enm
1455 2311 1490 2333 ex
1505 2297 1604 2332 rubzo
1616 2302 1648 2334 &
1660 2295 1709 2331 se-

300 2348 370 2384 toso
385 2349 520 2386 humore
531 2347 733 2398 potissimum
750 2348 898 2386 constare
917 2351 1167 2399 coniptrienius.
1189 2350 1291 2386 Latex
1309 2348 1426 2385 setosus
1443 2353 1478 2386 &
1493 2347 1569 2383 bilis
1583 2345 1626 2391 ,fi
1638 2358 1710 2394 quae

999 2400 1035 2430 O
