1878 2724
476 124 874 165 TR‘A'CTATUS
911 126 1143 165 PRIMUS.
1497 131 1529 160 61

133 178 278 217 oleosam
295 182 330 216 &
343 179 500 227 pinguem
514 179 686 213 materiam
699 174 824 211 subiere
833 203 844 219 ‚
863 187 1017 224 cognatas
1030 175 1134 213 fibi&
1145 177 1335 224 congenitas
1347 184 1478 210 atomos
1490 174 1530 208 ad

133 229 356 266 defectionem
369 226 543 262 sollicitent
557 241 566 262 :
584 238 653 274 quae
667 237 741 260 cum
756 224 815 260 sint
836 225 876 258 ad
888 236 1016 259 motum
1033 236 1152 272 paratae
1165 253 1175 269 ,
1194 237 1261 259 uno
1280 224 1370 259 velut
1396 225 1527 271 agmine

134 290 230 315 ruunt
244 307 254 322 ‚
277 289 377 324 atque
391 277 563 312 humorem
578 281 611 312 δε
625 286 750 309 terrena
766 272 948 320 corpuscula
971 273 1087 321 quibus
1112 273 1296 309 obruuntur
1309 302 1318 316 ,
1340 271 1405 307 una
1421 272 1446 306 st
1454 284 1527 306 cum

132 327 270 363 efferunt
282 343 290 370 ς
304 325 367 361 five
383 338 520 361 externo
528 336 620 360 motu
629 324 718 371 quod
729 324 771 358 est
785 321 988 369 sulphureum
1008 323 1062 358 vel
1078 322 1246 366 oleosum,
1267 321 1433 357 flammam
1446 333 1526 355 con-

131 379 242 425 cipiat.
254 378 307 411 Sic
319 387 394 410 rorae
407 380 440 412 ὅς
451 387 525 409 axes
543 385 693 408 curruum
707 372 808 421 lignei
825 371 1003 418 aliquando
1014 372 1248 415 incenduntur3
1266 376 1300 408 &
1312 383 1353 406 ex
1363 369 1458 413 filice,
1468 380 1525 404 aut

131 425 273 474 chalybe
282 427 364 473 ignis
381 423 526 459 elicitur:
544 435 616 458 cum
634 424 735 471 igneae
747 422 851 456 atomi
868 418 976 456 motus
994 422 1174 469 agitatione
1187 420 1247 456 suis
1262 419 1400 455 vinculis
1421 430 1525 466 expe-

131 475 205 509 ditae
221 473 309 508 fimul
323 473 492 508 vibrantur
507 501 516 514 ,
541 477 575 508 &
588 474 619 506 in
637 469 791 505 scintillas
801 467 934 505 abeunt.
954 470 1018 503 Seu
1029 470 1182 517 denique,
1194 480 1230 504 ut
1244 468 1352 517 placet
1365 467 1523 510 canesio,

130 522 254 559 subtilis
265 524 360 571 primi
379 521 533 556 elementi
545 521 679 554 materia
691 519 768 553 dum
780 517 956 559 terrestres,
970 522 1004 553 &
1018 517 1234 552 solidiusculas
1250 528 1355 566 partes
1373 515 1523 552 citiffimo
1538 514 1541 517 ’

130 584 224 608 motu
242 583 328 606 rotat
339 576 372 607 &
383 570 572 616 circumagit
584 569 686 615 ,ignis
703 564 1003 616 specienipraebeat-
1029 568 1116 602 Utra
1134 578 1246 601 autern
1273 565 1430 600 sententia
1449 567 1522 613 Epi-

130 633 299 656 cureorum
321 632 363 654 an
395 616 527 653 Cartefii
555 615 590 651 fit
612 614 817 651 verisimilior
827 644 836 658 ,
872 616 963 650 dictu
988 615 1123 650 difficile
1147 615 1200 651 est.
1230 616 1302 650 Nos
1320 625 1409 648 certe
1429 617 1484 662 qui
1502 613 1523 648 Ξι

130 669 266 705 Cartefii
284 666 414 703 Philoso
440 668 494 702 hia
509 678 576 702 non
595 666 709 700 timide
729 665 912 701 recedimus
924 693 934 709 ,
952 664 1017 700 hoc
1032 668 1065 700 in
1078 664 1153 699 loco
1175 675 1284 699 tamen
1298 665 1332 697 in
1351 662 1436 698 illius
1453 674 1520 698 ma-

126 721 175 767 gis
187 718 290 766 quam
303 719 338 752 in
350 719 380 751 G
425 717 523 759 endi,
552 714 607 751 vel
623 717 770 763 Epicuri,
794 720 829 752 &
848 713 985 753 aliorum
1001 715 1222 755 recentiorum
1236 714 1427 762 opinionem
1449 725 1523 760 pto-

124 768 318 817 pendemus.
343 768 392 802 Sit
410 767 521 814 itaque

465 815 468 818 ⁴
649 813 803 850 Secunda
817 813 996 860 Conclufio,

164 913 376 951 Probabilior
389 915 518 950 videtur
527 913 662 950 Cartefii
677 942 688 957 ,
708 912 806 962 quam
817 914 945 961 Epicuri
965 913 1006 947 de
1022 914 1104 961 ignis
1118 923 1232 948 natura
1253 917 1288 950 &
1306 913 1520 961 generatione

125 963 309 1001 sententia:
332 975 443 1000 neutra
462 976 571 999 tamen
585 963 782 1012 explicandis
798 962 1022 1011 phaenomenis
1046 963 1187 997 omnino
1207 961 1330 997 sufficit.

140 1042 143 1045 ,
159 1013 255 1050 Proh.
271 1014 368 1049 concl.
393 1013 536 1049 Primum
546 1018 614 1060 jam
627 1012 827 1047 ostendimus
847 1023 963 1060 corpus
985 1023 1100 1060 parum
1112 1011 1165 1047 vel
1182 1011 1262 1046 nihil
1277 1012 1438 1060 agitatum
1451 1022 1520 1044 non

123 1061 212 1111 posse
229 1063 324 1098 alteri
332 1063 567 1098 vehementem
583 1064 798 1111 agitationem
813 1061 981 1104 conferre,
997 1072 1106 1108 neque
1120 1072 1160 1095 ex
1169 1058 1307 1095 scintilla
1326 1070 1452 1094 tantum
1468 1058 1520 1092 ef.

124 1110 180 1148 fici
188 1123 315 1147 motum
324 1110 411 1159 posse
429 1139 439 1154 ‚
454 1123 610 1158 quantum
626 1114 658 1145 in
672 1110 804 1157 pulvere
844 1112 917 1158 yrio
929 1108 1062 1145 accenso
1078 1137 1086 1150 ‚
1106 1115 1141 1146 &
1155 1111 1188 1144 in
1206 1110 1375 1144 tormentis
1391 1106 1518 1142 bellicis

123 1163 284 1195 cernimus
297 1159 371 1195 :nisi
383 1172 439 1195 aut
451 1160 585 1195 effecius
604 1162 671 1194 vim
689 1159 747 1193 suae
760 1123 856 1193 causa:
868 1157 996 1206 superet
1006 1186 1017 1202 ,
1033 1169 1088 1193 aut
1102 1158 1142 1192 ad
1160 1156 1285 1192 subtilis
1300 1157 1430 1204 alicujus
1445 1154 1519 1190 sub-

123 1208 249 1245 stantiae
269 1209 497 1245 incredibilem
512 1211 724 1257 agitationem
744 1207 989 1255 confugiamus.

140 1289 144 1291 .
163 1257 319 1303 Confirm.
333 1257 467 1294 simul&
476 1258 652 1305 explicatur
662 1269 700 1291 ea
713 1255 881 1299 sententia,
893 1267 965 1302 quae
978 1253 1108 1289 fortasse
1118 1253 1161 1289 ab
1172 1254 1242 1290 aliis
1253 1268 1320 1290 non
1338 1253 1512 1301 plurimum

121 1305 275 1342 diffentit.
292 1307 393 1358 Qd
413 1309 501 1342 enim
522 1305 684 1341 Cartefius
704 1316 802 1340 vocat
819 1306 960 1353 primum
978 1302 1178 1339 elementum
1194 1334 1204 1348 ‚
1221 1304 1274 1338 alii
1287 1307 1397 1352 ignem
1423 1303 1515 1336 voci-

121 1366 193 1392 tant
217 1371 225 1392 :
242 1368 277 1391 ut
297 1356 470 1392 secundum
480 1356 680 1391 elementum
699 1354 783 1390 forte
796 1366 869 1389 cum
879 1352 1042 1403 purissimo
1053 1355 1125 1387 a'e're
1143 1353 1195 1388 vel
1211 1353 1332 1388 aethere
1341 1351 1517 1387 confundi-

122 1416 180 1440 tur.
210 1408 245 1440 In
266 1405 328 1440 hoc
347 1406 484 1453 quidem
495 1405 537 1440 ab
549 1406 712 1452 Epicureis
729 1402 888 1451 discrepat
912 1400 1072 1438 Cartesius
1085 1431 1095 1447 ‚
1120 1403 1208 1449 quod
1227 1402 1273 1437 illi
1290 1412 1417 1436 atomos
1433 1401 1516 1448 ignis

120 1456 167 1488 ita
183 1453 245 1490 effe
260 1457 296 1489 in
316 1454 506 1502 corporibus
520 1484 528 1498 ‚
554 1455 625 1489 aliis
648 1455 765 1488 atomis
783 1455 922 1488 irretitas
944 1463 1060 1500 putent
1074 1480 1084 1494 ‚
1120 1464 1156 1486 ut
1181 1450 1202 1485 si
1228 1450 1313 1486 forte
1345 1449 1386 1484 ab
1405 1461 1516 1482 earum

121 1503 260 1540 vinculis
273 1503 436 1539 solvantur
450 1533 459 1546 ‚
473 1503 558 1538 ultro
573 1533 582 1547 ‚
597 1515 657 1539 nec
670 1513 807 1550 accepto
822 1501 952 1536 aliunde
968 1512 1060 1536 motu
1075 1501 1248 1548 agitentur.
1277 1496 1436 1535 Cartefius
1457 1509 1516 1532 ve-

72 1593 76 1598 „
119 1551 158 1588 ῐὸ
179 1549 332 1588 subtilem
348 1552 550 1588 substantiam
571 1554 684 1586 cuncta
705 1562 930 1598 permeantem
946 1552 978 1584 in
997 1561 1156 1597 p;rpettio
1171 1561 1263 1584 motu
1280 1547 1396 1583 versari
1408 1546 1516 1581 existi-

121 1613 191 1636 mat
211 1616 220 1637 ε
246 1602 329 1635 adeo
342 1613 377 1635 ut
396 1601 465 1635 aliis
492 1599 682 1648 corporibus
702 1611 778 1633 eum
798 1609 924 1632 motum
947 1600 1177 1633 communicet.
1203 1598 1305 1643 Qod
1324 1598 1412 1631 enim
1440 1595 1515 1631 ante

120 1648 328 1697 quiescebat,
347 1652 476 1685 moveri
487 1663 554 1684 non
567 1647 675 1697 potest
689 1645 767 1691 ,mii
777 1645 818 1681 ab
832 1645 896 1681 alio
908 1651 975 1694 jam
995 1657 1088 1683 moto
1104 1658 1241 1696 corpore
1263 1657 1391 1680 motum
1410 1642 1513 1691 ipsum

119 1711 271 1747 accipiat.

141 1749 259 1796 ‹Qod
273 1749 386 1795 utique
398 1777 408 1792 ,
420 1759 458 1782 ut
468 1749 603 1782 diximus
614 1775 623 1790 ,
651 1757 805 1794 magnam
819 1744 1089 1794 probabilitatem
1100 1742 1308 1792 praesefert.
1325 1745 1363 1778 Et
1388 1741 1462 1776 sane
1481 1741 1514 1776 id

118 1799 269 1833 constans
283 1798 429 1841 videtur,
451 1795 598 1832 craffiora
625 1801 658 1833 &
671 1793 820 1829 solidiora
847 1806 983 1842 quaeque
994 1805 1130 1841 corpora
1148 1793 1168 1828 ἐι
1185 1792 1310 1839 liquida
1325 1798 1359 1828 δε
1380 1790 1399 1826 a
1421 1792 1513 1826 tenui

118 1846 290 1882 substantia
305 1849 420 1894 agitari
439 1861 446 1881 ι
467 1858 500 1881 ut
513 1844 709 1880 animalibus
720 1845 845 1892 spiritus
864 1855 977 1879 tenues
990 1872 1000 1887 ‚
1022 1845 1144 1890 quique
1163 1854 1299 1876 omnem
1320 1839 1441 1876 sensum
1461 1839 1515 1874 fu-

117 1898 213 1945 giunt
226 1925 236 1939 ‚
253 1898 324 1932 ,vim
340 1901 374 1932 &
384 1907 511 1931 motum
523 1897 758 1942 impertiuntur.
778 1894 965 1940 Qiomimis
979 1892 1161 1927 mirandum
1179 1889 1200 1925 si
1213 1893 1319 1939 primo
1334 1889 1512 1932 elemento,

118 1957 174 1980 aut
184 1944 375 1980 tenuiffimae
388 1945 565 1980 admodum
581 1942 769 1979 -substantiae
791 1953 896 1978 motus
911 1941 968 1976 ille
976 1943 1062 1990 ignis
1078 1939 1264 1975 celerrimus
1283 1939 1440 1974 referatur
1458 1950 1513 1974 ac..

118 2005 244 2041 ceptus,
267 1995 354 2029 Cum
367 1996 476 2042 itaque
488 2023 498 2038 ,
510 2005 546 2027 ut
557 1994 686 2028 videtur
695 1991 858 2035 Carresio,
881 1993 976 2040 primi
990 1990 1146 2025 elementi
1160 1992 1298 2025 materia
1314 1988 1510 2023 terrestrium

119 2054 292 2091 corporum
306 2055 430 2078 meatus
457 2042 592 2091 implet,
615 2047 647 2079 &
665 2042 753 2077 sensu
772 2042 1033 2089 nonpercipitur
1045 2069 1056 2082 ‚
1078 2051 1146 2073 tum
1169 2041 1250 2088 ignis
1269 2040 1429 2073 rationem
1444 2049 1512 2072 non

118 2091 220 2126 habet
237 2109 247 2135 3
263 2103 361 2138 atque
380 2103 419 2126 ut
430 2093 554 2126 docent
565 2093 774 2140 Peripatetici
788 2120 796 2134 ‚
812 2091 951 2138 estignis
972 2089 1133 2138 potestate
1160 2100 1290 2124 tantum
1304 2117 1313 2130 ,
1328 2101 1393 2122 non
1411 2087 1484 2120 aaa
1499 2103 1510 2129 ;

117 2140 171 2177 sed
189 2139 245 2175 ubi
267 2139 422 2189 copiosior
436 2141 501 2184 est,
523 2146 557 2177 ὃ(
577 2143 609 2174 in
627 2140 802 2189 majusculis
818 2140 923 2188 spatiis
951 2150 1084 2186 regnat,
1106 2148 1176 2173 tum
1197 2139 1282 2171 vires
1305 2136 1371 2172 suas
1400 2136 1505 2181 magis

118 2189 461 2238 explicat-,rterrestres
477 2217 493 2231 ,⁷
504 2188 557 2223 seu
566 2191 659 2223 tertii
669 2190 825 2224 elementi
839 2187 1010 2238 particulas
1027 2217 1036 2230 ‚
1058 2198 1130 2233 quae
1142 2187 1228 2221 durae
1242 2186 1321 2229 sunt,
1341 2189 1375 2220 &
1391 2181 1510 2225 craffae,

118 2242 152 2275 in
168 2238 284 2274 orbem
294 2242 369 2288 agit
383 2268 393 2282 ,
418 2237 517 2273 obvia
539 2250 673 2284 quaeque
691 2238 818 2273 divellit
831 2268 841 2282 ,
872 2239 977 2272 radios
1001 2236 1124 2271 lucidos
1145 2234 1237 2283 pulsis
1266 2231 1510 2281 quoquoversus

119 2289 250 2324 secundi
262 2289 418 2323 elementi
435 2287 575 2335 globulis
588 2286 696 2321 vibrat
707 2316 716 2330 ,
743 2299 776 2321 ut
789 2287 843 2321 suo
855 2286 930 2321 loco
945 2287 1101 2321 dicemus.
1129 2287 1207 2320 Haec
1223 2280 1421 2318 subtilissima
1440 2293 1509 2315 ma-

108 2340 198 2372 -teria
211 2339 245 2372 in
265 2336 456 2386 corporibus
476 2336 672 2385 sulphureis,
693 2348 748 2370 aut
772 2338 805 2369 in
833 2334 946 2370 oleosis
966 2333 1165 2383 potiffimum
1182 2335 1272 2380 viget
1292 2346 1299 2367 :
1325 2330 1413 2378 quod
1434 2341 1508 2363 cum

118 2398 225 2436 partes
241 2387 385 2425 habeant
407 2385 544 2421 ramosas
567 2390 601 2422 &
617 2385 715 2421 exiles
729 2414 739 2428 ,
756 2384 831 2419 alias
850 2384 917 2428 aliis
930 2385 1069 2419 irretitas
1088 2411 1098 2426 ‚
1119 2382 1311 2430 angustiores
1332 2380 1506 2413 admittunt

1252 2431 1285 2464 H
1311 2431 1341 2472 iij
