<?xml version="1.0" encoding="UTF-8"?>
<!DOCTYPE html PUBLIC "-//W3C//DTD XHTML 1.0 Transitional//EN"
    "http://www.w3.org/TR/xhtml1/DTD/xhtml1-transitional.dtd">
<html xmlns="http://www.w3.org/1999/xhtml" xml:lang="en" lang="en">
 <head>
  <title>
</title>
<meta http-equiv="Content-Type" content="text/html;charset=utf-8" />
  <meta name='ocr-system' content='tesseract 3.04.00' />
  <meta name='ocr-capabilities' content='ocr_page ocr_carea ocr_par ocr_line ocrx_word'/>
</head>
<body>
  <div class='ocr_page' id='page_1' title='image "./philosophiavetus02duhauoft_0629.png"; bbox 0 0 1878 2724; ppageno 0'>
   <div class='ocr_carea' id='block_1_1' title="bbox 37 138 1460 2388">
    <p class='ocr_par' dir='ltr' id='par_1_1' title="bbox 51 138 1447 291">
     <span class='ocr_line' id='line_1_1' title="bbox 514 138 1446 184; baseline 0.004 -7"><span class='ocrx_word' id='word_1_1' title='bbox 514 138 674 179; x_wconf 62' lang='lat' dir='ltr'>PARS</span> <span class='ocrx_word' id='word_1_2' title='bbox 711 139 952 179; x_wconf 74' lang='lat' dir='ltr'>TERTIA.</span> <span class='ocrx_word' id='word_1_3' title='bbox 1387 153 1446 184; x_wconf 79' lang='lat'>601</span> 
     </span>
     <span class='ocr_line' id='line_1_2' title="bbox 51 190 1446 241; baseline 0 -10"><span class='ocrx_word' id='word_1_4' title='bbox 51 193 92 238; x_wconf 78' lang='lat' dir='ltr'>fis</span> <span class='ocrx_word' id='word_1_5' title='bbox 100 192 234 231; x_wconf 79' lang='lat' dir='ltr'>stanneis</span> <span class='ocrx_word' id='word_1_6' title='bbox 248 201 336 236; x_wconf 81' lang='lat' dir='ltr'>,non</span> <span class='ocrx_word' id='word_1_7' title='bbox 350 191 474 241; x_wconf 85' lang='lat' dir='ltr'>cupreis</span> <span class='ocrx_word' id='word_1_8' title='bbox 487 191 618 239; x_wconf 89' lang='lat' dir='ltr'>incoqui</span> <span class='ocrx_word' id='word_1_9' title='bbox 627 190 708 226; x_wconf 89' lang='lat' dir='ltr'>solet</span> <span class='ocrx_word' id='word_1_10' title='bbox 719 218 730 234; x_wconf 93' lang='lat'>,</span> <span class='ocrx_word' id='word_1_11' title='bbox 756 203 798 226; x_wconf 90' lang='lat' dir='ltr'>ne</span> <span class='ocrx_word' id='word_1_12' title='bbox 813 203 896 239; x_wconf 83' lang='lat' dir='ltr'>aqua</span> <span class='ocrx_word' id='word_1_13' title='bbox 903 192 1003 241; x_wconf 85' lang='lat' dir='ltr'>stygia</span> <span class='ocrx_word' id='word_1_14' title='bbox 1013 191 1182 226; x_wconf 68' lang='lat' dir='ltr'>caeruleum</span> <span class='ocrx_word' id='word_1_15' title='bbox 1192 193 1281 240; x_wconf 87' lang='lat' dir='ltr'>cupri</span> <span class='ocrx_word' id='word_1_16' title='bbox 1300 194 1446 230; x_wconf 88' lang='lat' dir='ltr'>colorem</span> 
     </span>
     <span class='ocr_line' id='line_1_3' title="bbox 55 239 1447 291; baseline -0.005 -10"><span class='ocrx_word' id='word_1_17' title='bbox 55 244 175 281; x_wconf 87' lang='lat' dir='ltr'>eliciat.</span> <span class='ocrx_word' id='word_1_18' title='bbox 185 244 396 291; x_wconf 69' lang='lat' dir='ltr'>pigmentum</span> <span class='ocrx_word' id='word_1_19' title='bbox 411 240 487 276; x_wconf 90' lang='lat' dir='ltr'>illud</span> <span class='ocrx_word' id='word_1_20' title='bbox 504 253 536 277; x_wconf 87' lang='lat' dir='ltr'>v.</span> <span class='ocrx_word' id='word_1_21' title='bbox 557 239 660 289; x_wconf 83' lang='lat' dir='ltr'>pastel</span> <span class='ocrx_word' id='word_1_22' title='bbox 674 241 839 278; x_wconf 69' lang='lat' dir='ltr'>dictum&amp;</span> <span class='ocrx_word' id='word_1_23' title='bbox 852 241 1023 276; x_wconf 83' lang='lat' dir='ltr'>caeruleum</span> <span class='ocrx_word' id='word_1_24' title='bbox 1040 240 1059 275; x_wconf 73' lang='lat' dir='ltr'>a</span> <span class='ocrx_word' id='word_1_25' title='bbox 1076 239 1189 275; x_wconf 85' lang='lat' dir='ltr'>salibus</span> <span class='ocrx_word' id='word_1_26' title='bbox 1200 243 1296 276; x_wconf 85' lang='lat' dir='ltr'>acidis</span> <span class='ocrx_word' id='word_1_27' title='bbox 1308 270 1318 286; x_wconf 82' lang='lat'><strong>,</strong></span> <span class='ocrx_word' id='word_1_28' title='bbox 1337 254 1391 279; x_wconf 76' lang='lat' dir='ltr'>aut</span> <span class='ocrx_word' id='word_1_29' title='bbox 1399 244 1447 280; x_wconf 77' lang='lat' dir='ltr'>al-</span> 
     </span>
    </p>

    <p class='ocr_par' dir='ltr' id='par_1_2' title="bbox 37 286 1129 338">
     <span class='ocr_line' id='line_1_4' title="bbox 37 286 1129 338; baseline -0.001 -11"><span class='ocrx_word' id='word_1_30' title='bbox 37 286 45 291; x_wconf 30' lang='lat'><em>*</em></span> <span class='ocrx_word' id='word_1_31' title='bbox 57 291 211 330; x_wconf 84' lang='lat' dir='ltr'>calinihil</span> <span class='ocrx_word' id='word_1_32' title='bbox 221 302 364 327; x_wconf 84' lang='lat' dir='ltr'>mutatur</span> <span class='ocrx_word' id='word_1_33' title='bbox 381 303 390 327; x_wconf 79' lang='lat' dir='ltr'>t</span> <span class='ocrx_word' id='word_1_34' title='bbox 409 290 492 325; x_wconf 89' lang='lat' dir='ltr'>unde</span> <span class='ocrx_word' id='word_1_35' title='bbox 514 302 588 324; x_wconf 91' lang='lat' dir='ltr'>cum</span> <span class='ocrx_word' id='word_1_36' title='bbox 604 291 772 337; x_wconf 80' lang='lat' dir='ltr'>pigmento</span> <span class='ocrx_word' id='word_1_37' title='bbox 793 292 887 338; x_wconf 82' lang='lat' dir='ltr'>nigro</span> <span class='ocrx_word' id='word_1_38' title='bbox 898 289 1020 325; x_wconf 85' lang='lat' dir='ltr'>misceri</span> <span class='ocrx_word' id='word_1_39' title='bbox 1037 288 1129 326; x_wconf 90' lang='lat' dir='ltr'>solet.</span> 
     </span>
    </p>

    <p class='ocr_par' dir='ltr' id='par_1_3' title="bbox 55 335 1450 534">
     <span class='ocr_line' id='line_1_5' title="bbox 92 335 1448 387; baseline -0.001 -11"><span class='ocrx_word' id='word_1_40' title='bbox 92 343 238 377; x_wconf 83' lang='lat' dir='ltr'><strong>Sericum</strong></span> <span class='ocrx_word' id='word_1_41' title='bbox 248 339 342 375; x_wconf 89' lang='lat' dir='ltr'>fumo</span> <span class='ocrx_word' id='word_1_42' title='bbox 354 337 481 373; x_wconf 88' lang='lat' dir='ltr'>sulfuris</span> <span class='ocrx_word' id='word_1_43' title='bbox 497 336 640 373; x_wconf 87' lang='lat' dir='ltr'>dealbati</span> <span class='ocrx_word' id='word_1_44' title='bbox 654 335 734 373; x_wconf 89' lang='lat' dir='ltr'>solet</span> <span class='ocrx_word' id='word_1_45' title='bbox 745 366 754 382; x_wconf 90' lang='lat'>‚</span> <span class='ocrx_word' id='word_1_46' title='bbox 772 340 859 387; x_wconf 87' lang='lat' dir='ltr'>quod</span> <span class='ocrx_word' id='word_1_47' title='bbox 875 339 962 375; x_wconf 66' lang='lat' dir='ltr'>forte</span> <span class='ocrx_word' id='word_1_48' title='bbox 978 337 1102 387; x_wconf 89' lang='lat' dir='ltr'>spiritus</span> <span class='ocrx_word' id='word_1_49' title='bbox 1115 340 1222 375; x_wconf 82' lang='lat' dir='ltr'>acidus</span> <span class='ocrx_word' id='word_1_50' title='bbox 1241 339 1365 376; x_wconf 87' lang='lat' dir='ltr'>sulfuris</span> <span class='ocrx_word' id='word_1_51' title='bbox 1387 339 1448 375; x_wconf 86' lang='lat' dir='ltr'>fla-</span> 
     </span>
     <span class='ocr_line' id='line_1_6' title="bbox 57 386 1450 436; baseline -0.001 -10"><span class='ocrx_word' id='word_1_52' title='bbox 57 402 138 426; x_wconf 79' lang='lat' dir='ltr'>vum</span> <span class='ocrx_word' id='word_1_53' title='bbox 156 389 299 424; x_wconf 90' lang='lat' dir='ltr'>colorem</span> <span class='ocrx_word' id='word_1_54' title='bbox 316 386 475 425; x_wconf 84' lang='lat' dir='ltr'>dissolvat.</span> <span class='ocrx_word' id='word_1_55' title='bbox 486 389 538 421; x_wconf 85' lang='lat' dir='ltr'>Sic</span> <span class='ocrx_word' id='word_1_56' title='bbox 549 388 641 422; x_wconf 88' lang='lat' dir='ltr'>vittae</span> <span class='ocrx_word' id='word_1_57' title='bbox 658 386 761 423; x_wconf 75' lang='lat' dir='ltr'>serica:</span> <span class='ocrx_word' id='word_1_58' title='bbox 772 387 917 424; x_wconf 84' lang='lat' dir='ltr'>colorem</span> <span class='ocrx_word' id='word_1_59' title='bbox 930 388 1066 423; x_wconf 83' lang='lat' dir='ltr'>viridem</span> <span class='ocrx_word' id='word_1_60' title='bbox 1079 387 1202 436; x_wconf 88' lang='lat' dir='ltr'>spiritus</span> <span class='ocrx_word' id='word_1_61' title='bbox 1216 391 1320 425; x_wconf 87' lang='lat' dir='ltr'>acidus</span> <span class='ocrx_word' id='word_1_62' title='bbox 1335 393 1450 425; x_wconf 90' lang='lat' dir='ltr'>vittio-</span> 
     </span>
     <span class='ocr_line' id='line_1_7' title="bbox 57 435 1450 485; baseline 0 -12"><span class='ocrx_word' id='word_1_63' title='bbox 57 438 82 474; x_wconf 89' lang='lat' dir='ltr'>li</span> <span class='ocrx_word' id='word_1_64' title='bbox 98 441 133 474; x_wconf 91' lang='lat' dir='ltr'>in</span> <span class='ocrx_word' id='word_1_65' title='bbox 148 437 315 473; x_wconf 83' lang='lat' dir='ltr'>caetuleum</span> <span class='ocrx_word' id='word_1_66' title='bbox 327 438 508 480; x_wconf 82' lang='lat' dir='ltr'>convertit,</span> <span class='ocrx_word' id='word_1_67' title='bbox 522 436 598 470; x_wconf 90' lang='lat' dir='ltr'>dum</span> <span class='ocrx_word' id='word_1_68' title='bbox 608 435 726 472; x_wconf 83' lang='lat' dir='ltr'>flavum</span> <span class='ocrx_word' id='word_1_69' title='bbox 739 436 912 482; x_wconf 84' lang='lat' dir='ltr'>luteolae‚v.</span> <span class='ocrx_word' id='word_1_70' title='bbox 932 437 965 471; x_wconf 89' lang='lat' dir='ltr'>la</span> <span class='ocrx_word' id='word_1_71' title='bbox 971 435 1079 485; x_wconf 78' lang='lat' dir='ltr'>gaude</span> <span class='ocrx_word' id='word_1_72' title='bbox 1096 436 1240 474; x_wconf 86' lang='lat' dir='ltr'>colorem</span> <span class='ocrx_word' id='word_1_73' title='bbox 1258 438 1360 475; x_wconf 84' lang='lat' dir='ltr'>delet:</span> <span class='ocrx_word' id='word_1_74' title='bbox 1374 441 1450 475; x_wconf 86' lang='lat' dir='ltr'>viti-</span> 
     </span>
     <span class='ocr_line' id='line_1_8' title="bbox 55 484 1118 534; baseline 0 -12"><span class='ocrx_word' id='word_1_75' title='bbox 55 488 105 524; x_wconf 83' lang='lat' dir='ltr'>dis</span> <span class='ocrx_word' id='word_1_76' title='bbox 118 489 205 522; x_wconf 86' lang='lat' dir='ltr'>enim</span> <span class='ocrx_word' id='word_1_77' title='bbox 219 499 255 522; x_wconf 90' lang='lat' dir='ltr'>ut</span> <span class='ocrx_word' id='word_1_78' title='bbox 274 486 354 534; x_wconf 83' lang='lat' dir='ltr'>saepe</span> <span class='ocrx_word' id='word_1_79' title='bbox 374 486 528 529; x_wconf 79' lang='lat' dir='ltr'>diximus,</span> <span class='ocrx_word' id='word_1_80' title='bbox 553 497 590 520; x_wconf 87' lang='lat' dir='ltr'>ex</span> <span class='ocrx_word' id='word_1_81' title='bbox 602 484 688 521; x_wconf 75' lang='lat' dir='ltr'>flavo</span> <span class='ocrx_word' id='word_1_82' title='bbox 700 490 733 522; x_wconf 78' lang='grc' dir='ltr'>δι</span> <span class='ocrx_word' id='word_1_83' title='bbox 751 485 885 521; x_wconf 83' lang='lat' dir='ltr'>caeruleo</span> <span class='ocrx_word' id='word_1_84' title='bbox 904 487 1118 534; x_wconf 86' lang='lat' dir='ltr'>componitur.</span> 
     </span>
    </p>

    <p class='ocr_par' dir='ltr' id='par_1_4' title="bbox 56 534 1454 1268">
     <span class='ocr_line' id='line_1_9' title="bbox 94 534 1450 585; baseline -0.001 -14"><span class='ocrx_word' id='word_1_85' title='bbox 94 537 129 571; x_wconf 92' lang='lat' dir='ltr'>Id</span> <span class='ocrx_word' id='word_1_86' title='bbox 142 535 220 572; x_wconf 78' lang='lat' dir='ltr'>vero</span> <span class='ocrx_word' id='word_1_87' title='bbox 239 538 355 571; x_wconf 86' lang='lat' dir='ltr'>mirum</span> <span class='ocrx_word' id='word_1_88' title='bbox 369 534 602 583; x_wconf 86' lang='lat' dir='ltr'>videripotest,</span> <span class='ocrx_word' id='word_1_89' title='bbox 619 535 709 582; x_wconf 89' lang='lat' dir='ltr'>quod</span> <span class='ocrx_word' id='word_1_90' title='bbox 723 536 811 571; x_wconf 90' lang='lat' dir='ltr'>vitro</span> <span class='ocrx_word' id='word_1_91' title='bbox 832 536 989 584; x_wconf 81' lang='lat' dir='ltr'>tingendo</span> <span class='ocrx_word' id='word_1_92' title='bbox 1006 534 1138 570; x_wconf 77' lang='lat' dir='ltr'>metalla</span> <span class='ocrx_word' id='word_1_93' title='bbox 1157 535 1241 570; x_wconf 87' lang='lat' dir='ltr'>adeo</span> <span class='ocrx_word' id='word_1_94' title='bbox 1261 548 1361 585; x_wconf 85' lang='lat' dir='ltr'>opaca</span> <span class='ocrx_word' id='word_1_95' title='bbox 1373 565 1383 580; x_wconf 87' lang='lat'>‚</span> <span class='ocrx_word' id='word_1_96' title='bbox 1396 546 1450 570; x_wconf 87' lang='lat' dir='ltr'>aut</span> 
     </span>
     <span class='ocr_line' id='line_1_10' title="bbox 56 582 1450 632; baseline -0.001 -12"><span class='ocrx_word' id='word_1_97' title='bbox 56 585 222 624; x_wconf 86' lang='lat' dir='ltr'>mineralia</span> <span class='ocrx_word' id='word_1_98' title='bbox 235 582 384 619; x_wconf 84' lang='lat' dir='ltr'>adhiberi</span> <span class='ocrx_word' id='word_1_99' title='bbox 398 582 522 619; x_wconf 82' lang='lat' dir='ltr'>soleant</span> <span class='ocrx_word' id='word_1_100' title='bbox 541 597 548 618; x_wconf 93' lang='lat'><strong>:</strong></span> <span class='ocrx_word' id='word_1_101' title='bbox 569 596 728 632; x_wconf 87' lang='lat' dir='ltr'>purpureo</span> <span class='ocrx_word' id='word_1_102' title='bbox 743 584 853 620; x_wconf 86' lang='lat' dir='ltr'>colore</span> <span class='ocrx_word' id='word_1_103' title='bbox 868 588 987 619; x_wconf 84' lang='lat' dir='ltr'>vitrum</span> <span class='ocrx_word' id='word_1_104' title='bbox 1007 583 1145 619; x_wconf 84' lang='lat' dir='ltr'>inficitur</span> <span class='ocrx_word' id='word_1_105' title='bbox 1164 586 1328 620; x_wconf 85' lang='lat' dir='ltr'>minetalis</span> <span class='ocrx_word' id='word_1_106' title='bbox 1349 583 1450 631; x_wconf 84' lang='lat' dir='ltr'>cujus-</span> 
     </span>
     <span class='ocr_line' id='line_1_11' title="bbox 57 631 1451 683; baseline -0.001 -13"><span class='ocrx_word' id='word_1_107' title='bbox 57 635 132 670; x_wconf 84' lang='lat' dir='ltr'>dam</span> <span class='ocrx_word' id='word_1_108' title='bbox 143 635 259 668; x_wconf 87' lang='lat' dir='ltr'>cinerei</span> <span class='ocrx_word' id='word_1_109' title='bbox 271 631 388 667; x_wconf 90' lang='lat' dir='ltr'>coloris</span> <span class='ocrx_word' id='word_1_110' title='bbox 401 660 410 676; x_wconf 88' lang='lat'>‚</span> <span class='ocrx_word' id='word_1_111' title='bbox 428 632 517 680; x_wconf 88' lang='lat' dir='ltr'>quod</span> <span class='ocrx_word' id='word_1_112' title='bbox 528 631 692 680; x_wconf 73' lang='lat' dir='ltr'>saphatam</span> <span class='ocrx_word' id='word_1_113' title='bbox 704 646 737 668; x_wconf 91' lang='lat' dir='ltr'>v.</span> <span class='ocrx_word' id='word_1_114' title='bbox 747 633 868 683; x_wconf 76' lang='lat' dir='ltr'>fizphre</span> <span class='ocrx_word' id='word_1_115' title='bbox 882 635 1040 676; x_wconf 81' lang='lat' dir='ltr'>vocitant,</span> <span class='ocrx_word' id='word_1_116' title='bbox 1048 633 1203 681; x_wconf 82' lang='lat' dir='ltr'>quodque</span> <span class='ocrx_word' id='word_1_117' title='bbox 1212 634 1405 670; x_wconf 85' lang='lat' dir='ltr'>calcinatum</span> <span class='ocrx_word' id='word_1_118' title='bbox 1417 634 1451 668; x_wconf 85' lang='lat' dir='ltr'>in</span> 
     </span>
     <span class='ocr_line' id='line_1_12' title="bbox 56 679 1451 730; baseline -0.001 -12"><span class='ocrx_word' id='word_1_119' title='bbox 56 682 228 718; x_wconf 84' lang='lat' dir='ltr'>caeruleum</span> <span class='ocrx_word' id='word_1_120' title='bbox 237 681 306 716; x_wconf 84' lang='lat' dir='ltr'>abir</span> <span class='ocrx_word' id='word_1_121' title='bbox 316 679 459 716; x_wconf 86' lang='lat' dir='ltr'>colorem</span> <span class='ocrx_word' id='word_1_122' title='bbox 472 710 481 725; x_wconf 90' lang='lat'>,</span> <span class='ocrx_word' id='word_1_123' title='bbox 492 686 524 718; x_wconf 69' lang='grc' dir='ltr'>δ(</span> <span class='ocrx_word' id='word_1_124' title='bbox 537 679 700 730; x_wconf 84' lang='lat' dir='ltr'>magnefiae</span> <span class='ocrx_word' id='word_1_125' title='bbox 708 682 919 720; x_wconf 88' lang='lat' dir='ltr'>admistione:</span> <span class='ocrx_word' id='word_1_126' title='bbox 935 682 1002 718; x_wconf 84' lang='lat' dir='ltr'>haec</span> <span class='ocrx_word' id='word_1_127' title='bbox 1016 682 1132 722; x_wconf 79' lang='lat' dir='ltr'>itidem</span> <span class='ocrx_word' id='word_1_128' title='bbox 1141 682 1297 719; x_wconf 84' lang='lat' dir='ltr'>calcinata</span> <span class='ocrx_word' id='word_1_129' title='bbox 1310 683 1354 717; x_wconf 88' lang='lat' dir='ltr'>est</span> <span class='ocrx_word' id='word_1_130' title='bbox 1376 681 1451 717; x_wconf 88' lang='lat' dir='ltr'>sub-</span> 
     </span>
     <span class='ocr_line' id='line_1_13' title="bbox 56 729 1451 780; baseline -0.003 -11"><span class='ocrx_word' id='word_1_131' title='bbox 56 734 161 780; x_wconf 85' lang='lat' dir='ltr'>nigra.</span> <span class='ocrx_word' id='word_1_132' title='bbox 174 730 289 768; x_wconf 81' lang='lat' dir='ltr'>Vitide</span> <span class='ocrx_word' id='word_1_133' title='bbox 307 729 344 766; x_wconf 89' lang='lat' dir='ltr'>fit</span> <span class='ocrx_word' id='word_1_134' title='bbox 354 732 473 766; x_wconf 87' lang='lat' dir='ltr'>vitrum</span> <span class='ocrx_word' id='word_1_135' title='bbox 498 729 556 765; x_wconf 91' lang='lat' dir='ltr'>ubi</span> <span class='ocrx_word' id='word_1_136' title='bbox 573 743 646 766; x_wconf 89' lang='lat' dir='ltr'>cum</span> <span class='ocrx_word' id='word_1_137' title='bbox 663 731 740 767; x_wconf 86' lang='lat' dir='ltr'>ferri</span> <span class='ocrx_word' id='word_1_138' title='bbox 762 730 910 780; x_wconf 78' lang='lat' dir='ltr'>rubigine</span> <span class='ocrx_word' id='word_1_139' title='bbox 933 735 967 769; x_wconf 91' lang='lat'>&amp;</span> <span class='ocrx_word' id='word_1_140' title='bbox 979 743 1078 779; x_wconf 87' lang='lat' dir='ltr'>cupro</span> <span class='ocrx_word' id='word_1_141' title='bbox 1090 731 1270 775; x_wconf 79' lang='lat' dir='ltr'>calcinato,</span> <span class='ocrx_word' id='word_1_142' title='bbox 1295 743 1350 766; x_wconf 79' lang='lat' dir='ltr'>aut</span> <span class='ocrx_word' id='word_1_143' title='bbox 1377 744 1451 766; x_wconf 87' lang='lat' dir='ltr'>cum</span> 
     </span>
     <span class='ocr_line' id='line_1_14' title="bbox 58 779 1452 830; baseline -0.002 -13"><span class='ocrx_word' id='word_1_144' title='bbox 58 781 150 817; x_wconf 87' lang='lat' dir='ltr'>minii</span> <span class='ocrx_word' id='word_1_145' title='bbox 161 779 215 815; x_wconf 85' lang='lat' dir='ltr'>seu</span> <span class='ocrx_word' id='word_1_146' title='bbox 228 779 323 815; x_wconf 88' lang='lat' dir='ltr'>calcis</span> <span class='ocrx_word' id='word_1_147' title='bbox 337 779 485 828; x_wconf 89' lang='lat' dir='ltr'>plumbi,</span> <span class='ocrx_word' id='word_1_148' title='bbox 505 784 538 816; x_wconf 89' lang='lat'>&amp;</span> <span class='ocrx_word' id='word_1_149' title='bbox 551 782 642 828; x_wconf 87' lang='lat' dir='ltr'>cupri</span> <span class='ocrx_word' id='word_1_150' title='bbox 661 780 809 816; x_wconf 86' lang='lat' dir='ltr'>calcinati</span> <span class='ocrx_word' id='word_1_151' title='bbox 831 781 961 816; x_wconf 79' lang='lat' dir='ltr'>mistura</span> <span class='ocrx_word' id='word_1_152' title='bbox 978 779 1133 827; x_wconf 75' lang='lat' dir='ltr'>liquatur.</span> <span class='ocrx_word' id='word_1_153' title='bbox 1151 782 1238 816; x_wconf 81' lang='lat' dir='ltr'>Ferri</span> <span class='ocrx_word' id='word_1_154' title='bbox 1258 779 1377 830; x_wconf 85' lang='lat' dir='ltr'>rubigo</span> <span class='ocrx_word' id='word_1_155' title='bbox 1394 779 1452 815; x_wconf 85' lang='lat' dir='ltr'>fla-</span> 
     </span>
     <span class='ocr_line' id='line_1_15' title="bbox 58 828 1452 877; baseline -0.003 -12"><span class='ocrx_word' id='word_1_156' title='bbox 58 842 139 865; x_wconf 83' lang='lat' dir='ltr'>vum</span> <span class='ocrx_word' id='word_1_157' title='bbox 150 829 294 864; x_wconf 89' lang='lat' dir='ltr'>colorem</span> <span class='ocrx_word' id='word_1_158' title='bbox 314 831 399 865; x_wconf 87' lang='lat' dir='ltr'>vitro</span> <span class='ocrx_word' id='word_1_159' title='bbox 410 828 564 864; x_wconf 84' lang='lat' dir='ltr'>conciliat</span> <span class='ocrx_word' id='word_1_160' title='bbox 577 846 585 873; x_wconf 83' lang='lat'>3</span> <span class='ocrx_word' id='word_1_161' title='bbox 598 828 768 864; x_wconf 89' lang='lat' dir='ltr'>caetuleum</span> <span class='ocrx_word' id='word_1_162' title='bbox 787 829 932 865; x_wconf 88' lang='lat' dir='ltr'>colorem</span> <span class='ocrx_word' id='word_1_163' title='bbox 953 841 1086 877; x_wconf 86' lang='lat' dir='ltr'>cuprum</span> <span class='ocrx_word' id='word_1_164' title='bbox 1105 830 1219 865; x_wconf 85' lang='lat' dir='ltr'>itidem</span> <span class='ocrx_word' id='word_1_165' title='bbox 1234 828 1368 865; x_wconf 88' lang='lat' dir='ltr'>rubrum</span> <span class='ocrx_word' id='word_1_166' title='bbox 1385 829 1452 864; x_wconf 82' lang='lat' dir='ltr'>cal.</span> 
     </span>
     <span class='ocr_line' id='line_1_16' title="bbox 57 876 1451 926; baseline -0.001 -13"><span class='ocrx_word' id='word_1_167' title='bbox 57 881 202 914; x_wconf 82' lang='lat' dir='ltr'>cinatum</span> <span class='ocrx_word' id='word_1_168' title='bbox 216 907 225 921; x_wconf 91' lang='lat'>‚</span> <span class='ocrx_word' id='word_1_169' title='bbox 240 883 273 914; x_wconf 67' lang='grc' dir='ltr'>δε</span> <span class='ocrx_word' id='word_1_170' title='bbox 285 889 396 925; x_wconf 89' lang='lat' dir='ltr'>parum</span> <span class='ocrx_word' id='word_1_171' title='bbox 406 876 543 926; x_wconf 85' lang='lat' dir='ltr'>saphatae</span> <span class='ocrx_word' id='word_1_172' title='bbox 563 877 636 913; x_wconf 88' lang='lat' dir='ltr'>huic</span> <span class='ocrx_word' id='word_1_173' title='bbox 646 880 802 925; x_wconf 88' lang='lat' dir='ltr'>impertit.</span> <span class='ocrx_word' id='word_1_174' title='bbox 822 879 857 912; x_wconf 93' lang='lat' dir='ltr'>ld</span> <span class='ocrx_word' id='word_1_175' title='bbox 869 876 948 913; x_wconf 79' lang='lat' dir='ltr'>vero</span> <span class='ocrx_word' id='word_1_176' title='bbox 959 877 1029 912; x_wconf 81' lang='lat' dir='ltr'>fieti</span> <span class='ocrx_word' id='word_1_177' title='bbox 1043 877 1114 912; x_wconf 84' lang='lat' dir='ltr'>satis</span> <span class='ocrx_word' id='word_1_178' title='bbox 1125 878 1168 913; x_wconf 85' lang='lat' dir='ltr'>est</span> <span class='ocrx_word' id='word_1_179' title='bbox 1181 877 1451 926; x_wconf 79' lang='lat' dir='ltr'>verisimile,quod</span> 
     </span>
     <span class='ocr_line' id='line_1_17' title="bbox 57 924 1451 976; baseline 0 -15"><span class='ocrx_word' id='word_1_180' title='bbox 57 925 222 976; x_wconf 80' lang='lat' dir='ltr'>particulae</span> <span class='ocrx_word' id='word_1_181' title='bbox 236 928 354 963; x_wconf 87' lang='lat' dir='ltr'>vitri&amp;</span> <span class='ocrx_word' id='word_1_182' title='bbox 368 925 603 961; x_wconf 74' lang='lat' dir='ltr'>metallornma</span> <span class='ocrx_word' id='word_1_183' title='bbox 618 924 651 961; x_wconf 88' lang='lat' dir='ltr'>se</span> <span class='ocrx_word' id='word_1_184' title='bbox 668 927 810 963; x_wconf 84' lang='lat' dir='ltr'>invicem</span> <span class='ocrx_word' id='word_1_185' title='bbox 821 939 888 962; x_wconf 86' lang='lat' dir='ltr'>non</span> <span class='ocrx_word' id='word_1_186' title='bbox 905 926 1113 961; x_wconf 78' lang='lat' dir='ltr'>mediocriter</span> <span class='ocrx_word' id='word_1_187' title='bbox 1135 927 1300 976; x_wconf 72' lang='lat' dir='ltr'>disjunc&#39;tae</span> <span class='ocrx_word' id='word_1_188' title='bbox 1311 956 1320 970; x_wconf 90' lang='lat'>‚</span> <span class='ocrx_word' id='word_1_189' title='bbox 1345 932 1377 964; x_wconf 70' lang='grc' dir='ltr'>ὃ(</span> <span class='ocrx_word' id='word_1_190' title='bbox 1393 927 1451 961; x_wconf 83' lang='lat' dir='ltr'>ad-</span> 
     </span>
     <span class='ocr_line' id='line_1_18' title="bbox 57 973 1451 1014; baseline -0.001 -4"><span class='ocrx_word' id='word_1_191' title='bbox 57 975 195 1012; x_wconf 85' lang='lat' dir='ltr'>modum</span> <span class='ocrx_word' id='word_1_192' title='bbox 208 986 319 1011; x_wconf 86' lang='lat' dir='ltr'>tenues</span> <span class='ocrx_word' id='word_1_193' title='bbox 333 973 461 1011; x_wconf 82' lang='lat' dir='ltr'>luminis</span> <span class='ocrx_word' id='word_1_194' title='bbox 474 974 597 1010; x_wconf 87' lang='lat' dir='ltr'>aditum</span> <span class='ocrx_word' id='word_1_195' title='bbox 608 987 676 1010; x_wconf 88' lang='lat' dir='ltr'>non</span> <span class='ocrx_word' id='word_1_196' title='bbox 689 986 828 1012; x_wconf 82' lang='lat' dir='ltr'>arceant.</span> <span class='ocrx_word' id='word_1_197' title='bbox 838 975 1081 1014; x_wconf 82' lang='lat' dir='ltr'>Accedit-etiam</span> <span class='ocrx_word' id='word_1_198' title='bbox 1089 976 1263 1013; x_wconf 82' lang='lat' dir='ltr'>aetheream</span> <span class='ocrx_word' id='word_1_199' title='bbox 1275 976 1362 1013; x_wconf 68' lang='lat' dir='ltr'>forte</span> <span class='ocrx_word' id='word_1_200' title='bbox 1375 974 1451 1011; x_wconf 80' lang='lat' dir='ltr'>sub.</span> 
     </span>
     <span class='ocr_line' id='line_1_19' title="bbox 60 1022 1452 1073; baseline -0.001 -13"><span class='ocrx_word' id='word_1_201' title='bbox 60 1025 211 1060; x_wconf 85' lang='lat' dir='ltr'>stantiam</span> <span class='ocrx_word' id='word_1_202' title='bbox 232 1023 348 1060; x_wconf 88' lang='lat' dir='ltr'>infuso</span> <span class='ocrx_word' id='word_1_203' title='bbox 362 1025 449 1058; x_wconf 88' lang='lat' dir='ltr'>vitro</span> <span class='ocrx_word' id='word_1_204' title='bbox 463 1035 587 1059; x_wconf 82' lang='lat' dir='ltr'>meatus</span> <span class='ocrx_word' id='word_1_205' title='bbox 603 1022 661 1060; x_wconf 84' lang='lat' dir='ltr'>fibi</span> <span class='ocrx_word' id='word_1_206' title='bbox 676 1035 789 1072; x_wconf 84' lang='lat' dir='ltr'>aptate</span> <span class='ocrx_word' id='word_1_207' title='bbox 807 1026 840 1060; x_wconf 89' lang='lat' dir='ltr'>in</span> <span class='ocrx_word' id='word_1_208' title='bbox 856 1026 958 1060; x_wconf 61' lang='lat' dir='ltr'>rectas</span> <span class='ocrx_word' id='word_1_209' title='bbox 979 1023 1079 1059; x_wconf 87' lang='lat' dir='ltr'>lineas</span> <span class='ocrx_word' id='word_1_210' title='bbox 1088 1037 1176 1073; x_wconf 79' lang='lat' dir='ltr'>pone</span> <span class='ocrx_word' id='word_1_211' title='bbox 1196 1024 1357 1073; x_wconf 77' lang='lat' dir='ltr'>dispositos</span> <span class='ocrx_word' id='word_1_212' title='bbox 1370 1041 1379 1068; x_wconf 77' lang='lat'><em>3</em></span> <span class='ocrx_word' id='word_1_213' title='bbox 1393 1037 1452 1060; x_wconf 89' lang='lat' dir='ltr'>ne-</span> 
     </span>
     <span class='ocr_line' id='line_1_20' title="bbox 59 1071 1453 1121; baseline -0.001 -13"><span class='ocrx_word' id='word_1_214' title='bbox 59 1085 123 1118; x_wconf 88' lang='lat' dir='ltr'>que</span> <span class='ocrx_word' id='word_1_215' title='bbox 140 1085 258 1121; x_wconf 83' lang='lat' dir='ltr'>magna</span> <span class='ocrx_word' id='word_1_216' title='bbox 265 1072 309 1107; x_wconf 89' lang='lat' dir='ltr'>est</span> <span class='ocrx_word' id='word_1_217' title='bbox 320 1074 352 1107; x_wconf 87' lang='lat' dir='ltr'>in</span> <span class='ocrx_word' id='word_1_218' title='bbox 364 1071 412 1107; x_wconf 90' lang='lat' dir='ltr'>his</span> <span class='ocrx_word' id='word_1_219' title='bbox 428 1073 519 1106; x_wconf 82' lang='lat' dir='ltr'>vittis</span> <span class='ocrx_word' id='word_1_220' title='bbox 529 1071 681 1107; x_wconf 87' lang='lat' dir='ltr'>coloratis</span> <span class='ocrx_word' id='word_1_221' title='bbox 699 1072 914 1121; x_wconf 80' lang='lat' dir='ltr'>perspicuitas.</span> <span class='ocrx_word' id='word_1_222' title='bbox 924 1074 1014 1120; x_wconf 64' lang='lat' dir='ltr'>=Qae</span> <span class='ocrx_word' id='word_1_223' title='bbox 1024 1074 1057 1108; x_wconf 89' lang='lat' dir='ltr'>in</span> <span class='ocrx_word' id='word_1_224' title='bbox 1069 1073 1222 1108; x_wconf 87' lang='lat' dir='ltr'>sacrarum</span> <span class='ocrx_word' id='word_1_225' title='bbox 1233 1075 1350 1108; x_wconf 86' lang='lat' dir='ltr'>aedium</span> <span class='ocrx_word' id='word_1_226' title='bbox 1361 1073 1453 1108; x_wconf 83' lang='lat' dir='ltr'>fene-</span> 
     </span>
     <span class='ocr_line' id='line_1_21' title="bbox 61 1120 1453 1170; baseline -0.001 -13"><span class='ocrx_word' id='word_1_227' title='bbox 61 1122 132 1157; x_wconf 89' lang='lat' dir='ltr'>stris</span> <span class='ocrx_word' id='word_1_228' title='bbox 143 1121 241 1157; x_wconf 88' lang='lat' dir='ltr'>rubro</span> <span class='ocrx_word' id='word_1_229' title='bbox 252 1120 361 1156; x_wconf 88' lang='lat' dir='ltr'>colore</span> <span class='ocrx_word' id='word_1_230' title='bbox 380 1122 486 1155; x_wconf 86' lang='lat' dir='ltr'>nitent</span> <span class='ocrx_word' id='word_1_231' title='bbox 500 1123 582 1155; x_wconf 86' lang='lat' dir='ltr'>vitra</span> <span class='ocrx_word' id='word_1_232' title='bbox 596 1149 606 1165; x_wconf 88' lang='lat'>‚</span> <span class='ocrx_word' id='word_1_233' title='bbox 623 1121 688 1156; x_wconf 85' lang='lat' dir='ltr'>haec</span> <span class='ocrx_word' id='word_1_234' title='bbox 705 1123 818 1170; x_wconf 88' lang='lat' dir='ltr'>utique</span> <span class='ocrx_word' id='word_1_235' title='bbox 837 1123 975 1158; x_wconf 56' lang='lat' dir='ltr'>tineiura</span> <span class='ocrx_word' id='word_1_236' title='bbox 994 1134 1060 1157; x_wconf 90' lang='lat' dir='ltr'>non</span> <span class='ocrx_word' id='word_1_237' title='bbox 1074 1120 1170 1158; x_wconf 70' lang='lat' dir='ltr'>altius</span> <span class='ocrx_word' id='word_1_238' title='bbox 1183 1150 1193 1165; x_wconf 89' lang='lat'>‚</span> <span class='ocrx_word' id='word_1_239' title='bbox 1215 1122 1314 1170; x_wconf 74' lang='lat' dir='ltr'>quam</span> <span class='ocrx_word' id='word_1_240' title='bbox 1333 1122 1374 1156; x_wconf 87' lang='lat' dir='ltr'>ad</span> <span class='ocrx_word' id='word_1_241' title='bbox 1389 1133 1453 1156; x_wconf 85' lang='lat' dir='ltr'>ter-</span> 
     </span>
     <span class='ocr_line' id='line_1_22' title="bbox 60 1169 1454 1220; baseline 0 -15"><span class='ocrx_word' id='word_1_242' title='bbox 60 1173 140 1206; x_wconf 86' lang='lat' dir='ltr'>tiam</span> <span class='ocrx_word' id='word_1_243' title='bbox 153 1169 438 1218; x_wconf 82' lang='lat' dir='ltr'>craffitieipattem</span> <span class='ocrx_word' id='word_1_244' title='bbox 448 1181 596 1217; x_wconf 79' lang='lat' dir='ltr'>penetrat</span> <span class='ocrx_word' id='word_1_245' title='bbox 610 1186 619 1213; x_wconf 84' lang='lat'><em>3</em></span> <span class='ocrx_word' id='word_1_246' title='bbox 639 1182 774 1217; x_wconf 85' lang='lat' dir='ltr'>cumque</span> <span class='ocrx_word' id='word_1_247' title='bbox 785 1169 907 1206; x_wconf 88' lang='lat' dir='ltr'>denfius</span> <span class='ocrx_word' id='word_1_248' title='bbox 918 1171 965 1206; x_wconf 87' lang='lat' dir='ltr'>est</span> <span class='ocrx_word' id='word_1_249' title='bbox 975 1172 1105 1214; x_wconf 86' lang='lat' dir='ltr'>vitrum,</span> <span class='ocrx_word' id='word_1_250' title='bbox 1118 1182 1189 1206; x_wconf 89' lang='lat' dir='ltr'>tum</span> <span class='ocrx_word' id='word_1_251' title='bbox 1201 1171 1384 1220; x_wconf 83' lang='lat' dir='ltr'>subnigtum</span> <span class='ocrx_word' id='word_1_252' title='bbox 1395 1183 1454 1220; x_wconf 82' lang='lat' dir='ltr'>ap-</span> 
     </span>
     <span class='ocr_line' id='line_1_23' title="bbox 61 1218 1149 1268; baseline 0.002 -14"><span class='ocrx_word' id='word_1_253' title='bbox 61 1231 170 1268; x_wconf 79' lang='lat' dir='ltr'>patet3</span> <span class='ocrx_word' id='word_1_254' title='bbox 185 1223 218 1256; x_wconf 91' lang='lat'>&amp;</span> <span class='ocrx_word' id='word_1_255' title='bbox 233 1218 322 1253; x_wconf 93' lang='lat' dir='ltr'>colot</span> <span class='ocrx_word' id='word_1_256' title='bbox 337 1218 379 1253; x_wconf 90' lang='lat' dir='ltr'>est</span> <span class='ocrx_word' id='word_1_257' title='bbox 397 1219 562 1262; x_wconf 82' lang='lat' dir='ltr'>vividior,</span> <span class='ocrx_word' id='word_1_258' title='bbox 573 1230 646 1253; x_wconf 90' lang='lat' dir='ltr'>cum</span> <span class='ocrx_word' id='word_1_259' title='bbox 661 1220 832 1253; x_wconf 86' lang='lat' dir='ltr'>mediocris</span> <span class='ocrx_word' id='word_1_260' title='bbox 852 1220 897 1253; x_wconf 88' lang='lat' dir='ltr'>est</span> <span class='ocrx_word' id='word_1_261' title='bbox 917 1220 994 1254; x_wconf 89' lang='lat' dir='ltr'>vitri</span> <span class='ocrx_word' id='word_1_262' title='bbox 1004 1218 1149 1257; x_wconf 82' lang='lat' dir='ltr'>denfitas.</span> 
     </span>
    </p>

    <p class='ocr_par' dir='ltr' id='par_1_5' title="bbox 60 1266 1456 1696">
     <span class='ocr_line' id='line_1_24' title="bbox 95 1266 1454 1317; baseline -0.001 -13"><span class='ocrx_word' id='word_1_263' title='bbox 95 1282 132 1313; x_wconf 82' lang='lat'>4.</span> <span class='ocrx_word' id='word_1_264' title='bbox 144 1271 228 1317; x_wconf 80' lang='lat' dir='ltr'>Qae</span> <span class='ocrx_word' id='word_1_265' title='bbox 239 1270 271 1302; x_wconf 89' lang='lat' dir='ltr'>in</span> <span class='ocrx_word' id='word_1_266' title='bbox 280 1279 392 1316; x_wconf 84' lang='lat' dir='ltr'>aperto</span> <span class='ocrx_word' id='word_1_267' title='bbox 404 1272 437 1303; x_wconf 73' lang='grc' dir='ltr'>δε</span> <span class='ocrx_word' id='word_1_268' title='bbox 448 1266 553 1302; x_wconf 84' lang='lat' dir='ltr'>libero</span> <span class='ocrx_word' id='word_1_269' title='bbox 571 1279 644 1302; x_wconf 89' lang='lat' dir='ltr'>aete</span> <span class='ocrx_word' id='word_1_270' title='bbox 655 1266 735 1302; x_wconf 85' lang='lat' dir='ltr'>fiunt</span> <span class='ocrx_word' id='word_1_271' title='bbox 749 1270 991 1316; x_wconf 71' lang='lat' dir='ltr'>vegetationes,</span> <span class='ocrx_word' id='word_1_272' title='bbox 1001 1278 1036 1303; x_wconf 93' lang='lat' dir='ltr'>ut</span> <span class='ocrx_word' id='word_1_273' title='bbox 1046 1266 1220 1316; x_wconf 62' lang='lat' dir='ltr'>plurimum</span> <span class='ocrx_word' id='word_1_274' title='bbox 1237 1267 1307 1304; x_wconf 86' lang='lat' dir='ltr'>sunt</span> <span class='ocrx_word' id='word_1_275' title='bbox 1323 1268 1454 1311; x_wconf 81' lang='lat' dir='ltr'>virides,</span> 
     </span>
     <span class='ocr_line' id='line_1_25' title="bbox 60 1315 1453 1367; baseline -0.002 -13"><span class='ocrx_word' id='word_1_276' title='bbox 60 1329 97 1354; x_wconf 89' lang='lat' dir='ltr'>ut</span> <span class='ocrx_word' id='word_1_277' title='bbox 111 1318 221 1353; x_wconf 87' lang='lat' dir='ltr'>videte</span> <span class='ocrx_word' id='word_1_278' title='bbox 237 1317 280 1351; x_wconf 87' lang='lat' dir='ltr'>est</span> <span class='ocrx_word' id='word_1_279' title='bbox 292 1318 324 1351; x_wconf 92' lang='lat' dir='ltr'>in</span> <span class='ocrx_word' id='word_1_280' title='bbox 342 1315 502 1364; x_wconf 79' lang='lat' dir='ltr'>lapidibus</span> <span class='ocrx_word' id='word_1_281' title='bbox 512 1345 522 1359; x_wconf 91' lang='lat'><em>‚</em></span> <span class='ocrx_word' id='word_1_282' title='bbox 537 1327 593 1351; x_wconf 88' lang='lat' dir='ltr'>aut</span> <span class='ocrx_word' id='word_1_283' title='bbox 609 1316 704 1365; x_wconf 75' lang='lat' dir='ltr'>lignis</span> <span class='ocrx_word' id='word_1_284' title='bbox 713 1329 783 1364; x_wconf 87' lang='lat' dir='ltr'>quae</span> <span class='ocrx_word' id='word_1_285' title='bbox 792 1317 950 1352; x_wconf 71' lang='lat' dir='ltr'>tectorum</span> <span class='ocrx_word' id='word_1_286' title='bbox 966 1316 1129 1352; x_wconf 88' lang='lat' dir='ltr'>stillicidiis</span> <span class='ocrx_word' id='word_1_287' title='bbox 1140 1317 1355 1367; x_wconf 81' lang='lat' dir='ltr'>subjiciuntur.</span> <span class='ocrx_word' id='word_1_288' title='bbox 1369 1319 1453 1363; x_wconf 82' lang='lat' dir='ltr'>Qae</span> 
     </span>
     <span class='ocr_line' id='line_1_26' title="bbox 62 1363 1454 1413; baseline -0.001 -11"><span class='ocrx_word' id='word_1_289' title='bbox 62 1378 171 1402; x_wconf 86' lang='lat' dir='ltr'>autem</span> <span class='ocrx_word' id='word_1_290' title='bbox 181 1367 214 1401; x_wconf 89' lang='lat' dir='ltr'>in</span> <span class='ocrx_word' id='word_1_291' title='bbox 225 1365 302 1400; x_wconf 87' lang='lat' dir='ltr'>locis</span> <span class='ocrx_word' id='word_1_292' title='bbox 317 1363 605 1412; x_wconf 86' lang='lat' dir='ltr'>opaciotibus,aut</span> <span class='ocrx_word' id='word_1_293' title='bbox 620 1364 829 1400; x_wconf 76' lang='lat' dir='ltr'>subterraneis</span> <span class='ocrx_word' id='word_1_294' title='bbox 841 1365 1074 1413; x_wconf 80' lang='lat' dir='ltr'>perficiuntur,</span> <span class='ocrx_word' id='word_1_295' title='bbox 1094 1379 1150 1402; x_wconf 89' lang='lat' dir='ltr'>aut</span> <span class='ocrx_word' id='word_1_296' title='bbox 1168 1365 1262 1402; x_wconf 69' lang='lat' dir='ltr'>flavae</span> <span class='ocrx_word' id='word_1_297' title='bbox 1287 1366 1377 1411; x_wconf 87' lang='lat' dir='ltr'>sunt,</span> <span class='ocrx_word' id='word_1_298' title='bbox 1398 1377 1454 1401; x_wconf 87' lang='lat' dir='ltr'>aut</span> 
     </span>
     <span class='ocr_line' id='line_1_27' title="bbox 60 1413 1453 1464; baseline -0.001 -14"><span class='ocrx_word' id='word_1_299' title='bbox 60 1414 149 1451; x_wconf 80' lang='lat' dir='ltr'>albae.</span> <span class='ocrx_word' id='word_1_300' title='bbox 167 1415 201 1450; x_wconf 93' lang='lat' dir='ltr'>Id</span> <span class='ocrx_word' id='word_1_301' title='bbox 213 1416 325 1461; x_wconf 89' lang='lat' dir='ltr'>utique</span> <span class='ocrx_word' id='word_1_302' title='bbox 338 1415 455 1448; x_wconf 86' lang='lat' dir='ltr'>intueti</span> <span class='ocrx_word' id='word_1_303' title='bbox 472 1413 546 1448; x_wconf 85' lang='lat' dir='ltr'>licet</span> <span class='ocrx_word' id='word_1_304' title='bbox 560 1416 593 1449; x_wconf 88' lang='lat' dir='ltr'>in</span> <span class='ocrx_word' id='word_1_305' title='bbox 611 1426 713 1463; x_wconf 83' lang='lat' dir='ltr'>grano</span> <span class='ocrx_word' id='word_1_306' title='bbox 728 1416 827 1452; x_wconf 89' lang='lat' dir='ltr'>tritici</span> <span class='ocrx_word' id='word_1_307' title='bbox 835 1417 1041 1463; x_wconf 76' lang='lat' dir='ltr'>germinante</span> <span class='ocrx_word' id='word_1_308' title='bbox 1052 1444 1062 1459; x_wconf 90' lang='lat'><em>‚</em></span> <span class='ocrx_word' id='word_1_309' title='bbox 1080 1417 1114 1451; x_wconf 89' lang='lat' dir='ltr'>in</span> <span class='ocrx_word' id='word_1_310' title='bbox 1131 1415 1222 1464; x_wconf 83' lang='lat' dir='ltr'>lignis</span> <span class='ocrx_word' id='word_1_311' title='bbox 1234 1428 1304 1463; x_wconf 80' lang='lat' dir='ltr'>quoe</span> <span class='ocrx_word' id='word_1_312' title='bbox 1318 1418 1350 1450; x_wconf 89' lang='lat' dir='ltr'>in</span> <span class='ocrx_word' id='word_1_313' title='bbox 1364 1415 1453 1450; x_wconf 89' lang='lat' dir='ltr'>cellis</span> 
     </span>
     <span class='ocr_line' id='line_1_28' title="bbox 61 1462 1455 1514; baseline -0.001 -14"><span class='ocrx_word' id='word_1_314' title='bbox 61 1463 274 1500; x_wconf 82' lang='lat' dir='ltr'>subterraneis</span> <span class='ocrx_word' id='word_1_315' title='bbox 288 1462 378 1498; x_wconf 81' lang='lat' dir='ltr'>situm</span> <span class='ocrx_word' id='word_1_316' title='bbox 391 1462 588 1498; x_wconf 85' lang='lat' dir='ltr'>contrahunt·</span> <span class='ocrx_word' id='word_1_317' title='bbox 611 1465 695 1498; x_wconf 84' lang='lat' dir='ltr'>Situs</span> <span class='ocrx_word' id='word_1_318' title='bbox 714 1466 800 1499; x_wconf 88' lang='lat' dir='ltr'>enim</span> <span class='ocrx_word' id='word_1_319' title='bbox 820 1464 875 1498; x_wconf 87' lang='lat' dir='ltr'>ille</span> <span class='ocrx_word' id='word_1_320' title='bbox 899 1474 953 1499; x_wconf 84' lang='lat' dir='ltr'>aut</span> <span class='ocrx_word' id='word_1_321' title='bbox 967 1475 1080 1499; x_wconf 88' lang='lat' dir='ltr'>mucus</span> <span class='ocrx_word' id='word_1_322' title='bbox 1108 1464 1250 1501; x_wconf 85' lang='lat' dir='ltr'>subflava</span> <span class='ocrx_word' id='word_1_323' title='bbox 1273 1465 1455 1514; x_wconf 81' lang='lat' dir='ltr'>plantarum</span> 
     </span>
     <span class='ocr_line' id='line_1_29' title="bbox 61 1511 1456 1562; baseline -0.001 -14"><span class='ocrx_word' id='word_1_324' title='bbox 61 1513 211 1561; x_wconf 77' lang='lat' dir='ltr'>quaedam</span> <span class='ocrx_word' id='word_1_325' title='bbox 221 1513 268 1546; x_wconf 87' lang='lat' dir='ltr'>est</span> <span class='ocrx_word' id='word_1_326' title='bbox 285 1513 451 1560; x_wconf 83' lang='lat' dir='ltr'>vegetatio</span> <span class='ocrx_word' id='word_1_327' title='bbox 465 1539 476 1554; x_wconf 85' lang='lat'><strong><em>,</em></strong></span> <span class='ocrx_word' id='word_1_328' title='bbox 490 1521 524 1545; x_wconf 90' lang='lat' dir='ltr'>ut</span> <span class='ocrx_word' id='word_1_329' title='bbox 535 1511 746 1559; x_wconf 85' lang='lat' dir='ltr'>mictoscopio</span> <span class='ocrx_word' id='word_1_330' title='bbox 760 1512 890 1560; x_wconf 87' lang='lat' dir='ltr'>quisque</span> <span class='ocrx_word' id='word_1_331' title='bbox 903 1513 1007 1561; x_wconf 90' lang='lat' dir='ltr'>potest</span> <span class='ocrx_word' id='word_1_332' title='bbox 1021 1512 1277 1562; x_wconf 73' lang='lat' dir='ltr'>deprehendere.</span> <span class='ocrx_word' id='word_1_333' title='bbox 1289 1515 1340 1549; x_wconf 90' lang='lat' dir='ltr'>Sic</span> <span class='ocrx_word' id='word_1_334' title='bbox 1350 1513 1456 1548; x_wconf 83' lang='lat' dir='ltr'>melo-</span> 
     </span>
     <span class='ocr_line' id='line_1_30' title="bbox 62 1559 1453 1608; baseline -0.001 -10"><span class='ocrx_word' id='word_1_335' title='bbox 62 1574 121 1598; x_wconf 86' lang='lat' dir='ltr'>nes</span> <span class='ocrx_word' id='word_1_336' title='bbox 134 1560 189 1596; x_wconf 85' lang='lat' dir='ltr'>sub</span> <span class='ocrx_word' id='word_1_337' title='bbox 204 1573 359 1608; x_wconf 84' lang='lat' dir='ltr'>campana</span> <span class='ocrx_word' id='word_1_338' title='bbox 376 1560 509 1594; x_wconf 86' lang='lat' dir='ltr'>testacea</span> <span class='ocrx_word' id='word_1_339' title='bbox 527 1564 560 1596; x_wconf 89' lang='lat'>&amp;</span> <span class='ocrx_word' id='word_1_340' title='bbox 580 1559 671 1595; x_wconf 65' lang='lat' dir='ltr'>fistili</span> <span class='ocrx_word' id='word_1_341' title='bbox 686 1561 766 1595; x_wconf 89' lang='lat' dir='ltr'>folia</span> <span class='ocrx_word' id='word_1_342' title='bbox 780 1563 889 1596; x_wconf 85' lang='lat' dir='ltr'>tenuia</span> <span class='ocrx_word' id='word_1_343' title='bbox 908 1567 943 1599; x_wconf 74' lang='grc' dir='ltr'>δε</span> <span class='ocrx_word' id='word_1_344' title='bbox 963 1560 1103 1598; x_wconf 85' lang='lat' dir='ltr'>subflava</span> <span class='ocrx_word' id='word_1_345' title='bbox 1121 1565 1175 1598; x_wconf 88' lang='lat' dir='ltr'>vix</span> <span class='ocrx_word' id='word_1_346' title='bbox 1198 1565 1375 1605; x_wconf 88' lang='lat' dir='ltr'>emittunt,</span> <span class='ocrx_word' id='word_1_347' title='bbox 1396 1561 1453 1596; x_wconf 89' lang='lat' dir='ltr'>sub</span> 
     </span>
     <span class='ocr_line' id='line_1_31' title="bbox 63 1607 1455 1660; baseline 0.001 -14"><span class='ocrx_word' id='word_1_348' title='bbox 63 1621 220 1658; x_wconf 77' lang='lat' dir='ltr'>campana</span> <span class='ocrx_word' id='word_1_349' title='bbox 231 1611 334 1645; x_wconf 86' lang='lat' dir='ltr'>vitrea</span> <span class='ocrx_word' id='word_1_350' title='bbox 343 1638 352 1652; x_wconf 82' lang='lat'>‚</span> <span class='ocrx_word' id='word_1_351' title='bbox 369 1607 427 1644; x_wconf 87' lang='lat' dir='ltr'>ubi</span> <span class='ocrx_word' id='word_1_352' title='bbox 444 1609 548 1645; x_wconf 88' lang='lat' dir='ltr'>radios</span> <span class='ocrx_word' id='word_1_353' title='bbox 559 1609 675 1645; x_wconf 84' lang='lat' dir='ltr'>solares</span> <span class='ocrx_word' id='word_1_354' title='bbox 689 1612 870 1659; x_wconf 83' lang='lat' dir='ltr'>excipiunt,</span> <span class='ocrx_word' id='word_1_355' title='bbox 882 1622 936 1646; x_wconf 87' lang='lat' dir='ltr'>aut</span> <span class='ocrx_word' id='word_1_356' title='bbox 951 1609 1057 1648; x_wconf 86' lang='lat' dir='ltr'>libero</span> <span class='ocrx_word' id='word_1_357' title='bbox 1068 1613 1134 1647; x_wconf 86' lang='lat' dir='ltr'>aeri</span> <span class='ocrx_word' id='word_1_358' title='bbox 1153 1610 1288 1660; x_wconf 78' lang='lat' dir='ltr'>expositi</span> <span class='ocrx_word' id='word_1_359' title='bbox 1302 1610 1410 1660; x_wconf 88' lang='lat' dir='ltr'>ampla</span> <span class='ocrx_word' id='word_1_360' title='bbox 1421 1616 1455 1648; x_wconf 68' lang='grc' dir='ltr'>δε</span> 
     </span>
     <span class='ocr_line' id='line_1_32' title="bbox 64 1657 378 1696; baseline -0.016 0"><span class='ocrx_word' id='word_1_361' title='bbox 64 1660 182 1696; x_wconf 82' lang='lat' dir='ltr'>viridia</span> <span class='ocrx_word' id='word_1_362' title='bbox 199 1657 378 1694; x_wconf 80' lang='lat' dir='ltr'>effundunt.</span> 
     </span>
    </p>

    <p class='ocr_par' dir='ltr' id='par_1_6' title="bbox 65 1705 1460 2242">
     <span class='ocr_line' id='line_1_33' title="bbox 104 1705 1458 1758; baseline 0.001 -15"><span class='ocrx_word' id='word_1_363' title='bbox 104 1724 127 1755; x_wconf 83' lang='lat'>5.</span> <span class='ocrx_word' id='word_1_364' title='bbox 137 1710 221 1743; x_wconf 80' lang='lat' dir='ltr'>Cera</span> <span class='ocrx_word' id='word_1_365' title='bbox 233 1706 316 1742; x_wconf 85' lang='lat' dir='ltr'>flava</span> <span class='ocrx_word' id='word_1_366' title='bbox 328 1709 359 1742; x_wconf 90' lang='lat' dir='ltr'>in</span> <span class='ocrx_word' id='word_1_367' title='bbox 374 1719 484 1743; x_wconf 86' lang='lat' dir='ltr'>tenues</span> <span class='ocrx_word' id='word_1_368' title='bbox 494 1705 595 1745; x_wconf 78' lang='lat' dir='ltr'>velut&#39;</span> <span class='ocrx_word' id='word_1_369' title='bbox 610 1706 774 1756; x_wconf 81' lang='lat' dir='ltr'>pelliculas</span> <span class='ocrx_word' id='word_1_370' title='bbox 793 1707 917 1742; x_wconf 83' lang='lat' dir='ltr'>concisa</span> <span class='ocrx_word' id='word_1_371' title='bbox 927 1737 936 1752; x_wconf 91' lang='lat'><em>‚</em></span> <span class='ocrx_word' id='word_1_372' title='bbox 952 1720 1035 1755; x_wconf 82' lang='lat' dir='ltr'>aqua</span> <span class='ocrx_word' id='word_1_373' title='bbox 1047 1708 1230 1743; x_wconf 85' lang='lat' dir='ltr'>identidem</span> <span class='ocrx_word' id='word_1_374' title='bbox 1239 1708 1376 1758; x_wconf 73' lang='lat' dir='ltr'>perfusa,</span> <span class='ocrx_word' id='word_1_375' title='bbox 1386 1720 1458 1744; x_wconf 88' lang='lat' dir='ltr'>turn</span> 
     </span>
     <span class='ocr_line' id='line_1_34' title="bbox 65 1754 1456 1806; baseline 0.001 -15"><span class='ocrx_word' id='word_1_376' title='bbox 65 1757 124 1792; x_wconf 90' lang='lat' dir='ltr'>soli</span> <span class='ocrx_word' id='word_1_377' title='bbox 135 1755 274 1805; x_wconf 77' lang='lat' dir='ltr'>exposita</span> <span class='ocrx_word' id='word_1_378' title='bbox 284 1754 321 1791; x_wconf 88' lang='lat' dir='ltr'>fit</span> <span class='ocrx_word' id='word_1_379' title='bbox 334 1757 488 1793; x_wconf 88' lang='lat' dir='ltr'>candida:</span> <span class='ocrx_word' id='word_1_380' title='bbox 510 1756 572 1792; x_wconf 80' lang='lat' dir='ltr'>tela</span> <span class='ocrx_word' id='word_1_381' title='bbox 590 1757 707 1792; x_wconf 89' lang='lat' dir='ltr'>eodem</span> <span class='ocrx_word' id='word_1_382' title='bbox 723 1769 806 1804; x_wconf 89' lang='lat' dir='ltr'>pene</span> <span class='ocrx_word' id='word_1_383' title='bbox 825 1757 928 1792; x_wconf 88' lang='lat' dir='ltr'>modo</span> <span class='ocrx_word' id='word_1_384' title='bbox 944 1756 1085 1794; x_wconf 86' lang='lat' dir='ltr'>albescit.</span> <span class='ocrx_word' id='word_1_385' title='bbox 1106 1759 1198 1804; x_wconf 82' lang='lat' dir='ltr'>Aqua</span> <span class='ocrx_word' id='word_1_386' title='bbox 1214 1761 1332 1806; x_wconf 85' lang='lat' dir='ltr'>quippe</span> <span class='ocrx_word' id='word_1_387' title='bbox 1349 1770 1456 1806; x_wconf 87' lang='lat' dir='ltr'>partes</span> 
     </span>
     <span class='ocr_line' id='line_1_35' title="bbox 66 1803 1457 1853; baseline 0.001 -14"><span class='ocrx_word' id='word_1_388' title='bbox 66 1804 229 1841; x_wconf 84' lang='lat' dir='ltr'>craffiores</span> <span class='ocrx_word' id='word_1_389' title='bbox 242 1817 312 1852; x_wconf 87' lang='lat' dir='ltr'>quae</span> <span class='ocrx_word' id='word_1_390' title='bbox 324 1803 447 1841; x_wconf 80' lang='lat' dir='ltr'>flavum</span> <span class='ocrx_word' id='word_1_391' title='bbox 457 1807 611 1842; x_wconf 89' lang='lat' dir='ltr'>inducunt</span> <span class='ocrx_word' id='word_1_392' title='bbox 625 1805 769 1841; x_wconf 87' lang='lat' dir='ltr'>colorem</span> <span class='ocrx_word' id='word_1_393' title='bbox 780 1805 937 1850; x_wconf 85' lang='lat' dir='ltr'>exsolvit,</span> <span class='ocrx_word' id='word_1_394' title='bbox 948 1811 980 1843; x_wconf 90' lang='lat'><strong>&amp;</strong></span> <span class='ocrx_word' id='word_1_395' title='bbox 990 1805 1096 1840; x_wconf 89' lang='lat' dir='ltr'>secum</span> <span class='ocrx_word' id='word_1_396' title='bbox 1108 1804 1238 1853; x_wconf 84' lang='lat' dir='ltr'>abripit,</span> <span class='ocrx_word' id='word_1_397' title='bbox 1253 1807 1331 1842; x_wconf 90' lang='lat' dir='ltr'>dum</span> <span class='ocrx_word' id='word_1_398' title='bbox 1345 1818 1457 1842; x_wconf 83' lang='lat' dir='ltr'>tenues</span> 
     </span>
     <span class='ocr_line' id='line_1_36' title="bbox 65 1853 1457 1903; baseline 0 -15"><span class='ocrx_word' id='word_1_399' title='bbox 65 1853 229 1900; x_wconf 85' lang='lat' dir='ltr'>particulae</span> <span class='ocrx_word' id='word_1_400' title='bbox 243 1853 282 1888; x_wconf 84' lang='lat' dir='ltr'>ad</span> <span class='ocrx_word' id='word_1_401' title='bbox 300 1853 498 1901; x_wconf 87' lang='lat' dir='ltr'>superficiem</span> <span class='ocrx_word' id='word_1_402' title='bbox 515 1854 637 1889; x_wconf 64' lang='lat' dir='ltr'>eveaae</span> <span class='ocrx_word' id='word_1_403' title='bbox 648 1884 658 1897; x_wconf 91' lang='lat'>‚</span> <span class='ocrx_word' id='word_1_404' title='bbox 677 1859 710 1891; x_wconf 71' lang='grc' dir='ltr'>δε</span> <span class='ocrx_word' id='word_1_405' title='bbox 726 1866 799 1888; x_wconf 86' lang='lat' dir='ltr'>cum</span> <span class='ocrx_word' id='word_1_406' title='bbox 809 1866 893 1903; x_wconf 87' lang='lat' dir='ltr'>aqua</span> <span class='ocrx_word' id='word_1_407' title='bbox 908 1855 1062 1902; x_wconf 84' lang='lat' dir='ltr'>permistae</span> <span class='ocrx_word' id='word_1_408' title='bbox 1074 1854 1218 1889; x_wconf 88' lang='lat' dir='ltr'>colorem</span> <span class='ocrx_word' id='word_1_409' title='bbox 1235 1854 1347 1890; x_wconf 86' lang='lat' dir='ltr'>album</span> <span class='ocrx_word' id='word_1_410' title='bbox 1375 1867 1457 1903; x_wconf 84' lang='lat' dir='ltr'>ptae-</span> 
     </span>
     <span class='ocr_line' id='line_1_37' title="bbox 68 1901 1459 1952; baseline 0.001 -16"><span class='ocrx_word' id='word_1_411' title='bbox 68 1901 160 1940; x_wconf 89' lang='lat' dir='ltr'>bent.</span> <span class='ocrx_word' id='word_1_412' title='bbox 173 1902 256 1939; x_wconf 85' lang='lat' dir='ltr'>Tela</span> <span class='ocrx_word' id='word_1_413' title='bbox 270 1904 335 1936; x_wconf 89' lang='lat' dir='ltr'>aeri</span> <span class='ocrx_word' id='word_1_414' title='bbox 347 1902 501 1949; x_wconf 79' lang='lat' dir='ltr'>exposita,</span> <span class='ocrx_word' id='word_1_415' title='bbox 517 1902 537 1938; x_wconf 88' lang='lat' dir='ltr'>fi</span> <span class='ocrx_word' id='word_1_416' title='bbox 551 1903 727 1939; x_wconf 85' lang='lat' dir='ltr'>identidem</span> <span class='ocrx_word' id='word_1_417' title='bbox 740 1915 821 1951; x_wconf 81' lang='lat' dir='ltr'>aqua</span> <span class='ocrx_word' id='word_1_418' title='bbox 832 1914 887 1938; x_wconf 90' lang='lat' dir='ltr'>aut</span> <span class='ocrx_word' id='word_1_419' title='bbox 903 1916 975 1938; x_wconf 89' lang='lat' dir='ltr'>tore</span> <span class='ocrx_word' id='word_1_420' title='bbox 995 1916 1062 1939; x_wconf 87' lang='lat' dir='ltr'>non</span> <span class='ocrx_word' id='word_1_421' title='bbox 1073 1902 1232 1938; x_wconf 77' lang='lat' dir='ltr'>madescat</span> <span class='ocrx_word' id='word_1_422' title='bbox 1243 1932 1253 1946; x_wconf 89' lang='lat'>‚</span> <span class='ocrx_word' id='word_1_423' title='bbox 1277 1904 1311 1939; x_wconf 89' lang='lat' dir='ltr'>hi</span> <span class='ocrx_word' id='word_1_424' title='bbox 1332 1903 1459 1952; x_wconf 76' lang='lat' dir='ltr'>globuli</span> 
     </span>
     <span class='ocr_line' id='line_1_38' title="bbox 67 1950 1459 2000; baseline 0.002 -15"><span class='ocrx_word' id='word_1_425' title='bbox 67 1953 123 1998; x_wconf 89' lang='lat' dir='ltr'>qui</span> <span class='ocrx_word' id='word_1_426' title='bbox 137 1951 311 1986; x_wconf 89' lang='lat' dir='ltr'>candorem</span> <span class='ocrx_word' id='word_1_427' title='bbox 322 1950 465 1987; x_wconf 86' lang='lat' dir='ltr'>efficiunt</span> <span class='ocrx_word' id='word_1_428' title='bbox 480 1964 572 1999; x_wconf 85' lang='lat' dir='ltr'>aquae</span> <span class='ocrx_word' id='word_1_429' title='bbox 588 1951 766 1988; x_wconf 82' lang='lat' dir='ltr'>difflatione</span> <span class='ocrx_word' id='word_1_430' title='bbox 777 1951 1021 2000; x_wconf 84' lang='lat' dir='ltr'>disrumpentur.</span> <span class='ocrx_word' id='word_1_431' title='bbox 1043 1954 1095 1988; x_wconf 89' lang='lat' dir='ltr'>Sic</span> <span class='ocrx_word' id='word_1_432' title='bbox 1111 1951 1225 1987; x_wconf 76' lang='lat' dir='ltr'>charta:</span> <span class='ocrx_word' id='word_1_433' title='bbox 1241 1954 1322 1988; x_wconf 82' lang='lat' dir='ltr'>intra</span> <span class='ocrx_word' id='word_1_434' title='bbox 1340 1952 1459 1988; x_wconf 83' lang='lat' dir='ltr'>librum</span> 
     </span>
     <span class='ocr_line' id='line_1_39' title="bbox 68 2000 1460 2048; baseline 0.002 -14"><span class='ocrx_word' id='word_1_435' title='bbox 68 2000 209 2035; x_wconf 82' lang='lat' dir='ltr'>conditae</span> <span class='ocrx_word' id='word_1_436' title='bbox 230 2011 300 2046; x_wconf 81' lang='lat' dir='ltr'>pars</span> <span class='ocrx_word' id='word_1_437' title='bbox 326 2012 396 2046; x_wconf 84' lang='lat' dir='ltr'>quae</span> <span class='ocrx_word' id='word_1_438' title='bbox 410 2003 476 2035; x_wconf 87' lang='lat' dir='ltr'>aeri</span> <span class='ocrx_word' id='word_1_439' title='bbox 490 2002 660 2047; x_wconf 82' lang='lat' dir='ltr'>exponitur</span> <span class='ocrx_word' id='word_1_440' title='bbox 669 2003 735 2035; x_wconf 92' lang='lat' dir='ltr'>cito</span> <span class='ocrx_word' id='word_1_441' title='bbox 750 2000 905 2037; x_wconf 84' lang='lat' dir='ltr'>flavescit.</span> <span class='ocrx_word' id='word_1_442' title='bbox 933 2003 1023 2037; x_wconf 87' lang='lat' dir='ltr'>Hinc</span> <span class='ocrx_word' id='word_1_443' title='bbox 1043 2003 1141 2036; x_wconf 86' lang='lat' dir='ltr'>etiam</span> <span class='ocrx_word' id='word_1_444' title='bbox 1153 2000 1274 2048; x_wconf 82' lang='lat' dir='ltr'>segetes</span> <span class='ocrx_word' id='word_1_445' title='bbox 1287 2007 1321 2039; x_wconf 89' lang='lat'>&amp;</span> <span class='ocrx_word' id='word_1_446' title='bbox 1336 2001 1460 2038; x_wconf 69' lang='lat' dir='ltr'>ftutstus</span> 
     </span>
     <span class='ocr_line' id='line_1_40' title="bbox 70 2047 1458 2097; baseline 0.002 -15"><span class='ocrx_word' id='word_1_447' title='bbox 70 2060 155 2096; x_wconf 89' lang='lat' dir='ltr'>pene</span> <span class='ocrx_word' id='word_1_448' title='bbox 165 2059 278 2083; x_wconf 89' lang='lat' dir='ltr'>omnes</span> <span class='ocrx_word' id='word_1_449' title='bbox 289 2059 363 2082; x_wconf 87' lang='lat' dir='ltr'>cum</span> <span class='ocrx_word' id='word_1_450' title='bbox 376 2047 591 2083; x_wconf 85' lang='lat' dir='ltr'>maturescunt</span> <span class='ocrx_word' id='word_1_451' title='bbox 602 2076 613 2091; x_wconf 91' lang='lat'>‚</span> <span class='ocrx_word' id='word_1_452' title='bbox 625 2047 714 2083; x_wconf 88' lang='lat' dir='ltr'>flavo</span> <span class='ocrx_word' id='word_1_453' title='bbox 731 2048 839 2083; x_wconf 90' lang='lat' dir='ltr'>colore</span> <span class='ocrx_word' id='word_1_454' title='bbox 853 2051 1036 2096; x_wconf 82' lang='lat' dir='ltr'>tinguntur,</span> <span class='ocrx_word' id='word_1_455' title='bbox 1051 2061 1125 2083; x_wconf 88' lang='lat' dir='ltr'>cum</span> <span class='ocrx_word' id='word_1_456' title='bbox 1141 2048 1248 2084; x_wconf 91' lang='lat' dir='ltr'>succus</span> <span class='ocrx_word' id='word_1_457' title='bbox 1260 2048 1395 2097; x_wconf 84' lang='lat' dir='ltr'>aquosus</span> <span class='ocrx_word' id='word_1_458' title='bbox 1408 2062 1458 2085; x_wconf 87' lang='lat' dir='ltr'>oc-</span> 
     </span>
     <span class='ocr_line' id='line_1_41' title="bbox 69 2094 1459 2144; baseline 0.001 -13"><span class='ocrx_word' id='word_1_459' title='bbox 69 2095 159 2132; x_wconf 79' lang='lat' dir='ltr'>clusis</span> <span class='ocrx_word' id='word_1_460' title='bbox 175 2094 334 2132; x_wconf 86' lang='lat' dir='ltr'>meatibus</span> <span class='ocrx_word' id='word_1_461' title='bbox 352 2108 419 2131; x_wconf 92' lang='lat' dir='ltr'>non</span> <span class='ocrx_word' id='word_1_462' title='bbox 430 2095 525 2132; x_wconf 88' lang='lat' dir='ltr'>subit.</span> <span class='ocrx_word' id='word_1_463' title='bbox 537 2097 589 2130; x_wconf 90' lang='lat' dir='ltr'>Sic</span> <span class='ocrx_word' id='word_1_464' title='bbox 602 2095 708 2144; x_wconf 88' lang='lat' dir='ltr'>capilli</span> <span class='ocrx_word' id='word_1_465' title='bbox 721 2098 753 2132; x_wconf 89' lang='lat' dir='ltr'>in</span> <span class='ocrx_word' id='word_1_466' title='bbox 766 2095 929 2132; x_wconf 66' lang='lat' dir='ltr'>sene&amp;ute</span> <span class='ocrx_word' id='word_1_467' title='bbox 939 2097 1020 2132; x_wconf 88' lang='lat' dir='ltr'>fiunt</span> <span class='ocrx_word' id='word_1_468' title='bbox 1030 2097 1178 2140; x_wconf 83' lang='lat' dir='ltr'>candidi,</span> <span class='ocrx_word' id='word_1_469' title='bbox 1199 2099 1287 2144; x_wconf 92' lang='lat' dir='ltr'>quod</span> <span class='ocrx_word' id='word_1_470' title='bbox 1303 2097 1408 2133; x_wconf 81' lang='lat' dir='ltr'>succus</span> <span class='ocrx_word' id='word_1_471' title='bbox 1420 2098 1459 2133; x_wconf 81' lang='lat' dir='ltr'>il-</span> 
     </span>
     <span class='ocr_line' id='line_1_42' title="bbox 71 2142 1460 2197; baseline 0.001 -17"><span class='ocrx_word' id='word_1_472' title='bbox 71 2145 103 2180; x_wconf 86' lang='lat' dir='ltr'>le</span> <span class='ocrx_word' id='word_1_473' title='bbox 118 2147 174 2192; x_wconf 88' lang='lat' dir='ltr'>qui</span> <span class='ocrx_word' id='word_1_474' title='bbox 184 2157 294 2179; x_wconf 87' lang='lat' dir='ltr'>eorum</span> <span class='ocrx_word' id='word_1_475' title='bbox 305 2142 401 2180; x_wconf 84' lang='lat' dir='ltr'>fibras</span> <span class='ocrx_word' id='word_1_476' title='bbox 417 2143 576 2192; x_wconf 83' lang='lat' dir='ltr'>implebat</span> <span class='ocrx_word' id='word_1_477' title='bbox 586 2174 595 2189; x_wconf 88' lang='lat'><em>‚</em></span> <span class='ocrx_word' id='word_1_478' title='bbox 606 2149 641 2183; x_wconf 91' lang='lat'>&amp;</span> <span class='ocrx_word' id='word_1_479' title='bbox 654 2156 743 2181; x_wconf 90' lang='lat' dir='ltr'>certo</span> <span class='ocrx_word' id='word_1_480' title='bbox 757 2144 866 2181; x_wconf 84' lang='lat' dir='ltr'>colore</span> <span class='ocrx_word' id='word_1_481' title='bbox 879 2144 1055 2190; x_wconf 86' lang='lat' dir='ltr'>inficiebat,</span> <span class='ocrx_word' id='word_1_482' title='bbox 1065 2151 1132 2194; x_wconf 83' lang='lat' dir='ltr'>jam</span> <span class='ocrx_word' id='word_1_483' title='bbox 1151 2145 1241 2192; x_wconf 84' lang='lat' dir='ltr'>defit,</span> <span class='ocrx_word' id='word_1_484' title='bbox 1251 2153 1283 2185; x_wconf 71' lang='grc' dir='ltr'>δε</span> <span class='ocrx_word' id='word_1_485' title='bbox 1293 2160 1358 2197; x_wconf 87' lang='lat' dir='ltr'>prae</span> <span class='ocrx_word' id='word_1_486' title='bbox 1368 2158 1460 2182; x_wconf 87' lang='lat' dir='ltr'>mea-</span> 
     </span>
     <span class='ocr_line' id='line_1_43' title="bbox 73 2192 697 2242; baseline 0 -13"><span class='ocrx_word' id='word_1_487' title='bbox 73 2205 166 2229; x_wconf 89' lang='lat' dir='ltr'>tuum</span> <span class='ocrx_word' id='word_1_488' title='bbox 175 2193 316 2242; x_wconf 79' lang='lat' dir='ltr'>angustia</span> <span class='ocrx_word' id='word_1_489' title='bbox 328 2205 379 2227; x_wconf 87' lang='lat' dir='ltr'>eas</span> <span class='ocrx_word' id='word_1_490' title='bbox 393 2192 495 2229; x_wconf 87' lang='lat' dir='ltr'>subire</span> <span class='ocrx_word' id='word_1_491' title='bbox 510 2206 577 2228; x_wconf 89' lang='lat' dir='ltr'>non</span> <span class='ocrx_word' id='word_1_492' title='bbox 589 2193 697 2242; x_wconf 84' lang='lat' dir='ltr'>possit.</span> 
     </span>
    </p>

    <p class='ocr_par' dir='ltr' id='par_1_7' title="bbox 71 2241 1460 2388">
     <span class='ocr_line' id='line_1_44' title="bbox 104 2241 1460 2292; baseline -0.001 -12"><span class='ocrx_word' id='word_1_493' title='bbox 104 2243 279 2280; x_wconf 85' lang='lat' dir='ltr'>Terresttia</span> <span class='ocrx_word' id='word_1_494' title='bbox 289 2241 472 2279; x_wconf 86' lang='lat' dir='ltr'>&amp;sulfurea</span> <span class='ocrx_word' id='word_1_495' title='bbox 486 2255 620 2291; x_wconf 89' lang='lat' dir='ltr'>corpora</span> <span class='ocrx_word' id='word_1_496' title='bbox 631 2242 819 2280; x_wconf 89' lang='lat' dir='ltr'>vehementi</span> <span class='ocrx_word' id='word_1_497' title='bbox 836 2242 944 2279; x_wconf 84' lang='lat' dir='ltr'>calore</span> <span class='ocrx_word' id='word_1_498' title='bbox 964 2243 1156 2292; x_wconf 88' lang='lat' dir='ltr'>plerumque</span> <span class='ocrx_word' id='word_1_499' title='bbox 1168 2242 1286 2280; x_wconf 88' lang='lat' dir='ltr'>rubent</span> <span class='ocrx_word' id='word_1_500' title='bbox 1302 2271 1311 2285; x_wconf 82' lang='grc'>,</span> <span class='ocrx_word' id='word_1_501' title='bbox 1326 2255 1363 2279; x_wconf 88' lang='lat' dir='ltr'>ut</span> <span class='ocrx_word' id='word_1_502' title='bbox 1377 2254 1460 2279; x_wconf 83' lang='lat' dir='ltr'>terra</span> 
     </span>
     <span class='ocr_line' id='line_1_45' title="bbox 72 2290 1460 2340; baseline 0.001 -13"><span class='ocrx_word' id='word_1_503' title='bbox 72 2305 112 2327; x_wconf 89' lang='lat' dir='ltr'>ex</span> <span class='ocrx_word' id='word_1_504' title='bbox 123 2305 185 2339; x_wconf 89' lang='lat' dir='ltr'>qua</span> <span class='ocrx_word' id='word_1_505' title='bbox 196 2291 311 2326; x_wconf 86' lang='lat' dir='ltr'>lateres</span> <span class='ocrx_word' id='word_1_506' title='bbox 324 2290 537 2326; x_wconf 89' lang='lat' dir='ltr'>conficiuntur</span> <span class='ocrx_word' id='word_1_507' title='bbox 549 2306 556 2326; x_wconf 74' lang='grc' dir='ltr'><strong><em>ς</em></strong></span> <span class='ocrx_word' id='word_1_508' title='bbox 570 2290 666 2327; x_wconf 89' lang='lat' dir='ltr'>sulfur</span> <span class='ocrx_word' id='word_1_509' title='bbox 677 2292 776 2340; x_wconf 89' lang='lat' dir='ltr'>ipsum</span> <span class='ocrx_word' id='word_1_510' title='bbox 790 2306 862 2328; x_wconf 89' lang='lat' dir='ltr'>cum</span> <span class='ocrx_word' id='word_1_511' title='bbox 875 2294 1035 2327; x_wconf 89' lang='lat' dir='ltr'>mercurio</span> <span class='ocrx_word' id='word_1_512' title='bbox 1048 2293 1172 2327; x_wconf 87' lang='lat' dir='ltr'>mistum</span> <span class='ocrx_word' id='word_1_513' title='bbox 1181 2321 1191 2335; x_wconf 95' lang='lat'><em>‚</em></span> <span class='ocrx_word' id='word_1_514' title='bbox 1211 2297 1245 2329; x_wconf 90' lang='lat'>&amp;</span> <span class='ocrx_word' id='word_1_515' title='bbox 1254 2290 1460 2328; x_wconf 73' lang='lat' dir='ltr'>fiiblimatum</span> 
     </span>
     <span class='ocr_line' id='line_1_46' title="bbox 71 2338 1459 2388; baseline -0.001 -13"><span class='ocrx_word' id='word_1_516' title='bbox 71 2343 104 2375; x_wconf 86' lang='lat' dir='ltr'>in</span> <span class='ocrx_word' id='word_1_517' title='bbox 115 2339 315 2375; x_wconf 80' lang='lat' dir='ltr'>cinnabarim</span> <span class='ocrx_word' id='word_1_518' title='bbox 326 2338 457 2375; x_wconf 86' lang='lat' dir='ltr'>rubram</span> <span class='ocrx_word' id='word_1_519' title='bbox 469 2339 550 2375; x_wconf 88' lang='lat' dir='ltr'>abit.</span> <span class='ocrx_word' id='word_1_520' title='bbox 564 2342 617 2376; x_wconf 85' lang='lat' dir='ltr'>Sic</span> <span class='ocrx_word' id='word_1_521' title='bbox 628 2339 801 2388; x_wconf 87' lang='lat' dir='ltr'>plumbum</span> <span class='ocrx_word' id='word_1_522' title='bbox 816 2342 1007 2377; x_wconf 80' lang='lat' dir='ltr'>calcinatum</span> <span class='ocrx_word' id='word_1_523' title='bbox 1023 2343 1057 2376; x_wconf 87' lang='lat' dir='ltr'>in</span> <span class='ocrx_word' id='word_1_524' title='bbox 1075 2343 1209 2376; x_wconf 89' lang='lat' dir='ltr'>minium</span> <span class='ocrx_word' id='word_1_525' title='bbox 1225 2340 1362 2378; x_wconf 87' lang='lat' dir='ltr'>facessit.</span> <span class='ocrx_word' id='word_1_526' title='bbox 1377 2344 1459 2377; x_wconf 82' lang='lat' dir='ltr'>Ean-</span> 
     </span>
    </p>
   </div>
   <div class='ocr_carea' id='block_1_2' title="bbox 67 2388 1460 2489">
    <p class='ocr_par' dir='ltr' id='par_1_8' title="bbox 67 2388 1460 2489">
     <span class='ocr_line' id='line_1_47' title="bbox 67 2388 1460 2476; baseline 0 -52"><span class='ocrx_word' id='word_1_527' title='bbox 67 2389 144 2426; x_wconf 88' lang='lat' dir='ltr'>dem</span> <span class='ocrx_word' id='word_1_528' title='bbox 154 2388 198 2426; x_wconf 90' lang='lat' dir='ltr'>ob</span> <span class='ocrx_word' id='word_1_529' title='bbox 214 2391 381 2473; x_wconf 42' lang='lat' dir='ltr'>rgt-ionerli}</span> <span class='ocrx_word' id='word_1_530' title='bbox 395 2388 492 2425; x_wconf 88' lang='lat' dir='ltr'>flores</span> <span class='ocrx_word' id='word_1_531' title='bbox 506 2390 603 2428; x_wconf 84' lang='lat' dir='ltr'>verni</span> <span class='ocrx_word' id='word_1_532' title='bbox 621 2402 741 2440; x_wconf 85' lang='lat' dir='ltr'>magna</span> <span class='ocrx_word' id='word_1_533' title='bbox 753 2402 792 2427; x_wconf 79' lang='lat' dir='ltr'>ex</span> <span class='ocrx_word' id='word_1_534' title='bbox 803 2402 896 2441; x_wconf 86' lang='lat' dir='ltr'>parte</span> <span class='ocrx_word' id='word_1_535' title='bbox 914 2388 985 2427; x_wconf 88' lang='lat' dir='ltr'>sunt</span> <span class='ocrx_word' id='word_1_536' title='bbox 995 2388 1120 2427; x_wconf 87' lang='lat' dir='ltr'>caerulei</span> <span class='ocrx_word' id='word_1_537' title='bbox 1127 2417 1140 2435; x_wconf 88' lang='lat'>,</span> <span class='ocrx_word' id='word_1_538' title='bbox 1150 2401 1205 2476; x_wconf 62' lang='grc' dir='ltr'>ἓπ</span> <span class='ocrx_word' id='word_1_539' title='bbox 1218 2394 1368 2438; x_wconf 82' lang='lat' dir='ltr'>purpurei</span> <span class='ocrx_word' id='word_1_540' title='bbox 1382 2419 1392 2435; x_wconf 82' lang='grc'>,</span> <span class='ocrx_word' id='word_1_541' title='bbox 1407 2389 1460 2426; x_wconf 83' lang='lat' dir='ltr'>sed</span> 
     </span>
     <span class='ocr_line' id='line_1_48' title="bbox 262 2451 1286 2489; baseline 0.006 -18"><span class='ocrx_word' id='word_1_542' title='bbox 262 2451 323 2475; x_wconf 89' lang='lat' dir='ltr'>om.</span> <span class='ocrx_word' id='word_1_543' title='bbox 382 2465 391 2475; x_wconf 80' lang='lat'><strong>·</strong></span> <span class='ocrx_word' id='word_1_544' title='bbox 1149 2479 1152 2482; x_wconf 59' lang='grc'><em>,</em></span> <span class='ocrx_word' id='word_1_545' title='bbox 1205 2451 1225 2489; x_wconf 81' lang='lat' dir='ltr'><strong>g</strong></span> <span class='ocrx_word' id='word_1_546' title='bbox 1234 2452 1286 2489; x_wconf 82' lang='lat' dir='ltr'>gg</span> 
     </span>
    </p>
   </div>
  </div>
 </body>
</html>
