1878 2724
297 120 336 164 78
597 112 898 151 PHYSICAE
951 113 1375 157 GENERALIS

300 162 388 201 calor
401 194 412 209 ,
437 175 545 200 motus
562 193 572 208 ‚
594 164 743 199 celeritas
758 193 769 208 ,
792 169 826 200 &
843 174 984 212 praeceps
1002 162 1179 199 volatilitas
1203 169 1295 213 juxta
1311 162 1533 199 conveniant:
1555 173 1629 199 cum
1639 175 1711 200 am-

299 214 348 250 bo
359 227 453 263 aeque
470 213 530 249 fint
542 214 609 260 igni
620 213 742 261 pabulo
755 230 763 256 3
779 211 866 246 adeo
875 222 910 245 ut
921 209 1043 259 spiritus
1055 213 1135 249 nihil
1148 212 1184 248 sit
1195 212 1249 248 nifi
1259 226 1331 262 pars
1349 213 1414 248 olei
1429 210 1587 249 subtilior.

341 267 412 298 Imo
424 262 505 298 nihil
523 260 727 310 probabilius
742 262 784 296 est
802 289 812 305 ,
832 259 934 309 quam
946 261 1007 294 tria
1025 261 1080 296 illa
1089 264 1247 310 principia
1267 262 1332 299 sola
1354 264 1495 312 partium
1515 262 1643 298 texutrfi
1663 264 1711 297 in-

304 324 353 349 ter
369 311 399 347 se
411 311 541 346 differre
553 339 563 353 ‚
576 322 683 358 neque
696 340 705 354 ‚
719 323 755 346 ut
765 322 846 360 puto
861 339 871 354 ,
892 308 1003 345 oleum
1018 308 1038 345 ὲ
1061 309 1175 360 spiritu
1193 310 1322 347 diffidet
1334 341 1345 355 ‚
1363 311 1418 348 nisi
1433 312 1521 359 quod
1534 311 1631 360 longa
1643 311 1711 346 fer-

303 363 510 399 mentatione
529 370 635 407 partes
651 359 718 395 olei
739 359 800 396 fint
820 358 956 396 concisae
973 387 982 401 ,
1008 371 1045 394 ac
1058 360 1143 396 forte
1158 359 1385 396 minutioribus
1398 360 1529 396 ramulis
1544 362 1712 405 instruent,

306 413 408 447 minus
425 408 613 443 adhaereant
623 409 816 459 corporibus
837 438 847 453 ‚
869 414 903 445 &
915 406 1043 444 facilius
1057 410 1204 446 avolent.
1222 411 1310 444 Rem
1325 411 1371 444 ita
1390 409 1449 444 esse
1461 410 1539 445 hinc
1552 409 1628 445 licet
1642 409 1713 444 col-

307 460 408 508 ligere
422 488 432 504 ‚
449 457 541 506 quod
551 470 589 492 ex
603 458 723 506 plantis
737 489 747 504 ‚
763 470 818 495 aut
840 457 937 493 succis
958 469 1036 493 ante
1053 459 1342 495 fermentationem
1365 458 1506 494 multum
1520 457 1607 503 olei,
1626 459 1697 494 nihi

306 519 363 544 aut
374 519 547 557 perparum
561 505 688 555 spiritus
710 526 720 554 ς
737 509 810 558 post
825 507 1120 545 fermentationem
1133 521 1247 558 parum
1262 507 1328 544 olei
1343 536 1353 552 ,
1363 507 1507 544 multum
1517 506 1641 556 spiritus
1650 508 1712 544 eli·

309 569 421 593 cratur.

344 608 429 655 Qae
459 609 494 643 in
521 607 718 644 contrarium
741 608 866 657 opponi
889 605 1018 650 solent,
1044 606 1159 656 postea
1172 606 1348 644 viderimus
1370 635 1381 651 ,
1412 617 1498 644 nunc
1519 604 1598 640 illud
1616 617 1717 641 excu..

311 658 457 693 tiendum
473 686 484 702 ,
514 670 556 694 an
579 655 820 705 Chymicorum
843 658 1006 707 principia
1029 655 1088 694 fint
1107 656 1184 694 astu
1203 660 1236 694 in
1256 658 1367 694 mixtis
1399 653 1590 706 corporibus
1609 684 1621 700 ,
1654 655 1723 691 sal*

309 717 379 742 tem
406 718 443 744 ut
472 707 598 756 reliqua
626 705 808 744 elementa..

826 807 974 845 Secunda
995 806 1166 854 Conclusio·

350 906 512 954 Principia
524 904 763 955 Chymicotum
776 918 843 941 non
860 903 932 940 sunt
948 905 1024 940 astu
1038 906 1071 940 in
1081 905 1191 940 mixtis
1205 934 1216 949 ,
1241 915 1278 939 ea
1293 904 1420 951 forma,
1440 917 1576 942 numero
1590 933 1600 949 ‚
1622 904 1725 951 statu,

315 956 348 990 in
365 967 430 1002 quo
442 954 587 1004 separata
601 954 841 1004 conspiciuntur
857 969 865 991 ι
887 953 940 989 sed
957 956 1040 1003 ignis
1051 966 1170 1003 magna
1182 966 1221 989 ex
1232 966 1326 1003 parte
1337 967 1374 990 ea
1384 966 1544 1004 procreat.

353 1002 515 1040 Probdmc
525 1005 622 1041 concl.
636 1007 725 1041 Nam
741 1016 846 1054 partes
861 1005 955 1040 mixti
965 1005 1110 1052 corporis
1126 1005 1158 1037 vi
1179 1005 1279 1052 ignis,
1298 1017 1413 1040 mutuo
1429 1007 1541 1040 attritu
1554 1002 1723 1039 collidun-

317 1063 368 1088 tut
387 1082 397 1097 ,
416 1065 451 1088 ut
465 1052 602 1102 figuram
613 1084 622 1098 ‚
638 1060 672 1092 ὃς
685 1066 848 1090 texturam
859 1064 986 1089 mutent
997 1083 1008 1097 ‚
1027 1065 1088 1089 nec
1103 1053 1218 1087 eadem
1233 1053 1367 1088 demum
1384 1054 1493 1089 forma
1509 1053 1540 1088 se
1553 1052 1692 1101 prodant
1706 1081 1717 1096 ‚

343 1114 416 1136 uam
431 1102 615 1138 habuerunt
628 1105 663 1139 in
674 1107 786 1139 mixto
795 1115 944 1151 corpore.
959 1104 1049 1138 Hinc
1067 1101 1111 1136 fit.
1126 1113 1163 1136 ut
1179 1115 1245 1137 non
1266 1105 1326 1137 tria
1341 1113 1468 1138 tantum
1484 1113 1541 1137 aut
1553 1103 1725 1149 quinque,-

317 1114 372 1186 sled
391 1151 644 1186 innumerabilia
658 1164 743 1200 pene
764 1154 922 1200 principia
939 1162 1117 1199 emergant.
1140 1151 1275 1198 Qanta
1288 1153 1377 1188 enim
1392 1154 1432 1187 in
1442 1149 1556 1186 salibus
1571 1148 1642 1198 ipfis
1663 1163 1720 1186 va-

318 1203 436 1235 rietas?
457 1200 514 1235 alii
532 1200 602 1236 sunt
614 1200 688 1245 fixi,
705 1201 759 1236 alii
774 1200 943 1243 volatile53
956 1200 1013 1235 alii
1030 1202 1065 1236 vi
1076 1200 1226 1243 caustica,
1245 1205 1400 1237 &urente
1419 1201 1582 1236 donantur
1599 1228 1610 1243 ,
1632 1211 1668 1234 ut
1676 1198 1726 1235 sal'>

318 1249 460 1292 fraxini3
485 1248 542 1284 alii
561 1262 627 1284 non
644 1252 746 1286 item:
764 1262 873 1297 neque
885 1250 974 1284 idem
987 1247 1029 1284 sal
1050 1261 1088 1283 ex
1110 1248 1269 1292 metallis,
1294 1250 1382 1284 idem
1401 1261 1441 1283 ex
1450 1249 1567 1297 plantis
1578 1248 1723 1285 elicitury

312 1299 391 1346 jam
411 1309 532 1345 quanta
550 1300 583 1334 in
598 1297 744 1344 sulphure
757 1297 824 1347 ipso
834 1297 999 1334 diversitas
1013 1308 1023 1334 Ξ
1043 1297 1130 1332 aliud
1149 1297 1195 1331 est
1204 1303 1377 1345 purum,&
1393 1309 1488 1333 tenue
1502 1327 1512 1342 ‚
1523 1297 1614 1346 quod
1630 1309 1721 1345 aqua:

321 1350 451 1382 innatat
465 1346 570 1391 3aliud
581 1346 712 1383 craffum
722 1377 732 1392 ,
751 1350 879 1396 nigrum
893 1377 904 1393 ‚
921 1352 955 1385 &
964 1346 1122 1383 bitumini
1135 1344 1234 1382 fimile
1244 1376 1257 1392 ,
1286 1347 1376 1395 quod
1394 1359 1513 1397 magna
1526 1350 1558 1384 vi
1569 1348 1652 1396 ignis
1662 1358 1727 1382 ex-

321 1396 460 1432 tracium
473 1409 560 1444 aquae
577 1399 792 1446 immergitur.

363 1445 444 1480 Illud
456 1446 591 1493 quidem
602 1460 668 1482 non
680 1448 868 1496 negaverim
881 1475 891 1490 ‚
912 1446 1022 1483 oleum
1041 1444 1234 1494 plerumque
1252 1445 1328 1481 actu
1343 1447 1378 1481 in
1393 1443 1581 1494 corporibus
1600 1443 1698 1482 inesse
1708 1475 1729 1491 ,ff

322 1495 413 1545 quod
435 1494 613 1542 aliquando
641 1495 706 1531 sola
723 1495 923 1545 expreffione
941 1496 1088 1539 elicitur,
1107 1507 1142 1530 ut
1160 1508 1199 1530 ex
1220 1494 1414 1545 amygdalis.
1444 1497 1495 1530 Sic
1508 1494 1634 1543 spiritus
1652 1497 1721 1532 vini

323 1544 473 1588 scobem,
495 1543 547 1579 seu
561 1545 727 1592 pulverem
737 1548 879 1595 guajaci,
896 1556 950 1580 aut
966 1544 1096 1579 alterius
1109 1543 1191 1592 ligni
1209 1542 1432 1593 ponderosi'ita
1447 1543 1722 1588 diffolvitffltom..

323 1596 451 1642 nipene
463 1593 541 1628 oleo
550 1606 624 1628 eum
641 1606 738 1630 exuat
760 1609 768 1630 ε
792 1595 876 1629 adeo
892 1606 928 1629 ut
942 1594 1057 1643 postea
1074 1593 1186 1629 oleum
1201 1594 1411 1629 distillatione
1428 1593 1541 1629 frustra
1561 1606 1668 1630 tentes
1680 1607 1728 1630 ex

324 1644 439 1678 eadem
452 1641 547 1677 scobe
560 1655 617 1692 per
634 1642 780 1692 spiritum
791 1646 858 1679 vini
871 1639 1016 1678 diffoluta
1026 1642 1207 1679 extrahere.
1219 1644 1320 1687 Qod
1332 1643 1468 1692 quidem
1480 1642 1600 1692 probat
1611 1644 1722 1680 oleum

323 1694 399 1728 atstu
424 1691 522 1728 ineffe
546 1695 653 1728 mixtis
678 1692 891 1741 corporibus·,
909 1691 962 1726 sed
979 1691 1058 1726 illud
1075 1690 1137 1726 eise
1150 1694 1344 1740 principium
1361 1690 1481 1728 merito
1505 1696 1692 1741 negaverim
1711 1707 1729 1730 :2

325 1755 396 1777 cum
417 1744 449 1776 in
463 1753 579 1788 aquam
593 1770 604 1784 ,
632 1753 750 1776 terram
764 1770 774 1784 ,
795 1747 828 1778 δε
848 1741 946 1776 salem
957 1740 1143 1775 resolvatur.

371 1791 474 1826 Unde
484 1792 568 1824 vires
580 1790 674 1825 mixti
688 1789 836 1839 cujusque
847 1791 990 1838 corporis
1007 1791 1151 1824 maxime
1162 1791 1196 1824 in
1211 1788 1286 1824 oleo
1296 1788 1417 1834 insunt,
1430 1801 1465 1825 ut
1476 1791 1508 1825 in
1518 1788 1594 1825 oleo
1607 1791 1723 1825 cinna-

328 1841 430 1876 monii
442 1868 452 1882 ,
473 1852 504 1875 v.
518 1837 556 1872 de
574 1840 607 1872 la
620 1839 756 1879 canelle,
782 1841 858 1876 &in
873 1839 941 1873 aliis
954 1850 1085 1873 cernere
1100 1838 1158 1873 est.
1166 1840 1242 1894 Jam
1257 1837 1420 1887 spirituum
1431 1851 1553 1886 quanta
1570 1841 1721 1877 varietas2

326 1888 382 1923 alii
399 1887 468 1924 sunt
478 1887 724 1924 inflimmibil'es
735 1919 743 1933 ‚
753 1900 788 1924 ut
799 1888 922 1937 spiritus
932 1889 1022 1931 vini3
1033 1886 1085 1921 alii
1095 1898 1205 1922 tenues
1218 1893 1251 1925 ὃ(
1260 1888 1374 1923 aciduli
1385 1918 1397 1932 ‚
1416 1900 1454 1923 ut
1467 1891 1500 1924 in
1519 1891 1607 1924 cittis
1620 1894 1654 1926 &
1664 1902 1723 1936 po-

329 1940 390 1972 mis
407 1940 556 1972 aurantiis
570 1955 579 1982 3
592 1936 645 1972 alii
663 1937 828 1974 acidiffimi
840 1968 849 1982 ‚
860 1950 894 1974 ut
903 1937 1027 1986 spiritus
1038 1936 1160 1972 vitriol'i
1170 1967 1179 1981 ‚
1191 1940 1325 1982 nitri‚.&
1343 1937 1450 1973 salium
1462 1950 1547 1986 pene
1556 1939 1728 1975 omniurn.

330 1989 404 2024 Nec
418 1986 589 2034 probabile
608 1987 655 2022 est
675 1990 707 2023 in
724 1987 788 2023 sale
800 2017 809 2031 ‚
824 2000 880 2023 aut
900 1989 988 2023 nitro
1006 1986 1150 2035 spiritum
1163 1988 1245 2022 adeo
1259 1987 1386 2024 acidum
1396 1989 1535 2022 inveniri
1547 2017 1557 2031 ,
1585 1987 1637 2023 sed
1656 1991 1723 2036 ejus

330 2048 437 2086 partes
462 2038 543 2085 ignis
562 2039 596 2072 vi
621 2049 693 2073 eam
715 2037 852 2087 figuram
877 2035 1096 2086 adipiscuntur
1112 2065 1122 2081 ‚
1153 2050 1216 2085 qua
1243 2036 1350 2073 secare
1373 2043 1408 2075 δε
1428 2047 1600 2086 penetrare
1626 2037 1724 2074 facile.

331 2085 472 2134 polsunt.
1099 2120 1105 2125 .

369 2135 519 2181 Confirm.
534 2140 653 2173 nonita
666 2138 698 2170 vi
716 2138 798 2185 ignis
809 2135 925 2171 resolvi
934 2148 1069 2183 corpora
1081 2165 1090 2180 ‚
1112 2147 1147 2170 ut
1157 2148 1195 2171 ex
1206 2139 1242 2171 iis
1263 2138 1366 2185 prima
1379 2135 1542 2172 elementa
1552 2135 1723 2183 prodeant,

334 2184 385 2218 vel
400 2185 474 2220 hinc
491 2185 566 2222 licet
580 2186 735 2234 coll³gere
747 2215 757 2229 ,
775 2186 863 2233 quod
883 2198 916 2220 ut
925 2184 1172 2221 calorintenfior
1186 2187 1246 2230 est,
1261 2199 1317 2222 a-ut
1328 2184 1486 2221 remiffiot
1497 2215 1506 2229 ,
1524 2183 1636 2219 diversi
1647 2198 1726 2231 pro-

334 2234 411 2269 dant
424 2234 565 2281 liquores
579 2266 588 2280 ‚
615 2248 669 2271 aut
685 2234 773 2272 sales,
793 2238 842 2270 Sic
853 2234 975 2284 lignum
987 2233 1114 2270 occluso
1132 2235 1202 2270 vase
1212 2236 1394 2272 distillatum
1410 2247 1469 2270 nec
1483 2236 1605 2269 cineres
1617 2234 1725 2280 dabit,

336 2296 394 2317 nec
412 2283 600 2333 fuliginem3
614 2297 710 2332 atque
722 2297 758 2320 ex
775 2284 837 2333 ipsa
856 2285 992 2333 fuligine
1009 2284 1093 2321 &sal
1108 2285 1247 2321 volatilis
1261 2315 1269 2329 ,
1287 2292 1321 2323 δε
1335 2285 1459 2334 spiritus
1475 2295 1667 2327 penetrans,
1685 2291 1721 2322 &

338 2331 447 2367 oleum
466 2337 627 2380 prodeunt
638 2351 644 2371 :
657 2347 726 2382 quae
743 2334 917 2383 plurimum
931 2332 1081 2368 diffident
1092 2334 1133 2368 ab
1145 2336 1184 2368 iis
1194 2348 1262 2381 quae
1275 2333 1352 2369 vasis
1369 2331 1498 2368 occlusis
1518 2332 1687 2368 eliciuntur
1705 2335 1724 2370 ὲ

335 2380 443 2428 planta
457 2412 465 2426 ,
490 2385 543 2419 vel
563 2385 659 2434 ligno.
676 2387 790 2434 Itaque
803 2386 883 2434 ignis
897 2398 963 2421 non
978 2381 1082 2419 solum
1095 2384 1257 2422 dividit&
1272 2382 1402 2420 resolvit
1421 2396 1573 2432 corpora,
1589 2382 1643 2419 sed
1664 2396 1722 2420 va-
