1878 2724
420 167 475 200 314
740 151 996 189 PHYSICAE
1037 154 1201 191 PARS
1236 152 1523 192 SECUNDA.'
1844 195 1845 202 ἵ

460 206 570 251 Atque
581 204 665 237 inter
681 212 735 235 eos
751 201 896 249 planetas
908 213 935 236 ιῃ
956 204 1092 238 occurrit
1104 204 1194 237 Mars
1206 206 1262 250 qui
1272 205 1357 238 circa
1371 204 1470 239 solem
1486 203 1588 253 spatio
1608 204 1702 240 unius
1716 203 1793 243 anui
1802 220 1815 252 ,·
1864 238 1865 242 ,

419 253 534 286 decem
550 249 705 285 mensium
723 277 732 292 ,
749 256 782 287 δε
794 263 822 300 15
836 250 906 285 fere
915 251 1057 295 dierum,
1075 250 1139 286 five
1150 253 1184 286 in
1197 254 1380 288 excentrico
1393 282 1403 296 ,
1419 252 1526 290 sivein
1541 252 1643 301 ellipfi
1660 254 1748 290 suam
1757 268 1814 304 pe.

420 301 548 335 riodum
558 298 710 334 absolvit.
723 299 810 334 Illius
823 299 935 335 orbitae
945 302 1102 336 diameter
1116 300 1135 336 a
1149 313 1263 336 centro
1274 301 1346 337 solis
1361 305 1395 337 iu
1412 305 1537 339 tatione
1549 303 1620 338 fere
1630 317 1650 347 9
1661 304 1701 338 ad
1721 317 1733 339 1
1765 305 1817 341 di.

420 350 539 383 viditur
554 361 561 382 :
578 348 662 394 adeo
674 359 711 383 ut
721 361 790 396 pars
801 349 1025 398 illiuslongior
1042 349 1078 385 sit
1092 362 1119 384 11
1136 353 1273 399 partium
1284 379 1294 395 ,
1312 363 1445 397 quarum
1462 355 1569 388 minor
1587 364 1606 394 9
1625 365 1721 402 comp
1736 356 1816 390 effi-

420 409 479 433 tur.
496 397 597 444 Qod
609 399 722 443 utique
736 401 769 433 in
781 410 873 434 motu
887 401 1004 434 Martis
1021 399 1276 447 iiiaequalitatem
1297 398 1401 434 efficit
1419 428 1428 442 ‚
1443 413 1511 448 quae
1524 401 1565 435 ad
1580 415 1615 437 10
1629 401 1726 450 usque
1741 409 1822 452 gras

419 447 475 481 dus
487 460 562 481 cuni
571 445 691 481 semiffe
705 448 810 496 potest
820 459 995 484 excurrere.
1012 451 1181 485 Diameter
1192 447 1271 484 verb
1282 448 1398 484 orbitae
1411 452 1526 484 Martis
1543 452 1583 485 ad
1604 462 1746 486 annuum
1764 451 1817 487 so-
1846 455 1850 486 ἱ
1866 450 1867 455 ’

419 495 457 530 lis
469 525 478 539 ‚
492 507 547 530 aut
559 496 680 530 telluris
697 496 814 531 orbem
835 497 878 531 est
899 508 934 533 ut
949 512 961 544 3
976 498 1015 531 ad
1027 513 1042 534 2
1055 527 1063 542 ‚
1081 503 1115 535 δε
1126 497 1225 546 paulo
1237 498 1375 547 amplius
1387 526 1396 541 ‚
1421 500 1520 546 idque
1539 499 1645 534 multo
1658 505 1816 549 majorem
1846 491 1849 500 ’

418 548 451 580 in
464 556 556 580 motu
570 547 687 580 Martis
699 546 951 593 inaequalitatem
968 544 1089 593 efficit,
1106 559 1179 594 quae
1191 547 1231 581 ad
1246 549 1289 594 46
1302 577 1309 591 ,
1326 548 1376 583 vel
1391 562 1435 595 47
1452 549 1569 597 gradus
1584 549 1688 596 potest
1704 561 1818 597 pervef

418 596 489 629 nire
508 622 517 637 ,
534 605 570 628 ut
581 606 618 628 ex
633 596 670 628 iis
683 607 755 643 quae
768 594 851 630 infra
865 595 1007 631 dicemus
1018 626 1027 639 ,
1045 596 1186 644 intelligi
1199 607 1363 644 utcunque
1380 600 1501 645 poterit
1517 611 1525 633 :
1541 599 1660 645 quique
1680 597 1819 646 systema

418 644 595 691 Copernici
606 645 703 679 acrius
715 646 833 679 intueri
845 643 935 680 volet
946 674 955 689 ,
967 645 1063 682 facil&
1076 644 1246 695 perspiciet
1257 673 1266 689 ,
1283 657 1440 693 quantum
1450 648 1538 680 Mars
1549 645 1712 681 interdum
1725 646 1747 682 ὲ
1761 660 1819 682 no·

419 691 470 726 bis
484 693 576 728 distet
586 721 596 736 ,
607 705 764 740 quantum
775 692 914 729 viciffim
924 695 964 728 ad
974 707 1033 729 nos
1051 695 1203 730 accedat:
1220 695 1307 743 quod
1323 695 1400 729 citra
1413 707 1567 744 magnam
1584 698 1616 730 iu
1627 694 1709 731 illius
1722 707 1818 733 motu

419 742 671 790 inaequalitatem
699 742 769 778 fieri
787 756 854 777 non
870 744 986 791 potest.

465 803 509 827 20.
526 792 707 840 Apogaeum
718 821 727 835 ,
749 790 802 826 seu
811 794 956 827 maxima
968 794 1084 827 Martis
1096 792 1115 828 ἒι
1124 790 1188 827 sole
1199 791 1452 837 distantiamunc
1465 794 1602 842 primum
1616 794 1732 830 Leonis
1743 807 1818 844 gra-

419 840 496 874 dum
509 852 647 889 occupat
659 869 668 884 ‚
687 852 721 875 ut
732 843 866 875 minima
881 841 927 875 est
941 843 973 876 in
986 844 1092 889 primo
1111 844 1248 889 Aquarii
1265 843 1386 889 gradu:
1406 843 1700 891 atque-Apogaeum
1724 844 1813 880 lente

419 889 526 924 versus
540 891 703 925 orientem
716 888 756 924 fic
769 901 920 926 movetur
929 901 965 925 ut
977 904 1014 938 54
1026 903 1185 926 annorum
1204 890 1306 939 spatio
1317 892 1452 940 gradum
1466 903 1566 926 unum
1580 890 1751 929 conficiat..
1764 895 1816 928 Sic
1855 891 1856 894 ¹

419 940 536 973 Martis
554 938 661 973 orbita
675 938 860 986 eclipticam
879 938 961 974 secat
972 969 982 983 ,
1004 945 1038 976 &
1057 939 1212 988 angulum
1229 950 1302 974 cum
1318 953 1354 974 ea
1368 939 1469 975 efficit
1484 942 1573 976 unius
1592 942 1707 988 gradus
1731 947 1765 979 &
1779 958 1818 990 50

408 989 500 1022 .min.
512 989 614 1022 nodus
627 986 800 1023 ascendens
809 1017 819 1031 ,
830 999 995 1023 rit-vocant
1007 1018 1016 1032 ‚
1029 988 1079 1023 seu
1090 989 1250 1037 punctum
1260 988 1496 1024 interseffionis
1509 988 1651 1023 Borealis
1669 991 1766 1026 estin
1784 994 1825 1037 17'

419 1038 534 1080 Tauri,
546 1036 740 1072 descendens
752 1039 786 1071 in
801 1050 835 1081 ¹7
846 1037 946 1086 gradu
959 1039 1156 1086 Scorpionis,
1182 1039 1229 1072 Hi
1247 1038 1327 1073 nodi
1340 1035 1445 1073 versus
1461 1040 1622 1073 orientem
1633 1037 1672 1073 fic
1681 1052 1817 1076 moveri.

420 1097 471 1121 tur
485 1113 495 1129 ,
513 1097 549 1120 ut.
564 1097 662 1120 unum
676 1086 812 1134 gradum
823 1088 904 1121 intra
923 1101 965 1132 90
977 1099 1077 1122 annos
1092 1085 1280 1124 conficiant.

454 1142 486 1179 30
505 1134 594 1168 Cum
604 1136 720 1168 Martis
732 1133 839 1169 orbita
853 1134 925 1170 solis
935 1134 1015 1170 orbe
1025 1148 1133 1170 annuo
1143 1135 1179 1170 fit
1196 1140 1298 1184 major
1312 1165 1321 1179 ,
1337 1140 1372 1172 ὅ(
1392 1146 1509 1170 terram
1523 1134 1621 1184 ipsam
1645 1136 1817 1181 involvat,·
1856 1137 1860 1141 ’

417 1195 454 1218 ιιι
465 1196 504 1218 ex
515 1193 654 1230 utroque
665 1182 833 1232 systemate
848 1185 1025 1232 Copernici
1037 1190 1070 1221 &
1083 1184 1251 1234 Tychonis
1263 1184 1365 1232 liquet
1378 1212 1387 1226 ,
1408 1187 1498 1219 Mars
1509 1184 1675 1221 interdum
1687 1184 1742 1221 soli
1757 1198 1819 1234 op-

410 1231 539 1280 >positus
547 1232 679 1266 videtur
693 1261 702 1275 ,
725 1243 798 1267 cum
816 1232 936 1268 scilicet
951 1244 1042 1267 rerrae
1059 1234 1103 1268 est
1122 1235 1286 1281 proximus
1298 1262 1306 1277 ,
1324 1238 1357 1270 &
1372 1233 1435 1268 sole
1450 1233 1517 1282 ipso
1533 1235 1668 1282 propior
1689 1247 1697 1269 :
1725 1237 1817 1282 quod
1832 1254 1835 1255 ⁷

418 1281 504 1316 illius
515 1279 604 1314 orbis
618 1279 852 1316 semidiameter
865 1283 970 1317 minor
980 1279 1016 1316 fit
1028 1282 1188 1316 diametro
1199 1281 1287 1316 orbis
1298 1285 1399 1317 annui
1417 1296 1425 1318 :
1451 1293 1584 1330 tumque
1603 1284 1694 1317 Mars
1711 1283 1817 1318 multo
1858 1301 1859 1304 ¹

420 1334 524 1378 major
534 1328 631 1364 nobis
642 1329 773 1364 videtur
786 1359 796 1373 ,
817 1340 915 1378 atque
934 1330 1017 1365 illius
1032 1330 1189 1365 diameter
1210 1330 1280 1365 fere
1295 1330 1391 1378 triplo
1413 1336 1517 1380 maj0r
1537 1342 1673 1379 apparet
1689 1360 1698 1375 ‚
1715 1331 1816 1378 quam

418 1377 477 1413 ubi
495 1389 619 1413 tantum
634 1379 705 1413 fere
717 1378 736 1414 ὲ
753 1377 850 1414 nobis
867 1379 983 1422 distat,
997 1391 1154 1427 quantum
1169 1378 1214 1414 sol
1233 1379 1309 1428 ipse.
1327 1381 1418 1415 Nam
1438 1381 1470 1414 in
1485 1379 1688 1428 oppositione
1707 1381 1754 1416 est
1767 1380 1817 1416 se.-
1860 1416 1862 1419 ,

419 1429 587 1464 miminuti
596 1457 606 1471 ,
624 1427 677 1462 seu
691 1442 726 1474 30
736 1426 961 1465 secundorum:
972 1427 1026 1463 sed
1040 1443 1063 1464 rr
1072 1438 1199 1463 tantum
1209 1431 1333 1463 minuta
1347 1426 1484 1474 secunda
1495 1429 1816 1477 complectitur,cum

419 1477 464 1511 est
480 1479 516 1511 in
533 1476 648 1524 aequali
666 1486 737 1512 cum
757 1475 822 1511 sole
836 1483 857 1513 a.
873 1476 968 1513 nobis
985 1477 1134 1512 distantia
1148 1477 1251 1512 :adeo
1264 1488 1297 1512 ut
1310 1478 1350 1512 ad
1365 1477 1557 1512 diametrum
1567 1477 1640 1513 solis
1653 1490 1814 1527 apparen-
1862 1519 1864 1526 ι

421 1537 489 1560 tem
499 1528 544 1560 ita
554 1526 624 1560 fere
637 1525 668 1560 se
686 1525 808 1562 habeat
824 1537 859 1561 ut
873 1539 904 1573 15
922 1527 964 1560 ad
984 1528 1047 1563 166.
1063 1527 1211 1574 Cumque
1234 1527 1391 1561 diameter
1414 1525 1486 1560 solis
1509 1529 1633 1562 centies
1656 1526 1693 1561 s1t
1712 1532 1816 1575 major
1864 1568 1865 1571 Ἴ

420 1575 581 1609 diametro
594 1586 685 1609 terrae
696 1604 706 1618 ,
719 1576 791 1611 hinc
804 1574 885 1610 litut
895 1587 932 1610 ea
941 1575 978 1610 fit
995 1577 1078 1611 ratio
1088 1576 1234 1610 diametri
1244 1577 1360 1610 Martis
1374 1575 1414 1609 ad
1427 1575 1619 1611 diametrum
1630 1587 1731 1619 terrae,
1741 1589 1815 1623 quae
1862 1603 1865 1612 .

411 1635 477 1659 >100
490 1624 533 1658 ad
555 1636 567 1658 r
581 1628 600 1658 6
613 1625 649 1668 6,
668 1635 725 1660 aut
738 1639 751 1669 3
763 1624 803 1659 ad
813 1638 839 1671 5.
863 1627 976 1673 Qare
987 1637 1053 1661 non
1068 1634 1106 1659 ea.
1119 1624 1166 1658 est
1179 1627 1350 1672 proportio
1371 1626 1454 1659 inter
1474 1623 1677 1673 planetarum
1691 1628 1817 1674 magni-
1863 1630 1866 1658 ἓ

421 1674 570 1708 tudinem
583 1700 593 1716 ,
611 1685 680 1720 quae
691 1674 841 1709 distantiae
849 1674 892 1708 ad
902 1673 1015 1710 solem.
1029 1676 1118 1709 Mars
1131 1676 1219 1708 euim
1234 1672 1360 1722 longius
1370 1673 1390 1708 Ξι
1399 1673 1464 1708 sole
1480 1673 1571 1708 distat
1584 1673 1684 1722 quarn
1695 1678 1815 1720 Venus,

420 1726 455 1759 &
470 1734 579 1757 tamen
593 1722 698 1757 multo
710 1725 816 1758 minor
829 1723 951 1767 existit,
971 1730 1004 1761 δε
1019 1726 1072 1758 vix
1090 1725 1289 1757 Mercurium
1300 1722 1388 1758 mole
1400 1723 1535 1771 supzrat.

460 1777 502 1815 40
512 1773 602 1805 Mars
613 1773 646 1805 in
655 1771 721 1819 ipsa
731 1772 962 1820 conjunffione
974 1784 1046 1806 cum
1066 1771 1130 1806 sole
1141 1799 1149 1813 ,
1161 1771 1259 1818 pleno
1273 1771 1354 1805 orbe
1366 1771 1470 1814 lucet,
1491 1771 1581 1817 quod
1605 1771 1670 1806 sole
1689 1770 1755 1820 ipso
1778 1771 1815 1806 fit

422 1818 563 1866 superior
573 1834 580 1855 :
590 1818 640 1853 sed
650 1819 669 1855 ὲι
682 1821 911 1867 conjunctione
925 1819 1020 1868 usque
1030 1821 1070 1855 ad
1081 1823 1220 1868 primam
1237 1820 1465 1866 quadraturam
1483 1819 1550 1853 fere
1561 1831 1598 1853 ut
1612 1820 1684 1854 luna
1712 1819 1813 1855 tribus
1866 1820 1868 1824 ⁸

421 1867 630 1916 &plenilunio
647 1868 763 1903 diebus
784 1868 907 1903 lumine
922 1870 1138 1904 imminuitur:
1164 1879 1232 1902 tum
1247 1868 1343 1902 rursus
1357 1868 1504 1915 impletur
1516 1867 1614 1914 usque
1627 1868 1666 1902 ad
1684 1868 1814 1917 opposi-

420 1919 538 1951 ionem
549 1930 628 1951 cum
647 1917 712 1952 sole
722 1945 731 1956 ‚
750 1917 808 1952 ubi
819 1920 937 1952 iterum
952 1930 1038 1954 totus
1059 1918 1174 1952 Martis
1185 1916 1284 1950 discus
1296 1916 1488 1951 collustratus
1500 1928 1633 1965 apparet
1647 1933 1656 1960 3
1669 1916 1744 1952 hinc
1755 1929 1814 1952 ve·

422 1964 460 2000 ro
473 1965 567 2013 usque
586 1966 625 1999 ad
637 1964 803 2001 secundam
815 1967 1040 2013 quadraturam
1052 1969 1167 2002 iterum
1180 1965 1299 2000 lumine
1309 1968 1497 2001 imminutus
1510 1994 1519 2008 ,
1529 1968 1608 2000 utin
1619 1967 1720 2014 prima
1730 1978 1814 2013 qua..

422 2015 551 2049 dratura
562 2044 570 2057 ,
590 2027 658 2049 tum
668 2015 824 2061 paulatim
833 2015 928 2062 usque
936 2016 975 2051 ad
985 2017 1247 2064 coujunffionem
1259 2015 1420 2065 impletur.
1435 2015 1537 2061 Qod
1554 2017 1693 2050 intuenti
1712 2017 1746 2050 in
1760 2013 1813 2063 sy.

416 2063 523 2098 -stema
534 2064 708 2110 Coperuici
725 2063 783 2098 fiet
802 2066 949 2111 apertius.

459 2115 595 2158 50Tota
612 2114 728 2146 Martis
741 2112 838 2146 facies
855 2125 938 2160 pene
956 2125 991 2148 ut
1009 2113 1086 2148 luuae
1095 2113 1226 2148 maculis
1238 2110 1401 2160 conspersa
1421 2112 1463 2146 est
1474 2140 1484 2155 ,
1503 2124 1581 2158 quas
1598 2111 1691 2147 facile
1701 2111 1812 2146 distin-

423 2164 549 2209 guimus
566 2161 587 2197 ἒι
598 2163 700 2209 prima
718 2160 815 2208 usque
826 2161 865 2195 ad
879 2162 1047 2198 secundam
1059 2163 1304 2210 quadraturam:
1320 2174 1393 2195 cum
1412 2162 1538 2208 propius
1553 2160 1590 2193 ad
1603 2172 1660 2194 nos
1675 2160 1809 2196 accedit.

424 2213 468 2245 Ex
484 2209 598 2257 quibus
613 2213 654 2246 D.
668 2209 812 2245 Caffinus
824 2213 969 2247 Martem
987 2214 1068 2246 circa
1087 2214 1234 2260 propium
1252 2222 1398 2246 centrum
1424 2208 1523 2256 spatio
1545 2221 1591 2254 24
1613 2209 1762 2244 horarum
1777 2215 1812 2246 &

420 2272 472 2302 ⁷40
488 2262 617 2295 minutis
630 2259 756 2295 revolvi
768 2259 959 2306 apertiffime
970 2261 1102 2308 collegit
1117 2273 1205 2296 :cum
1217 2260 1345 2295 maculae
1354 2258 1395 2292 ad
1411 2257 1550 2291 eundem
1560 2257 1666 2292 locum
1676 2269 1717 2291 eo
1729 2268 1812 2291 tern-

424 2312 510 2357 poris
529 2309 700 2344 intervallo
712 2320 925 2344 revertantur.
942 2313 1044 2358 Hujus
1056 2321 1163 2344 motus
1179 2312 1263 2353 axis,
1278 2320 1314 2344 ut
1327 2308 1367 2341 de
1393 2304 1484 2353 globi
1496 2304 1606 2340 solaris
1622 2317 1676 2340 aut
1696 2305 1811 2340 lunatis

424 2370 483 2392 axe
494 2359 630 2393 diximus
643 2389 652 2403 ‚
670 2359 709 2392 ad
725 2361 889 2408 propriam
908 2358 1047 2394 orbitam
1064 2358 1103 2393 sic
1121 2358 1292 2393 iuoliuamr
1307 2386 1315 2399 ,
1334 2365 1368 2389 ut
1387 2354 1479 2402 polus
1496 2355 1636 2389 Borealis
1659 2355 1758 2389 modo
1775 2357 1810 2392 in

425 2406 650 2455 hemisphaerio
665 2408 762 2445 nobis
775 2407 914 2445 obverso
929 2420 1083 2458 appareat
1094 2438 1102 2451 ,
1113 2405 1218 2443 modi>
1236 2403 1395 2443 AustraliS.
1427 2405 1494 2439 Diu
1514 2403 1579 2440 visa
1595 2403 1639 2440 est
1653 2405 1687 2439 in
1699 2406 1810 2440 Marte
