1878 2724
412 132 488 167 440
733 114 990 153 PHYSICAE
1025 113 1168 150 PARS
1206 112 1483 151 SECUNDA:

409 173 443 205 in
461 171 586 204 mineta
598 177 766 216 argentum
779 165 856 199 inest
870 166 960 198 vatio
980 163 1120 212 pondere
1136 192 1145 206 ,
1166 175 1200 198 ut
1218 174 1333 212 praeter
1346 175 1480 198 caeteros
1499 162 1632 198 restatur
1644 162 1797 213 Caesalpi·

409 231 476 256 nuS.
490 218 586 258 Vidi,
601 217 704 262 inquit
720 213 874 248 Albertus
889 215 1027 261 Magum
1043 241 1052 256 ‚
1067 215 1133 246 auri
1151 211 1267 248 fibram
1285 225 1356 260 quae
1368 225 1425 261 pet
1441 211 1560 248 filicem
1573 211 1799 258 discurrebat,

411 263 611 316 degenerasse
622 267 653 299 in
665 274 850 311 argentum,
863 274 937 298 curn
947 263 986 296 ad
998 262 1084 296 aliud
1097 261 1209 311 lapidis
1236 262 1394 297 mollioris
1425 267 1458 299 δι
1472 263 1599 296 rarioris
1613 273 1714 310 genus
1723 274 1800 310 per-

409 313 552 352 venilset.
567 314 649 347 Haec
665 315 777 359 utique
794 310 887 348 facile
904 308 1121 346 concesserim.
1138 311 1203 346 Sed
1217 310 1296 346 illud
1313 324 1379 347 non
1395 309 1542 359 assequor
1562 312 1647 346 unde
1673 322 1801 347 tantum

411 364 535 414 pondus
546 373 680 411 argento
691 361 832 396 accedat.
841 362 949 408 Atque
961 372 996 395 ut
1005 371 1235 395 caementorum
1245 389 1256 404 ,
1269 371 1305 394 ut
1326 362 1416 396 aiunt
1427 389 1437 405 ,
1458 372 1521 408 ope
1532 389 1542 404 ,
1556 358 1608 395 seu
1618 358 1728 394 salium
1741 361 1798 395 ad-

411 413 558 449 mistione
568 411 721 459 quiddam
737 422 923 445 extraneum
932 408 1036 444 subire
1048 407 1146 459 poffit
1157 420 1327 458 argentum
1340 437 1350 452 ,
1362 410 1453 456 quod
1465 411 1494 444 ei
1514 408 1657 444 colorem
1668 413 1701 445 δε
1713 408 1803 446 forte·

411 462 537 512 pondus
546 462 616 495 auti
627 461 780 494 conciliet
795 472 878 502 ,non
890 471 927 493 ea
939 470 1049 494 tamen
1059 459 1106 493 est
1117 470 1192 493 vera
1205 458 1430 494 transmutatio
1440 488 1450 503 ,
1459 457 1512 493 sed
1529 457 1698 507 sophistica
1711 457 1801 493 adul.

413 513 544 547 teratio.
571 511 646 546 Nec
663 519 789 543 tantum
806 520 886 557 opus
910 510 942 543 in
958 520 1130 543 momento
1145 536 1154 550 ,
1179 506 1231 542 sed
1254 509 1324 556 post
1341 506 1442 543 multa
1461 519 1618 543 annorum
1634 506 1804 543 volumina.-

413 559 586 610 pei-ficitur.
596 560 730 595 Norunt
741 555 862 592 scilicet
874 557 1084 606 Alchymistae
1097 568 1222 591 vertere
1238 569 1342 592 retum
1354 554 1473 603 species
1491 573 1500 601 3
1518 567 1630 591 aurum
1641 558 1676 591 in
1694 555 1801 590 furnos

415 602 583 645 resolvunt
599 637 609 651 ‚
629 612 663 644 &
682 606 874 655 plerumque
887 619 947 655 pro
960 606 1109 642 thesauro
1122 607 1293 641 inveniunt
1315 605 1483 641 carbones,
1502 608 1634 641 Summa
1648 616 1803 640 votorum

415 660 459 694 est
476 657 622 693 credulos
634 657 751 690 divites
766 668 940 704 emungere
951 673 961 700 3
973 654 1099 691 fabulas
1116 667 1231 690 texunt
1242 684 1250 698 ,
1268 654 1371 690 multa
1385 654 1534 704 exempla
1544 653 1701 702 colligunt
1715 670 1725 698 3
1737 651 1806 690 &ss

415 720 513 756 quern
533 705 729 742 offenderint
741 735 750 749 ‚
769 707 826 751 qui
844 707 879 739 in
896 704 979 740 hanc
989 716 1094 740 artem
1113 704 1251 740 insaniat
1265 733 1275 747 ,
1300 716 1418 752 magna
1437 716 1513 739 eum
1533 702 1585 752 spe
1598 703 1744 746 lactant,
1768 707 1803 740 δι

417 769 574 806 aegrotum
598 757 740 790 animum
761 754 954 802 plerumque
973 754 1013 788 ad
1030 755 1227 789 deteriorem
1249 764 1373 801 pastem
1399 752 1572 801 applicant.

453 809 574 852 Neque
593 817 652 839 nos
667 802 769 852 fugit,
787 803 866 850 quid
879 799 1002 838 soleant
1017 815 1196 852 reponere:
1215 802 1266 836 sed
1283 800 1304 836 fi
1317 803 1400 837 tanti
1418 803 1526 837 arcani
1543 801 1654 836 forent
1665 798 1806 846 conscit,

416 869 484 894 non
498 854 528 889 se
543 853 738 890 inculcarent
749 851 878 886 auribus
889 852 998 886 nostris
1015 880 1026 895 ‚
1043 864 1103 887 nec
1112 851 1142 887 se
1150 849 1359 899 magnatibus
1375 850 1427 886 vel
1438 853 1547 886 invitis
1568 849 1733 887 offerrent.
1748 849 1807 886 Illa

418 901 658 940 contubernalis
675 900 946 949 Alchymistatum
955 912 1126 948 paupertas
1139 912 1242 935 artem
1253 899 1352 947 ipsam
1362 898 1430 934 falfi
1446 901 1594 936 revincit.
1612 901 1688 934 Hoc
1703 897 1806 946 ipsum

419 955 494 988 artis
510 951 557 986 est
569 950 620 986 vel
633 951 819 992 maximum,
828 960 899 996 quae
911 948 1044 985 confusa
1057 948 1167 984 suntin
1177 951 1269 985 venis
1285 948 1417 984 metalla
1429 948 1603 992 secernere,
1615 960 1682 983 non
1695 959 1808 984 eorum

421 1002 539 1051 species
553 1011 686 1037 vertere
696 1027 706 1043 ‚
719 999 927 1046 quantumvis
949 997 1120 1047 magnifice
1133 1003 1167 1035 &
1181 996 1320 1047 gloriose
1333 997 1508 1045 loquantur
1515 1026 1528 1042 ,

554 1116 556 1119 ,
587 1081 706 1126 Atque
724 1080 872 1126 immensi:
895 1077 971 1113 cavi
980 1079 1109 1126 spirent
1125 1074 1293 1114 mendacia
1304 1077 1413 1125 folles.

458 1149 531 1194 Qi
547 1145 660 1194 sapiet,
670 1143 711 1179 ab
725 1144 788 1179 hoc
803 1144 975 1180 hominum
992 1156 1113 1191 genere
1138 1143 1168 1180 fe
1189 1146 1293 1193 decipi
1311 1156 1378 1180 non
1391 1146 1553 1194 patietur,
1577 1155 1620 1179 ne
1641 1155 1710 1181 rem
1718 1143 1810 1181 fimul

425 1202 460 1235 δι
475 1197 599 1233 famam
610 1193 724 1230 misere
741 1194 903 1241 decoquat
913 1222 924 1238 ,
940 1193 1052 1230 &sero
1062 1192 1176 1231 sentiat
1194 1193 1252 1230 suae
1262 1193 1460 1230 credulitatis
1473 1192 1595 1229 labem.

786 1339 887 1380 TR
922 1337 1328 1380 ACTATUS
1389 1338 1488 1380 IV.

1004 1435 1219 1471 DePlantis.

424 1533 550 1621 ETfi
564 1547 681 1584 magna
695 1535 738 1572 est
749 1536 1026 1571 inter'animantes
1043 1541 1077 1574 ὃ(
1089 1535 1200 1584 stirpes
1212 1537 1366 1584 cognatio
1380 1548 1474 1574 :nam
1488 1541 1521 1574 ἃ(
1533 1533 1648 1586 plantae
1659 1537 1749 1571 tenui
1759 1537 1810 1572 vi-

499 1595 531 1619 ta
545 1584 799 1632 perfunduntur,
813 1590 846 1622 δι
858 1596 897 1619 ex
909 1586 1003 1619 certis
1018 1585 1132 1620 itidem
1147 1584 1323 1620 seminibus
1332 1588 1498 1630 oriuntur,
1518 1598 1555 1620 ac
1565 1596 1697 1633 magnus
1712 1585 1755 1619 est
1776 1587 1812 1620 in

425 1635 463 1668 iis
474 1645 669 1682 organorum
681 1645 851 1683 apparatus
865 1662 875 1676 ,
897 1645 1014 1680 magna
1024 1632 1203 1671 consenfio:
1220 1646 1255 1669 ut
1268 1635 1356 1680 quod
1371 1638 1562 1684 praecipuum
1576 1634 1619 1668 est
1630 1635 1709 1669 vitae
1727 1634 1814 1669 indi-

427 1684 513 1716 cium
526 1712 534 1724 ,
546 1694 651 1730 partes
663 1695 770 1719 earum
782 1681 840 1717 fint
858 1684 942 1717 inter
952 1679 982 1716 se
994 1694 1147 1719 connexae
1157 1713 1167 1726 ,
1191 1695 1228 1718 ut
1238 1683 1307 1718 aliae
1320 1683 1389 1719 aliis
1402 1685 1568 1733 indigeant
1587 1696 1596 1718 :
1617 1683 1706 1730 quod
1720 1684 1751 1718 in
1764 1681 1813 1718 la.

428 1730 574 1778 pidibuS,
594 1736 625 1768 &
646 1732 741 1767 rebus
759 1733 849 1766 omni
864 1733 929 1765 vita
943 1730 1095 1766 destitutis
1106 1745 1172 1768 non
1184 1734 1355 1769 cernimus.
1379 1734 1464 1769 Cum
1479 1745 1589 1767 tamen
1602 1744 1645 1767 eae
1661 1730 1718 1767 fint
1737 1744 1813 1767 orn—

429 1781 477 1815 nis
494 1780 600 1814 sensfis
612 1809 621 1822 ,
638 1786 672 1817 &
694 1781 804 1817 morsis
822 1779 988 1829 spontanei
1008 1792 1155 1829 expertes
1168 1811 1178 1825 ‚
1198 1782 1238 1814 de
1259 1782 1296 1814 iis
1312 1783 1344 1816 in
1359 1782 1417 1817 hac
1435 1780 1573 1830 Phyficae
1587 1792 1695 1829 parte,
1718 1791 1754 1816 ut
1770 1781 1813 1816 de

428 1830 538 1864 mixtis
549 1828 799 1876 perfectioribus
819 1858 829 1873 ‚
850 1840 922 1875 quae
932 1831 963 1862 vi
973 1830 1107 1877 genitali
1120 1836 1153 1867 ἃ(
1163 1829 1275 1864 altrice
1285 1857 1295 1872 ‚
1313 1842 1379 1865 non
1389 1833 1492 1865 anima
1504 1833 1633 1878 proprie
1641 1829 1814 1873 donantur,

428 1878 590 1925 agendum
602 1877 761 1914 duximus.
794 1887 806 1904 ἢ
815 1890 832 1911 c
843 1876 982 1925 primum
995 1879 1127 1924 quidem
1138 1879 1319 1926 plantarum
1332 1891 1491 1922 naturam,
1502 1884 1535 1916 &
1546 1889 1722 1914 anatomen
1733 1890 1814 1926 pau-

430 1925 464 1960 lo
477 1923 607 1959 uberius
621 1927 764 1974 persequi
783 1928 814 1961 in
833 1927 942 1960 animo
954 1926 995 1959 est
1009 1955 1018 1968 ‚
1035 1939 1103 1962 turn
1126 1929 1166 1962 de
1180 1939 1288 1961 earum
1303 1930 1512 1978 vegetatione
1525 1933 1559 1965 ὅ(
1573 1927 1751 1963 nutritione
1763 1927 1815 1961 di·

431 1986 541 2008 cemus
555 2003 564 2016 ,
589 1972 754 2022 fimulquae
763 1975 801 2010 ad
815 1973 993 2015 plantutum
1010 1974 1163 2024 analyfim
1175 2005 1185 2019 ,
1204 1981 1239 2012 δέ
1250 1979 1332 2010 vires
1348 1980 1535 2025 pertinent,
1546 1974 1718 2014 univetfim
1736 1986 1817 2018 exe-,-

433 2033 570 2070 quemut
584 2036 592 2059 2
609 2035 686 2059 nam
696 2024 736 2059 de
749 2026 787 2058 iis
797 2021 958 2071 sigillatim
974 2035 1069 2072 agere
1085 2026 1180 2060 nostri
1195 2038 1261 2060 non
1270 2025 1312 2060 est
1322 2027 1467 2064 instituti.

757 2124 1203 2160 DISSERTATIO
1254 2126 1488 2162 PRIMA..

909 2221 965 2255 De
976 2222 1163 2271 plantarum
1179 2234 1340 2258 anatome,-

435 2317 599 2409 ANte
609 2320 718 2354 omnia
731 2329 770 2353 ex
787 2318 902 2366 quibus
916 2317 1114 2366 potissimum
1124 2320 1267 2369 partibus
1279 2320 1422 2356 constent
1432 2319 1546 2368 plantae
1557 2351 1565 2365 ‚
1577 2321 1750 2371 diligenter
1761 2332 1814 2360 exi

532 2369 717 2406 currendum
728 2368 862 2406 videtur.
883 2369 966 2415 Qae
976 2370 1071 2419 igitur
1084 2371 1105 2408 ἐι
1124 2373 1207 2408 Vitis
1220 2371 1406 2413 dostissimis
1417 2371 1645 2411 accuratissime
1656 2371 1728 2411 sunt
1737 2373 1814 2410 scri.
1841 2388 1845 2390 Ἴ

1751 2433 1809 2470 PU
