1878 2724
326 110 394 152 '2746
706 101 978 142 PHYSICAE'
1025 104 1356 143 GENERA-Lrs
1395 101 1410 110 ”

353 155 443 203 Kasp,
459 154 492 189 id
503 150 703 203 potissimum
719 166 757 188 ex
773 157 911 199 partium
921 164 1076 189 contextu
1085 156 1236 203 pendere.
1258 155 1392 205 fragilia
1413 153 1501 190 enim
1520 153 1592 191 sunt
1603 183 1614 200 ,
1635 160 1732 203 quer}-

323 215 398 238 rum
409 215 515 251 partes
530 203 621 237 velut
636 203 669 236 in
681 201 810 249 punCtis
826 201 856 237 se
873 213 1027 251 tangunt:
1038 204 1125 237 unde
1138 204 1193 238 vel
1207 207 1378 240 minimum
1395 203 1521 240 divulsae
1531 204 1637 240 statim
1647 217 1734 240 con--

325 253 515 287 tinuitatem
532 254 688 284 amittunt
702 278 713 293 ,
729 261 765 285 ut
782 252 814 286 in
829 253 915 287 vitto
929 263 1062 287 cernere
1072 251 1126 287 est.
1140 251 1309 288 Flexibilia
1317 266 1452 302 corpora
1466 265 1571 302 partes
1585 253 1740 299 habent,c

327 298 346 335 s
344 313 383 336 eu
393 298 554 335 funiculos
566 297 624 332 fibi
635 309 750 333 mutuo
765 299 922 348 implexas
934 302 1011 336 &in
1025 299 1055 335 se
1065 300 1269 338 convolutas,
1279 304 1384 349 Hujus
1394 305 1522 352 generis
1532 302 1576 337 est
1588 305 1737 347 corium‚›

327 348 419 397 quod
434 346 613 395 disruptum
631 359 785 397 magnam
796 351 935 398 partium
947 348 1202 396 inaequalitatem
1217 380 1227 394 ‚
1237 349 1386 387 &fibras
1406 351 1482 386 alias
1495 351 1566 387 aliis
1581 354 1739 387 intextas,

330 394 464 432 exhibet
480 410 488 431 ε
510 408 585 431 cum
600 395 695 432 fracti
711 399 786 433 vitri
810 397 911 433 sterio
932 397 968 433 fit
985 397 1152 446 aequabilis
1173 404 1206 435 δε
1220 400 1451 446 laevis;.Hujus
1464 404 1553 436 enim
1570 413 1676 449 partes
1693 400 1735 436 se.

330 445 450 480 leviter
461 447 659 494 contingunt
675 473 686 490 ,
703 459 763 481 nec
777 459 890 483 mutuo
905 448 1049 496 implexu
1060 446 1220 483 aliaealias
1235 448 1385 484 subeunt.
1407 449 1499 483 Hinc
1511 462 1629 498 magna
1648 452 1742 486 visti:

330 493 491 543 fragilitas
501 522 512 538 ,
535 497 651 542 quae=in
668 495 830 544 lapidibus
845 509 977 545 quoque
990 499 1163 533 invenitur.
1175 500 1280 534 .Nam
1300 509 1341 532 ex
1359 497 1596 546 arenulis-pene
1611 510 1745 534 omness

331 544 588 592 compinguntur
604 560 614 587 3
635 556 708 591 quae
721 558 778 593 per
787 546 1036 594 microscopium
1048 545 1116 580 visae
1129 547 1222 581 instar
1237 549 1312 581 vitri
1322 546 1497 595 pellucent.
1515 547 1653 582 Metalla
1669 561 1738 584 ve--

329 590 530 640 rt‘sspartibus
541 592 692 629 constant
709 593 929 644 longioribus:
949 596 1034 631 unde
1048 595 1182 631 duania
1197 595 1267 631 sunt
1283 624 1293 639 ,
1316 602 1350 633 δέ.
1362 607 1468 644 partes
1483 608 1596 631 eorum
1606 596 1736 632 malleo.

330 640 471 677 contusae
489 644 544 677 vix
557 641 756 678 divelluntur
772 658 780 680 ε
802 645 892 691 quod
907 644 978 679 aliae
988 644 1059 679 aliis
1073 646 1106 679 in
1126 644 1261 693 longum
1274 646 1438 681 accedant.
1459 647 1511 680 Sic
1534 645 1656 680 ferrum
1675 658 1740 681 rev

331 701 409 726 cens
421 691 437 727 ὲ
448 703 532 727 vena
548 689 651 727 fusum
661 705 728 727 non
748 695 794 727 ira
808 694 852 729 est
873 693 993 729 ductile
1012 708 1020 729 :
1034 692 1097 728 sed
1113 692 1169 729 ubi
1180 692 1355 730 contusum
1371 694 1471 729 fuerit
1478 722 1495 739 „
1509 694 1748 732 duffilitatems¹

331 739 521 788 adipiscitur
544 746 720 792 majorem.
1618 783 1621 785 ,

370 791 442 837 lam
459 789 546 838 supra
557 792 742 826 monuimus
752 790 931 841 chalybem
945 788 1042 838 usque
1055 792 1095 827 ad
1107 791 1295 829 albedinem
1306 795 1338 828 in
1354 791 1489 827 fornace
1507 792 1745 842 ignoscentem.-

328 837 376 872 ita
396 839 511 874 durum
528 837 609 875 effici
623 840 816 883 ,utvixusui
829 839 891 875 effe
909 839 1003 889 possit
1018 855 1026 877 :
1048 840 1084 876 fit
1093 846 1180 877 enim
1195 841 1350 891 fragilior.
1363 842 1579 877 Hinccavent
1588 840 1739 877 artifices-

327 898 372 923 ne
381 890 529 924 recoctus
546 890 579 923 in
595 891 671 936 igne
681 888 833 924 scintillet
848 904 856 925 :
873 901 941 924 tum
958 892 1047 924 enim
1057 890 1163 925 nullus
1177 889 1248 925 fere
1258 892 1301 925 est
1310 890 1458 926 remedio
1477 890 1584 935 locus,
1602 896 1637 929 &
1654 904 1738 926 ornm

329 937 410 971 nino
422 936 545 987 fragilis
559 937 670 974 evadit
686 955 696 982 ·‚
707 939 738 973 in
751 941 825 987 igne
834 936 915 973 vero
928 937 999 986 plus
1009 938 1153 975 minusve
1167 942 1356 988 recoquitur
1366 967 1376 982 ,
1398 950 1434 972 ut
1442 944 1544 986 major
1554 952 1609 977 aut
1619 942 1742 976 minor:

331 982 420 1020 illius
434 986 564 1021 durities
580 988 774 1035 requiritur,
788 987 877 1023 adeo.
888 997 924 1023 ut
932 999 976 1022 -ex
992 990 1132 1036 partium
1143 986 1245 1038 figura
1257 1018 1268 1034 ,
1287 999 1343 1024 aut
1355 998 1514 1023 contextu
1527 1001 1575 1024 res
1589 991 1740 1025 omnino-

332 1031 392 1069 sint
406 1034 536 1083 fragiles
550 1064 565 1079 ,
577 1047 631 1070 aut
648 1036 811 1073 duffiles„

375 1084 494 1119 Tertio
508 1087 660 1132 quaetitur
673 1086 752 1133 quid
768 1085 863 1120 causae
875 1083 911 1121 sit
921 1097 974 1121 cur
988 1087 1133 1132 quaedam
1148 1085 1282 1122 metalla
1297 1098 1335 1122 ut
1346 1087 1468 1122 ferrum
1483 1115 1494 1130 ,
1513 1098 1648 1135 cuprum
1658 1115 1668 1131 ,
1678 1098 1741 1121 ar-⁴

335 1143 470 1182 gentum
484 1161 495 1177 ‚
511 1145 626 1168 aurum
642 1134 751 1169 mallei
766 1133 887 1170 tusione
902 1133 983 1171 fiant
994 1135 1120 1171 duriora
1135 1150 1143 1172 z
1162 1148 1236 1172 cum
1254 1136 1401 1172 stannum
1417 1142 1449 1174 &
1463 1135 1633 1185 plumbum
1647 1135 1747 1173 fiant,

328 1181 482 1217 molliora
497 1210 508 1224 ,
524 1181 576 1217 sed
588 1182 714 1219 fusione
725 1184 871 1220 duriora.

377 1230 469 1278 Resp.
485 1231 518 1264 id
528 1231 614 1267 forte
622 1232 772 1266 accidere
787 1233 994 1280 quodpartes
1004 1232 1108 1268 fluidae
1120 1261 1131 1277 ,
1146 1245 1280 1281 quarum
1293 1236 1462 1283 interjeffli
1475 1246 1582 1284 partes
1595 1233 1728 1270 solidio-

332 1290 383 1314 res
395 1283 428 1315 &
443 1277 617 1326 multiplici
631 1279 727 1328 plana
739 1279 903 1328 superficie
918 1281 1082 1316 instrudhe
1100 1294 1168 1318 non
1181 1283 1299 1318 itasibi
1321 1285 1510 1318 immediate
1532 1289 1567 1321 &
1586 1282 1671 1330 quasi
1686 1285 1741 1318 ad.

333 1325 482 1362 amuffim
496 1332 690 1377 junguntur,
707 1327 765 1364 (int
803 1332 967 1374 auciores,
982 1335 1026 1368 ⁴&
1063 1329 1173 1366 mallei
1191 1334 1337 1381 repetitis
1350 1331 1474 1368 *imbus
1497 1333 1742 1368 extrudantur:

336 1387 444 1424 partes
463 1376 596 1423 reliquae
614 1379 729 1413 aterius
749 1342 805 1412 ῐῐῑξί
819 1378 1004 1422 cohaerent,
1025 1379 1102 1413 hinc
1121 1379 1242 1415 ferrum
1267 1387 1301 1418 ὃς
1326 1381 1458 1416 metalla
1485 1380 1567 1417 fiunt
1585 1382 1722 1415 duriora.

333 1425 461 1460 Contra
473 1426 508 1460 in
519 1425 656 1473 plin-ribo
668 1431 701 1463 &
715 1427 828 1463 stanno
841 1428 906 1476 ipsa
917 1427 1073 1476 percussio
1086 1440 1191 1476 partes
1203 1428 1320 1464 fluidas
1333 1435 1367 1467 ἃς
1379 1429 1521 1478 copiosas
1533 1429 1641 1465 miscet
1654 1442 1727 1465 curn

336 1472 522 1508 durioribus
541 1480 573 1511 &
587 1475 691 1522 planis
705 1504 715 1518 ‚
729 1476 807 1511 hinc
818 1481 922 1525 major
937 1476 1112 1511 mollities:
1129 1476 1181 1511 sed
1192 1480 1273 1526 ignis
1289 1481 1320 1513 vi
1335 1490 1441 1527 partes
1453 1478 1514 1513 illae
1526 1478 1631 1514 fluidae
1642 1491 1728 1516 avo-

335 1523 512 1558 lant.Hinc
525 1523 671 1559 stannum
683 1530 716 1561 &
727 1524 899 1574 plumbum
913 1525 985 1574 post
1003 1523 1161 1560 fusionem
1175 1525 1246 1561 sunt
1265 1527 1393 1562 duriora
1408 1541 1416 1563 :
1432 1538 1501 1562 tum
1516 1529 1604 1562 enirn
1619 1539 1727 1575 partes

335 1571 397 1607 111ae
412 1584 482 1618 quae
498 1571 750 1620 planas.habent
767 1573 949 1623 superficies
961 1603 981 1619 ,k
991 1573 1186 1611 fibimutuo.
1194 1578 1331 1625 propius
1343 1576 1573 1613 adhaerescunt.
1605 1578 1657 1612 lta
1668 1579 1737 1612 Vir

335 1618 450 1666 clariffi

373 1667 616 1718 Qarto’quaeri
628 1673 738 1720 potest
747 1677 828 1721 quid
841 1675 874 1710 in
887 1673 978 1710 causa
986 1674 1023 1710 fit
1033 1686 1088 1709 cut
1100 1673 1193 1709 funes
1202 1704 1211 1718 ‚
1227 1673 1306 1711 fides
1317 1677 1524 1712 instrumenti
1538 1670 1658 1719 musici,
1667 1673 1730 1710 lin-

334 1729 423 1753 teum
444 1723 478 1754 ὅ(
493 1732 618 1767 pannus
635 1734 700 1768 prae
716 1734 806 1769 aquae
824 1734 879 1757 aut
894 1725 975 1758 aeris
991 1723 1186 1759 humiditate
1199 1725 1432 1762 contrahantur
1446 1755 1456 1770 ‚
1473 1724 1599 1775 lignum
1613 1735 1737 1760 recens-

337 1765 540 1801 elaboratum
556 1796 566 1811 ,
583 1774 616 1805 ὃς
630 1769 741 1803 charta
756 1770 909 1804 cancellis
919 1771 1063 1805 obducita
1077 1770 1262 1808 dilatentur.

359 1816 455 1864 βψ).
473 1828 579 1863 partes
598 1829 637 1852 ex
654 1817 771 1865 quibus
787 1815 896 1854 charta
909 1821 1128 1868 componitur,
1140 1821 1293 1856 minutim
1303 1819 1448 1856 contusss
1459 1822 1492 1857 in
1500 1821 1634 1867 pistrino
1648 1821 1725 1858 fuis-

336 1862 388 1907 se,
414 1863 530 1911 easque
547 1864 610 1900 sese
622 1869 740 1902 mutuis
757 1867 844 1903 velut
865 1867 979 1904 ansulis
993 1866 1167 1916 complecti
1189 1881 1197 1904 ε
1215 1870 1299 1905 unde
1320 1870 1458 1905 humore
1474 1869 1575 1905 affuso
1593 1872 1627 1906 in
1653 1884 1727 1906 om-

338 1925 414 1947 nem
430 1924 557 1961 partem
567 1915 754 1951 dilatantur.
773 1917 940 1952 funiculus
958 1916 1040 1954 vero
1051 1928 1105 1952 aut
1117 1929 1236 1965 pannus
1251 1931 1290 1954 ex
1304 1919 1367 1955 filis
1388 1921 1545 1954 contortis
1559 1923 1593 1957 &
1603 1918 1733 1955 oblon--

337 1963 388 2009 gis
407 1961 531 1997 constat
548 1976 555 1998 :
574 1965 658 1999 adeo
672 1976 705 1999 ut
719 1965 837 2001 humor
853 1968 910 2014 qui
925 1966 994 2002 haec
1012 1965 1099 2003 subit
1120 1967 1330 2003 interstitiola
1345 1997 1356 2012 ,
1377 1974 1411 2006 &
1425 1967 1600 2003 convoluta
1619 1968 1735 2006 stami.-

338 2022 380 2045 na
413 2010 540 2046 divellit
553 2041 562 2055 ,
580 2024 708 2048 tantum
721 2016 758 2048 iis
775 2014 815 2049 de
833 2015 1037 2063 longitudine
1051 2015 1202 2051 detrahat
1214 2044 1224 2059 ,
1249 2029 1407 2064 quantum
1427 2017 1518 2052 addit
1536 2017 1726 2054 latitudinis.

338 2061 429 2095 Nam
445 2058 499 2094 fila
516 2060 658 2109 spiratim
674 2063 771 2098 instar
785 2061 925 2099 cochleae
942 2065 1156 2101 circumdueta
1170 2067 1417 2111 contrahuntur,
1438 2067 1527 2114 quod
1555 2069 1638 2101 circa
1656 2079 1732 2102 ma,

338 2113 423 2156 Jores
434 2109 628 2157 cylindrulos
641 2123 775 2160 gyrent:
790 2123 826 2147 ut
836 2111 856 2147 fi
867 2112 1047 2149 funiculum
1057 2115 1137 2149 circa
1150 2114 1287 2162 digitum
1301 2115 1481 2153 convolvas
1498 2143 1507 2155 ,
1523 2115 1584 2150 hoc
1595 2119 1728 2163 paucio-

339 2169 389 2191 res
407 2170 503 2206 gyros
516 2170 592 2207 aget
602 2188 624 2203 ,.
639 2172 705 2208 quo
718 2161 843 2198 craffior
856 2164 914 2197 erit
924 2163 1055 2212 digitus,
1077 2166 1129 2197 Sic
1144 2163 1226 2198 funis
1245 2165 1381 2201 humore
1396 2163 1512 2214 perfusi
1525 2162 1577 2199 fila
1589 2164 1734 2201 tendum·

342 2216 392 2240 tur
405 2235 414 2249 ,
431 2212 465 2243 &
479 2205 561 2243 fiunt
578 2207 746 2254 breviora,
768 2211 855 2258 quod
869 2224 981 2246 eorum
1004 2213 1099 2248 velut
1118 2211 1219 2247 tubuli
1241 2226 1296 2249 aut
1321 2214 1490 2262 interjecta
1503 2211 1636 2259 spatiola
1654 2227 1733 2249 am-

342 2254 492 2337 {elientun
517 2259 608 2293 Hinc
630 2261 731 2294 etiam
746 2260 913 2295 testudinis
933 2259 1011 2297 fides
1033 2264 1196 2311 praegravi
1213 2268 1247 2300 &
1268 2264 1399 2298 humido
1416 2272 1490 2297 aere
1502 2261 1656 2311 disrumpi
1673 2262 1726 2299 so·

376 2315 411 2337 nt
427 2333 435 2345 ‚
454 2317 528 2340 cum
539 2306 610 2354 plus
624 2306 697 2343 satis
712 2310 930 2344 intenduntur.

372 2352 448 2401 Jam
460 2353 536 2389 illud
549 2356 591 2392 est
612 2357 735 2407 ingenii
752 2357 873 2396 solertis
890 2365 923 2397 δε
939 2360 1130 2410 perspicacis
1143 2362 1309 2414 generales
1322 2362 1390 2398 illas
1409 2363 1558 2398 notiones
1575 2362 1616 2395 ad
1631 2360 1732 2445 lusum·

1563 2421 1626 2459 app
1642 2422 1728 2460 itare
