1878 2724
316 147 377 189 634
856 138 882 173 Ρ
908 138 943 173 H
965 139 995 173 Y
1006 159 1008 162 -
1020 139 1042 173 S
1065 141 1078 174 1
1102 138 1133 173 C
1155 140 1194 174 ΔΕ

318 194 377 241 qui
389 202 505 227 nervos
517 187 693 231 interfluit,
717 191 750 225 ὅ(
761 185 927 236 spirituum
940 187 987 223 est
999 188 1152 223 vehiculo
1164 188 1337 237 plurimum
1358 188 1398 224 ad
1414 189 1628 227 nutritionem
1644 202 1725 226 con-

320 243 405 279 ferre
416 270 425 283 ,
439 252 510 273 cum
524 237 651 274 succum
671 239 841 273 nutritium
851 249 1023 281 extenuat,
1039 240 1205 274 &animat
1222 239 1479 285 quodammodo,
1506 241 1595 274 Hinc
1616 253 1726 289 partes

321 286 585 340 paralyliaffefitae
601 289 705 323 statim
722 286 890 322 tabescunt
902 315 913 328 ,
929 288 1020 335 quod
1035 285 1127 322 succo
1141 288 1180 321 ad
1196 290 1408 323 nutritionem
1422 289 1544 323 idoneo
1571 289 1726 325 frauden-

321 352 385 375 tur.
400 340 473 374 Nec
487 340 544 385 qui
560 340 660 387 magis
676 336 745 373 sunt
762 335 926 387 sanguinei
942 366 952 380 ,
978 339 999 370 ii
1014 335 1082 372 sunt
1094 336 1257 371 obeiiores
1271 355 1280 381 ·,
1292 339 1416 385 quique
1426 337 1534 382 fame,
1551 351 1607 373 aut
1619 339 1727 375 inedia

319 390 516 431 moriuntur,
530 388 634 424 multo
644 388 835 436 plerumque
852 386 1004 435 sanguine
1015 386 1192 422 abundant.
1206 387 1305 423 Addit
1317 390 1474 422 Harvaeus
1485 388 1673 435 sanguinem
1685 387 1730 423 es-

320 438 352 475 se
371 439 530 473 acriorem
542 442 574 474 &
584 438 845 480 calidioremmec
858 436 929 471 satis
940 437 1059 471 alendo
1074 438 1200 484 corpori
1213 437 1366 471 idoneum
1375 436 1727 473 videri.verumut·1sta

322 500 400 524 vera
413 486 473 522 sint
486 488 526 522 de
537 499 626 536 parte
638 487 793 537 sanguinis
804 488 905 535 magis
922 485 1073 529 sulfurea,
1089 491 1123 523 ὃ(
1136 487 1260 520 acriore
1275 515 1284 529 ‚
1296 499 1367 534 quae
1380 488 1522 522 calorem
1542 493 1574 523 &
1589 489 1657 522 vim
1670 490 1728 522 tri-

321 538 397 573 buit
412 538 596 586 corpori,de
611 549 704 585 parte
721 535 976 584 serosa,quaeque
991 535 1037 570 est
1049 537 1107 571 ovi
1119 534 1276 571 albumini
1287 535 1406 581 similis,
1420 539 1484 571 dici
1501 539 1638 572 minime
1655 534 1729 585 pos.

318 587 406 623 “sunt-

364 640 404 673 Et
414 635 486 671 sane
497 633 621 684 sanguis
637 635 654 670 ὲ
671 634 769 671 succis
790 635 912 672 constat
930 637 967 670 iis
977 634 1143 670 simillimis
1158 664 1167 677 ,
1188 633 1307 682 quibus
1321 635 1400 684 pulli
1410 638 1442 670 in
1460 639 1531 670 ovis
1547 637 1731 670 nutriuntur

324 692 535 735 &augentun
560 685 693 720 Deinde
712 697 817 733 partes
831 698 945 721 omnes
969 688 1112 733 corporis
1137 684 1288 733 sanguine
1308 687 1478 734 irrigantur
1490 715 1499 729 ‚
1518 699 1559 720 eo
1570 681 1731 720 'destitutae

322 734 531 772 marcescunt.
554 735 653 778 Qod
664 747 772 769 autem
785 740 816 769 in
832 735 920 770 fame
934 736 1056 770 eneffis
1072 735 1188 769 eadem
1207 746 1310 782 prope
1330 733 1488 784 sanguinis
1506 735 1609 770 moles
1623 747 1732 769 renia-

323 798 402 821 neat
411 815 420 829 ‚
434 784 468 818 id
479 783 588 818 suadet
600 783 726 819 succum
739 784 910 819 nervosum
927 789 961 822 &
972 784 1177 833 ,spitituosum
1187 785 1226 818 ad
1241 786 1457 820 nutritionem
1468 787 1589 832 requiri
1606 814 1616 828 ,
1630 785 1732 831 quiin

324 835 414 871 fame
426 832 633 883 pereuntibus
651 833 840 869 absumitur.
855 835 942 869 Cum
956 833 1242 882 autemparticulae
1251 837 1394 883 corporis
1406 837 1471 883 jugi
1483 833 1568 869 fluxu
1581 833 1733 882 diffipen-

329 895 378 919 tur
389 913 398 926 ‚
425 894 547 918 meatus
560 883 746 929 relinquunt
759 911 767 924 ,
778 896 859 929 quos
873 883 996 931 sanguis
1010 884 1026 918 ὲ
1038 884 1136 917 corde
1146 895 1220 916 cum
1231 886 1358 930 impetu
1369 882 1493 919 emilsus
1503 883 1541 918 sic
1557 883 1687 931 implet,
1697 894 1735 918 ut

325 932 452 982 singulae
463 943 568 980 partes
579 930 738 979 sanguinis
749 930 807 966 fibi
818 943 908 978 aptas
920 933 1078 966 cavitates
1089 931 1289 978 compleant.
1303 931 1485 979 Suspicarur
1504 936 1603 966 etiarn
1622 932 1733 966 Borel-

325 983 373 1018 lus
386 993 494 1015 aerem
507 980 691 1027 inspiratum
706 982 919 1014 nutritionem
932 982 964 1014 vi
977 979 1031 1014 sua
1043 980 1189 1022 elastica,
1207 992 1244 1014 ut
1262 981 1303 1014 de
1319 980 1438 1028 plantis
1456 981 1594 1016 diximus
1605 1009 1615 1023 ‚
1642 982 1733 1029 adju-

327 1042 414 1066 vare.
426 1032 514 1066 Nam
531 1029 606 1062 alias
624 1030 705 1062 aeris
724 1028 895 1076 particulas
913 1027 1143 1063 iti-humoribus
1156 1039 1327 1063 contentas
1346 1028 1505 1077 impellit,
1529 1035 1562 1066 δι
1582 1030 1669 1065 forte
1689 1033 1733 1066 vi.

328 1080 430 1117 talem
443 1091 572 1114 motum
590 1077 725 1112 elaterio
737 1077 790 1112 suo
801 1076 970 1112 conservat
983 1083 1018 1113 &
1035 1089 1157 1112 tuetur.

367 1129 504 1177 Triplex
517 1129 610 1177 igitur
624 1129 657 1161 in
669 1127 823 1176 sanguine
841 1139 947 1162 motus
965 1128 1111 1176 distingui
1126 1126 1298 1175 potest‚qui
1314 1127 1354 1161 ad
1365 1128 1582 1161 nutritionem
1592 1129 1735 1176 partium

329 1178 503 1227 conspirat.
521 1179 646 1213 Primus
659 1177 702 1211 est
712 1178 767 1212 ille
781 1190 847 1225 quo
867 1177 887 1212 ὲ
904 1177 1002 1212 corde
1018 1179 1051 1212 in
1065 1178 1193 1211 arterias
1207 1176 1397 1224 impellitur.
1418 1177 1586 1211 Secundus
1602 1178 1644 1211 est
1661 1191 1736 1212 mo-

332 1242 382 1265 tus
401 1227 608 1263 oscillationis
621 1226 867 1274 particularum,
884 1239 956 1274 quae
969 1228 1002 1261 vi
1022 1228 1102 1260 aeris
1130 1226 1355 1261 distenduntur
1373 1232 1406 1263 δε
1425 1226 1678 1269 contrahuntur,
1700 1239 1738 1263 ut

332 1279 536 1325 exposuimus
549 1306 557 1319 ,
575 1289 647 1310 curn
660 1277 700 1310 de
714 1276 925 1324 respiratione
938 1288 1115 1325 ageremus.
1137 1277 1269 1310 Tertius
1295 1275 1342 1310 est
1367 1275 1628 1311 fermentationis
1640 1304 1650 1318 ,
1668 1289 1735 1324 quo

332 1339 438 1377 partes
451 1339 489 1361 ex
499 1325 617 1374 quibus
636 1328 842 1374 componitur
857 1355 865 1367 ‚
876 1330 970 1375 Juxta
983 1328 1147 1373 propriam
1167 1338 1303 1372 quaeque
1318 1325 1465 1359 indolem
1479 1326 1651 1373 agitantur.

372 1380 418 1412 Ac
431 1376 496 1411 fors
508 1376 554 1410 est
567 1387 601 1409 ut
612 1376 717 1410 succus
734 1376 917 1424 &glandulis
931 1375 1086 1409 stomachi
1101 1387 1163 1423 prae
1181 1374 1436 1410 fermentatione
1455 1379 1499 1408 ita
1512 1373 1683 1418 exaltetur,
1702 1386 1738 1410 ut

333 1425 495 1462 durissima
507 1436 646 1472 quaeque
666 1437 800 1473 corpora
821 1423 989 1468 diffolvat‚
1016 1436 1051 1459 ut
1072 1425 1112 1458 de
1132 1426 1243 1466 amum
1267 1423 1450 1459 ventriculo
1474 1425 1623 1460 diximus.
1656 1424 1737 1459 Illud

334 1488 465 1524 quoque
483 1473 635 1509 observat
645 1476 704 1510 Vir
714 1473 838 1510 doffiff.
849 1474 1021 1521 conchylia
1033 1503 1042 1516 ‚
1055 1472 1211 1508 musculos
1222 1478 1253 1510 ὃ(
1265 1474 1399 1508 testacea
1414 1486 1484 1520 quae
1496 1472 1551 1507 sub
1564 1485 1658 1508 arena
1673 1485 1737 1508 ma-

334 1529 377 1561 ris
392 1523 597 1567 delitescunt,
614 1537 683 1559 non
691 1524 755 1558 alio
768 1524 838 1559 fere
851 1523 930 1557 cibo
942 1553 952 1567 ‚
971 1523 1071 1571 quam
1087 1535 1184 1558 arena
1196 1525 1320 1559 nutriri.
1337 1524 1372 1556 Id
1385 1525 1472 1557 enim
1491 1523 1560 1557 fere
1573 1524 1605 1556 in
1628 1535 1739 1558 eorum

334 1573 523 1611 ventriculis
534 1576 677 1608 occurrit.
700 1575 750 1609 An
762 1572 847 1609 forte
857 1573 1016 1621 particulae
1031 1572 1167 1608 arenosae
1182 1574 1215 1607 in
1243 1572 1403 1607 concham
1416 1571 1560 1608 abeunt?
1577 1574 1655 1607 utin
1667 1585 1739 1607 ver·

336 1624 443 1661 mibus
454 1626 510 1671 qui
526 1626 557 1667 in
568 1624 719 1671 praeduris
735 1623 871 1671 scopulis
882 1624 1192 1671 gignuntur,quique
1205 1620 1270 1657 suas
1281 1621 1319 1657 fic
1330 1622 1499 1670 complent
1517 1621 1647 1656 cellulas
1666 1651 1675 1665 ‚
1702 1633 1737 1656 ut

339 1674 410 1723 ipsc
420 1687 492 1708 cum
506 1672 706 1708 animalculis
718 1673 926 1721 amplientur:
940 1684 1016 1707 nam
1030 1672 1100 1706 aliae
1114 1671 1182 1706 aliis
1204 1671 1275 1706 sunt
1287 1676 1471 1721 majore55&
1486 1671 1574 1706 nulla
1588 1671 1631 1705 est
1640 1671 1740 1706 cellu-

339 1726 370 1760 la
381 1736 479 1772 quani
492 1737 558 1758 non
568 1722 692 1771 repleat
704 1721 965 1768 vermiculu5,qui
980 1734 1051 1755 eam
1064 1721 1177 1757 incolit
1189 1735 1198 1757 ε
1210 1721 1293 1755 adeo
1305 1733 1340 1756 ut
1353 1724 1521 1756 interiores
1534 1725 1598 1769 ejus
1613 1720 1740 1755 cellulae

339 1776 480 1823 parietes
493 1773 681 1813 exedere‚&
694 1776 761 1819 ejus
777 1771 869 1806 velut
882 1770 994 1806 rasuris
1006 1771 1048 1805 ali
1062 1772 1220 1807 videatur.
1235 1773 1344 1819 Atque
1365 1783 1401 1806 ut
1409 1771 1522 1805 dentes
1536 1769 1740 1813 animalium,

340 1822 402 1859 offa
413 1853 421 1866 ‚
436 1821 548 1856 calculi
559 1821 649 1856 succo
666 1821 823 1870 sanguinis
842 1819 944 1855 fluido
954 1823 1136 1856 nutriuntur
1151 1838 1159 1864 3
1176 1819 1214 1854 fic
1225 1823 1242 1857 ὲ
1253 1819 1378 1855 diverso
1391 1819 1492 1869 lapilli
1501 1818 1621 1854 arenosi
1633 1819 1740 1854 dissol-

340 1876 373 1908 vi
386 1870 530 1919 pollinae,
554 1876 586 1908 δ(
598 1870 687 1905 abire
705 1873 737 1904 in
762 1872 886 1905 succum
900 1869 1040 1917 sanguini
1061 1869 1236 1918 analogum
1250 1898 1259 1912 ,
1273 1883 1339 1916 quo
1352 1875 1385 1905 δέ
1406 1882 1480 1902 caro
1503 1867 1667 1902 tendinosa
1679 1897 1688 1911 ,
1706 1874 1740 1905 &

340 1923 430 1956 testae
443 1922 699 1956 nun-inmunsic
709 1919 816 1953 ostrea
833 1918 967 1966 scopulis
984 1918 1082 1952 infixa
1097 1930 1153 1951 ore
1169 1930 1281 1964 aperto
1291 1917 1357 1952 sola
1373 1930 1455 1964 aqua
1471 1916 1639 1951 vescuntur
1654 1946 1664 1960 ‚
1693 1920 1741 1952 uti

343 1977 376 2008 &
390 1972 516 2019 plantae.
528 1972 580 2003 Sic
594 1971 697 2003 vineae
716 1970 748 2002 in
760 1979 857 2002 arena
866 1979 1048 2002 marmorea
1059 1980 1159 2015 prope
1176 1967 1264 2001 littus
1275 1968 1407 2002 Catanae
1422 1969 1453 2001 in
1468 1965 1575 2000 Sicilia
1596 1964 1741 2001 crescunt

342 2034 381 2055 ex
392 2033 473 2068 aqua
487 2018 622 2067 pluviali
637 2035 646 2061 3
669 2030 705 2052 ut
721 2016 798 2052 ficus
818 2017 939 2051 radices
958 2015 1151 2064 plerumque
1170 2016 1293 2051 habent
1311 2018 1344 2050 in
1362 2014 1471 2051 fiffutis
1487 2018 1664 2064 parietum,
1687 2026 1742 2051 aut

341 2074 375 2107 in
390 2068 559 2104 montibus
579 2070 778 2103 marmorei&

374 2122 460 2156 Uter
470 2116 552 2153 vero
569 2116 632 2164 [itp
647 2116 848 2151 ›netrabilior
858 2114 982 2164 sanguis
1004 2113 1139 2150 fibrosus
1152 2144 1161 2159 ‚
1175 2128 1215 2150 an
1236 2116 1340 2150 succus
1359 2114 1412 2149 ille
1426 2115 1573 2149 nutritius
1588 2142 1598 2157 ,
1611 2113 1742 2149 dubita-

343 2173 370 2205 ri
383 2170 483 2204 etiam
498 2167 613 2215 potest,
630 2168 742 2203 Unum
756 2177 864 2200 tamen
879 2177 935 2199 aut
955 2164 1094 2200 alterum
1115 2164 1301 2201 Doffiffimi
1324 2166 1465 2200 Louveri
1481 2166 1742 2210 experimentum

343 2230 492 2263 magnam
506 2214 565 2251 effe
578 2216 670 2263 hujus
684 2214 739 2249 seri
753 2217 876 2249 nutritii
892 2214 1103 2248 subtilitatem
1120 2215 1326 2250 demonstrat.
1354 2214 1455 2248 Canis
1480 2214 1550 2246 vivi
1571 2223 1742 2260 utramque

343 2260 460 2304 veriam
472 2265 652 2315 iugularem
664 2266 778 2312 ligavit
791 2294 801 2307 ,
820 2276 890 2299 tum
912 2266 1031 2299 mirum
1048 2267 1079 2299 in
1094 2265 1230 2299 modum
1252 2264 1314 2299 illae
1333 2267 1554 2299 intumuerunt
1569 2275 1661 2296 venae
1676 2274 1694 2303 ‚·
1709 2266 1743 2297 δε

343 2323 426 2355 intra
445 2317 526 2351 duos
543 2316 610 2350 dies
627 2313 714 2363 quasi
728 2317 845 2363 angina
859 2312 1029 2349 suffocatus
1049 2316 1184 2349 interiit.
1216 2316 1343 2348 Interea
1366 2310 1502 2361 copiosae
1519 2324 1557 2346 ex
1577 2310 1676 2345 oculis
1696 2310 1743 2344 la-

340 2378 460 2405 crvmae
477 2395 485 2408 ‚
503 2370 535 2402 δέ
547 2364 644 2400 saliva
665 2377 703 2399 ex
719 2376 774 2398 ore
786 2362 948 2398 manabat.
978 2364 1052 2398 Post
1065 2376 1206 2398 mortem
1219 2368 1251 2400 ὅ(
1264 2362 1429 2409 glandulas
1442 2391 1452 2406 ‚
1466 2366 1499 2398 δι
1510 2359 1663 2394 musculos
1673 2372 1743 2394 non

340 2410 516 2466 sanguine,
532 2414 584 2451 sed
596 2413 663 2452 sero
677 2414 816 2464 limpido
834 2423 995 2449 tumentes
1015 2415 1142 2451 invenit
1160 2427 1169 2450 ι
1185 2414 1275 2462 quod
1294 2412 1416 2461 sanguis
1436 2407 1561 2446 craffior
1577 2412 1657 2444 intra
1671 2407 1745 2445 vasa
