1878 2724
564 148 630 184 DE
666 147 1003 185 FOSSILIBUS.
1412 158 1470 192 437

96 195 288 238 ilvainsula,
309 195 683 245 referenteCaesalpinm
702 202 734 234 δε
754 196 862 245 paffim
875 200 907 231 in
925 195 1154 238 Germania,ex
1167 193 1317 243 Agricola
1332 204 1466 241 mrgen-

97 259 166 282 tum
176 248 210 279 in
223 245 403 279 Peruviano
416 257 516 293 regno
529 263 537 289 ς
552 257 660 280 aurum
670 247 704 279 in
716 243 904 293 quibusdam
915 245 1095 280 Germaniae
1109 244 1197 288 locis,
1210 243 1370 279 referente
1384 245 1466 277 Ger-

95 294 204 331 harde.
220 293 331 340 Qare
340 292 443 328 nullus
459 295 501 328 est
510 293 772 330 dubitandilocus
785 295 864 342 quin
876 306 966 330 venae
982 292 1150 329 metallicae
1160 296 1226 328 aeri
1244 289 1391 341 expofitae
1408 304 1466 329 no-

96 355 170 380 vam
186 340 310 379 metalli
321 343 445 391 copiam
454 342 669 392 suppeditent.

534 441 606 478 CA
623 440 737 477 PUT
772 439 1074 477 ULTIMUM.

531 538 584 572 De
600 538 803 576 metallorum
820 538 1057 586 preparatione.

193 638 230 674 U
231 649 256 672 ae
272 637 312 672 ad
325 636 456 673 metalla
469 637 632 685 pertinent
648 634 774 683 reliqua
789 633 930 670 breviter
942 635 1208 685 perstringemus,
1233 635 1322 683 quod
1339 634 1380 670 ab
1404 636 1474 670 aliis

196 685 262 721 fuse
275 687 434 735 explicata
452 685 594 721 nostram
612 696 746 732 operam
768 697 835 720 non
862 683 1039 723 desiderent
1056 701 1067 729 3
1099 684 1219 720 summa
1240 687 1350 732 itaque
1370 687 1475 733 capita

95 733 309 771 decurremus.

135 785 193 819 Ac,
199 786 340 832 primum
352 784 483 820 latentis
501 795 595 818 venae
609 781 780 817 metallica:
790 782 905 818 indicia
919 781 1060 829 pluribus
1079 795 1145 819 non
1159 781 1312 817 differam.
1334 784 1373 818 In
1385 795 1476 818 mon-

95 831 181 866 tibus
197 845 250 867 eas
269 831 329 868 effe
338 831 676 880 frequentiores‚fugit
695 833 861 866 neminem
875 845 884 867 ε
897 830 1035 865 caeruleae
1051 829 1188 867 flammae
1208 831 1360 866 calidiore
1376 831 1476 880 potis-

93 880 206 916 fimum
218 881 304 916 coelo
319 882 378 917 huc
390 887 424 919 &
441 881 514 916 illuc
527 879 756 923 discurrentes;
778 879 986 915 metallorum
1003 891 1148 915 ramenta
1167 891 1223 915 aut
1237 879 1325 914 fibrae
1349 882 1381 914 in
1397 883 1478 915 vici.

93 932 142 965 nis
161 928 346 966 fluminibus
365 929 547 978 conspicuae,
567 940 618 964 tot
629 928 700 964 sunt
715 940 805 963 venae
822 927 1036 963 delitescentis
1048 939 1250 977 argumenta.
1272 928 1404 964 Addunt
1420 928 1476 963 alii

94 977 232 1014 calidum
242 991 395 1028 vaporem
406 992 445 1014 ex
459 981 495 1013 iis
515 978 592 1013 locis
608 978 798 1026 plerumque
811 989 977 1025 erumpere
987 1005 996 1020 ‚
1009 980 1064 1025 qui
1079 978 1174 1012 facile
1184 979 1372 1026 percipitur.
1385 979 1475 1012 Hinc

94 1029 193 1063 etiam
210 1030 301 1063 nives
312 1030 377 1063 cito
389 1027 652 1076 liquescunt-,nec
667 1038 719 1061 ros
740 1026 785 1059 ibi
805 1025 994 1061 concrescit:
1013 1038 1120 1073 neque
1141 1029 1175 1062 in
1189 1028 1226 1061 iis
1240 1026 1319 1061 locis
1336 1038 1475 1074 procera:

94 1074 166 1110 sunt
187 1075 331 1120 arbores,
344 1089 404 1112 nec
414 1077 651 1124 laemgmmina,
663 1075 716 1109 sed
729 1074 855 1124 pallidis
866 1073 1111 1111 &tenuioribus
1123 1074 1210 1110 foliis
1226 1074 1330 1110 sterile
1347 1080 1381 1112 ὃ(
1398 1087 1475 1110 exu-

94 1123 175 1159 stum
193 1124 292 1160 solum
310 1126 465 1162 indicant.

141 1186 170 1209 2.
193 1173 330 1208 Metalla
347 1173 505 1221 lapidibus
518 1172 703 1221 plerumque
712 1172 1034 1220 adhaerescunt‚quos
1051 1174 1152 1207 Graeci
1163 1174 1304 1220 Pyrites,
1319 1172 1474 1207 Marcafi-

96 1232 143 1256 tas
155 1221 277 1256 Arabes
287 1234 418 1258 vocant.
438 1225 562 1270 Pyrites
573 1224 606 1256 in
616 1225 706 1270 cupri
717 1221 839 1257 fodinis
857 1221 926 1256 sunt
948 1222 1199 1268 frequentiores.
1219 1225 1320 1256 Venae
1335 1221 1475 1256 metalli-

95 1283 140 1304 cae
155 1299 165 1313 ,
182 1282 218 1305 ut
228 1273 297 1305 auri
315 1276 348 1307 &
366 1273 490 1319 argenti
508 1270 574 1305 aliae
587 1270 658 1305 sunt
675 1271 789 1306 divites
801 1269 977 1307 &metallo
987 1281 1188 1317 praegnantes
1198 1299 1208 1313 ‚
1223 1269 1294 1305 aliae
1305 1272 1472 1305 nonitem:

94 1320 239 1366 quaedam
256 1318 326 1354 sunt
343 1319 525 1354 tractabiles
539 1348 549 1363 ,
566 1332 636 1367 quae
650 1322 682 1354 in
691 1321 800 1355 catino
810 1319 928 1354 fusorio
944 1316 1112 1367 plumbum
1124 1317 1218 1353 facile
1233 1317 1388 1362 subeunt,
1400 1318 1470 1353 aliae

95 1369 181 1402 durae
195 1374 230 1405 &
245 1367 463 1403 intractabiles
474 1397 484 1412 ,
497 1380 567 1416 quae
580 1370 721 1417 pyritem
731 1397 742 1413 ,
754 1379 809 1404 aut
819 1365 1028 1411 marcasitam,
1043 1379 1095 1404 aut
1104 1366 1190 1402 aliud
1198 1366 1353 1404 minerale
1361 1370 1469 1403 minus

95 1415 186 1452 fufile
206 1415 332 1452 habent
347 1417 529 1453 admistum.

132 1480 154 1512 3.
179 1467 268 1501 Raro
282 1478 398 1514 purum
407 1479 516 1501 autum
530 1468 563 1501 in
579 1466 633 1501 sua
645 1468 768 1501 minera
779 1467 916 1500 occurrit
930 1494 939 1508 ,
952 1464 1061 1500 saltem
1071 1467 1104 1500 in
1116 1466 1289 1500 Germania
1301 1493 1310 1507 ,
1324 1476 1358 1500 ut
1372 1466 1471 1500 Laza-

95 1526 148 1549 rus
167 1518 302 1550 Erxerus
318 1515 453 1563 diligens
473 1515 678 1550 metallorum
690 1516 891 1549 examinator
903 1513 1072 1556 observat3
1088 1526 1125 1548 ac
1143 1513 1345 1559 frequentius
1362 1515 1472 1561 adjun-

87 1565 185 1599 -Ctum
202 1562 303 1598 habet
315 1575 496 1612 argentum.
511 1566 598 1599 Saxo
608 1563 685 1597 albo
703 1575 812 1597 aurum
827 1565 932 1609 purius
950 1561 1068 1597 innasci
1082 1561 1170 1596 soler.
1198 1562 1363 1596 Interdum
1386 1562 1472 1596 illius

96 1624 181 1647 vena
201 1611 369 1646 caeruleum
384 1623 437 1646 aut
452 1611 574 1646 flavum
586 1624 683 1647 cornu
693 1611 804 1646 refert.
821 1613 871 1645 Sic
888 1613 970 1645 inter
993 1612 1117 1658 argenti
1136 1622 1232 1644 venas
1253 1613 1409 1658 praecipua
1427 1609 1473 1644 est

96 1663 199 1695 vitrea
228 1660 335 1694 colore
359 1660 486 1708 plumbi
509 1660 624 1695 aemula
641 1689 649 1703 ‚
664 1672 735 1706 qua:
755 1661 787 1694 in
806 1661 954 1693 examine
966 1661 1048 1707 ignis
1071 1661 1125 1693 vix
1148 1657 1268 1693 sextam
1286 1657 1329 1692 sui
1348 1670 1472 1706 partem

96 1711 328 1745 amittit.·Huic
339 1711 484 1756 proxima
495 1710 537 1743 est
550 1708 623 1743 alba
641 1708 755 1742 nobilis
770 1724 779 1749 3
796 1709 889 1742 tertia
905 1708 998 1742 instar
1013 1719 1110 1742 cornu
1123 1707 1260 1754 pellucet
1271 1724 1279 1750 3
1290 1718 1403 1754 quarta
1415 1719 1473 1741 co-

98 1757 167 1792 lore
184 1756 362 1793 cinnabaris
381 1760 498 1792 nativae
510 1787 518 1801 ,
532 1770 600 1805 quae
617 1758 719 1792 media
732 1756 775 1792 sui
790 1769 878 1804 parte
896 1755 1223 1803 excoquendotranfit
1242 1757 1275 1790 in
1292 1767 1472 1804 argentum.

97 1808 176 1841 Haec
192 1809 305 1854 utique
320 1805 411 1841 fusius
423 1809 558 1841 Erxerus
570 1835 578 1849 ‚
593 1808 647 1853 qui
665 1808 760 1840 etiam
773 1807 858 1839 varia
875 1807 1190 1852 examinumgenera
1203 1803 1340 1851 explicat
1356 1819 1364 1839 ε
1380 1816 1473 1838 curn-

95 1867 162 1902 que
180 1855 328 1903 hocopus
348 1854 456 1903 lingua
468 1858 649 1891 Teutonica
659 1852 694 1888 fit
706 1865 869 1889 exaratum
883 1883 892 1897 ‚
907 1856 938 1887 in
952 1865 1062 1888 manus
1080 1853 1201 1887 nostras
1212 1854 1303 1887 venit
1317 1864 1472 1900 compen-

99 1904 187 1939 dium
196 1907 307 1939 Erxeri
317 1906 431 1939 Latine
444 1903 463 1939 ὲι
477 1902 598 1940 (1οὲὶίίῖ
618 1904 751 1938 Medico
768 1906 809 1938 D.
821 1904 935 1938 Borrii(
962 1901 1173 1949 conscriptum
1186 1930 1196 1944 ,
1226 1903 1259 1935 in
1278 1913 1344 1948 quo
1363 1904 1473 1936 omnia

97 1964 170 1998 quae
187 1954 226 1986 ad
239 1952 438 1987 docimafiam
450 1981 461 1996 ‚
476 1965 512 1988 ut
526 1963 645 1989 vocant
656 1980 666 1995 ,
680 1951 734 1987 seu
750 1952 790 1986 ad
811 1963 951 1987 examen
966 1950 1173 1986 metallorum
1190 1953 1353 1999 pertinent
1364 1979 1374 1994 ‚
1388 1949 1471 1985 dilu-

100 2000 171 2034 cide
182 2001 394 2047 explicantur.

134 2050 254 2086 Auri&
267 2052 389 2097 argenti
400 2060 494 2083 venas
507 2050 540 2083 in
549 2051 682 2083 Peruvia
699 2060 808 2084 terunt
820 2051 851 2084 in
865 2049 1025 2084 mortariis
1051 2047 1185 2096 lapideis
1199 2077 1208 2091 ,
1227 2059 1309 2095 aqua
1327 2060 1377 2082 eas
1400 2059 1473 2096 per-

99 2096 255 2133 fundunt:
274 2108 341 2132 turn
351 2097 419 2132 salis
429 2096 573 2131 nonnihil
589 2102 623 2133 δε
640 2097 774 2132 multum
786 2098 975 2146 hydrargyri
987 2097 1109 2132 addunt
1126 2113 1134 2140 3
1152 2098 1222 2145 post
1235 2096 1361 2130 crebras
1376 2097 1474 2130 lotio-

98 2157 156 2180 nes
172 2146 289 2193 quibus
299 2158 403 2194 partes
418 2156 550 2180 terrenae
561 2174 569 2187 ‚
587 2151 620 2181 &
636 2147 769 2194 impura:
782 2145 976 2193 separantur,
990 2146 1081 2179 restat
1093 2149 1159 2180 auri
1169 2145 1221 2180 vel
1235 2147 1358 2192 argenti
1373 2143 1474 2178 amal-

98 2206 192 2241 gama
202 2208 274 2229 cum
290 2195 563 2244 {iydrargvroflui
577 2206 649 2228 cum
664 2197 742 2242 ignis
753 2194 860 2229 calore
878 2193 1269 2237 exhalaverit5metallum
1286 2194 1473 2226 cinereico-

89 2242 175 2277 'loris
187 2245 218 2277 in
228 2246 296 2279 imo
311 2243 387 2279 vafis
398 2243 560 2288 relinquit.
571 2243 620 2275 Sic
631 2245 715 2277 enim
736 2243 855 2277 metalli
874 2242 1041 2290 particulas
1054 2255 1124 2289 quae
1142 2255 1216 2276 cum
1237 2242 1348 2274 terreis
1366 2251 1473 2274 excre-

92 2294 218 2326 mentis
231 2304 281 2327 tot
297 2292 475 2327 lotionibus
496 2292 699 2338 ejicerentur,
715 2291 926 2338 hydraroyrus
941 2295 1057 2326 retinet
1071 2297 1103 2327 &
1122 2289 1271 2324 diffolvit.

833 2323 852 2339 ζ’

137 2343 213 2375 Hoc
229 2344 315 2376 enim
326 2341 514 2389 hydrargyri
528 2339 572 2373 est
587 2341 760 2387 proprium,
769 2351 803 2374 ut
821 2341 973 2387 pleraque
993 2339 1123 2374 metalla
1140 2336 1282 2372 exsolvat
1296 2364 1305 2378 ‚
1321 2347 1356 2370 ut
1369 2335 1474 2384 plum-

94 2386 182 2424 Aoum
194 2418 203 2433 ‚
219 2390 382 2434 stannum,
401 2400 570 2439 argentum
586 2417 595 2431 ,
617 2400 731 2425 aurum·
753 2389 850 2425 Unde
864 2388 884 2424 ἒι
903 2388 1007 2426 Plinio
1028 2398 1134 2425 rerum
1147 2387 1293 2423 omnium
1316 2397 1476 2421 venenum

1216 2436 1272 2469 ui.
1302 2435 1337 2481 rs,
