1878 2724
414 151 564 236 39³Q9d
579 185 599 221 fi
614 186 648 230 in
660 134 968 232 ευὲἒῐέἒηέξχῇ
979 134 1243 231 ςῖιιῇεὲεξεείτξ
1258 133 1431 219 (ἑοξῐῗίηῗ
1442 135 1499 234 ἒς
1517 182 1608 231 quod
1628 183 1707 219 radii
1729 180 1801 220 solis

412 236 619 270 admittantur
631 261 641 276 ‚
653 232 692 267 fic
704 231 812 280 phiala
824 234 926 267 vitrea
946 243 1073 281 aptetur
1086 260 1096 275 ,
1115 244 1150 266 ut
1165 232 1269 267 radius
1288 231 1402 268 solidus
1421 232 1548 268 luminis
1568 233 1652 266 circa
1673 246 1708 280 59
1726 244 1802 281 gra..
1847 261 1849 264 ⁴

412 285 490 318 dum
500 282 619 316 incidat
631 281 744 329 phiala:
756 292 853 328 quarn
866 293 942 329 pura
954 293 1038 329 aqua
1048 280 1173 329 implet,
1185 284 1272 327 cujus
1283 281 1439 316 diameter
1449 280 1485 316 fit
1493 282 1628 316 duorum
1639 292 1695 316 aut
1705 283 1800 317 trium

413 333 587 379 digitorum
599 358 609 373 ‚
624 329 681 364 ubi
692 332 724 365 in
737 329 848 364 charta
857 331 1036 378 excipietur
1053 330 1158 365 radius
1178 331 1212 363 H
1227 330 1260 373 d,
1273 331 1331 377 qui
1345 331 1531 364 interiorem
1543 331 1576 363 in
1587 331 1684 376 priori
1699 328 1800 377 figura

408 381 485 414 Irim
498 377 596 414 efficit
608 407 618 422 ,
635 378 676 412 ad
688 379 825 413 duorum
846 388 902 413 aut
921 380 1016 417 trium
1035 378 1158 427 pedum
1171 378 1352 413 distantiam
1369 377 1494 413 colores
1514 377 1642 412 vividos
1664 376 1798 415 efficiet.
1846 411 1850 424 ,Δ

411 426 618 464 Atfiradium
632 429 658 462 L
671 440 692 461 0
703 428 840 475 excipias
850 429 928 475 ‚qui
939 440 978 464 ex
995 428 1098 477 gradu
1108 439 1143 474 59
1159 427 1295 475 prodeat
1308 456 1317 471 ‚
1332 426 1458 461 colores
1475 425 1653 462 admodum
1673 426 1798 461 debiles
1847 461 1850 472 ⁵

410 475 513 512 dabit.
524 475 624 522 Quod
639 474 660 510 fi
670 476 776 510 radius
791 475 907 511 solidus
919 478 952 512 in
964 490 1003 520 72
1012 477 1144 525 gradum
1156 475 1270 524 phialae
1289 475 1448 519 inciderit,
1459 487 1528 511 rum
1542 474 1642 508 radius
1660 476 1694 508 Η
1706 475 1727 509 d
1741 476 1798 509 de-

412 523 495 560 biles
513 524 688 561 admodum
705 524 829 560 colores
844 552 856 569 ‚
872 523 924 561 sed
943 525 1047 561 radius
1061 526 1088 560 L
1105 538 1126 560 o
1142 535 1279 573 vegetos
1291 522 1417 573 ptaebet
1434 552 1445 569 ,
1462 528 1495 561 δε
1508 520 1667 572 prioribus
1690 525 1796 560 inver-

407 572 467 610 [οε.

855 670 1059 709 CAPUT
1095 669 1399 708 ULTIMUM.

801 771 858 805 De
881 769 954 804 aliis
965 764 1214 818 impreffioni‘bus
1233 766 1427 816 emphaticis.

403 865 582 951 NUnc
599 866 736 915 reliquas
748 865 965 914 impreffiones
980 865 1178 914 emphaticas
1191 862 1301 899 curfim
1315 865 1530 913 attingemus,
1542 865 1629 912 quod
1645 866 1725 901 iride
1735 878 1792 901 ex.

507 915 623 963 plicata
641 918 748 950 rninus
774 914 911 950 difficilis
932 913 969 949 fit
987 926 1095 949 earum
1109 913 1305 948 intelleaus.
1349 914 1398 948 Ac
1418 915 1556 960 primum
1576 917 1715 950 occurrit
1727 914 1794 950 ful-

399 975 460 1011 gor
472 963 528 997 ille
538 967 593 1010 qui
605 966 706 1012 cingit
719 963 830 1007 sidera,
850 963 1003 999 halonem
1022 964 1144 1005 Graeci,
1158 973 1217 996 nos
1228 972 1386 996 >coronam
1396 962 1540 996 dicimus.
1561 964 1635 998 Nec
1649 963 1789 999 multum

399 1011 441 1046 ab
459 1012 538 1046 iride
557 1012 713 1061 discrepat
725 1041 735 1055 ,
754 1010 809 1047 nisi
822 1012 911 1059 quod
928 1011 1118 1058 plerumque
1127 1012 1219 1045 unius
1239 1009 1355 1044 colotis
1372 1010 1491 1045 existat.
1509 1012 1630 1059 Saepius
1643 1013 1727 1046 circa
1745 1010 1790 1047 lu-

399 1072 476 1096 nam
493 1059 669 1107 speetatur:
684 1059 720 1095 fit
735 1062 821 1096 enim
835 1063 868 1095 in
882 1059 970 1096 nube
981 1061 1087 1094 rorida
1099 1087 1109 1102 ‚
1123 1058 1177 1093 sed
1191 1070 1260 1105 quae
1270 1057 1414 1093 nondum
1434 1060 1467 1093 in
1486 1059 1629 1107 pluviam
1647 1058 1788 1097 solvitur:

398 1109 484 1144 unde
502 1108 547 1143 sol
563 1121 617 1144 aut
627 1109 703 1145 luna
718 1120 851 1144 tenuem
865 1108 957 1144 illum
970 1120 1126 1157 vaporem
1141 1106 1236 1142 facile
1260 1106 1313 1141 sua
1330 1106 1399 1141 luce
1415 1108 1575 1155 pervadit.
1596 1110 1640 1142 Ex
1666 1108 1789 1157 duplici

399 1155 642 1194 fitteftaekione
654 1187 663 1202 ,
681 1171 750 1193 non
768 1157 863 1192 aliter
871 1170 907 1192 ac
922 1158 962 1192 de
973 1156 1093 1206 scypho
1105 1157 1211 1190 vitreo
1232 1155 1366 1190 diximus
1381 1172 1390 1199 3
1414 1167 1469 1190 aut
1481 1157 1589 1203 potius
1605 1167 1640 1190 ut
1652 1158 1685 1191 in
1700 1156 1788 1192 lente

400 1217 547 1242 convexa
571 1206 643 1241 rubi
660 1208 763 1254 optici
786 1207 866 1240 radii
889 1206 1017 1241 luminis
1036 1205 1083 1240 bis
1109 1204 1239 1239 refracti
1260 1203 1411 1239 halonem
1427 1204 1602 1251 quemdam
1617 1204 1784 1242 exhibent.

446 1256 498 1289 Ac
514 1254 781 1291 verisimillimum
791 1254 925 1302 quidem
941 1254 1069 1289 videtur
1087 1265 1140 1287 eas
1155 1264 1288 1286 coronas
1303 1264 1372 1299 quae
1386 1264 1482 1287 unam
1499 1252 1644 1288 colorum
1670 1253 1783 1290 seriem

398 1302 557 1338 exhibent
570 1331 580 1346 ,
605 1309 638 1341 δε
655 1314 793 1350 quatuor
805 1302 874 1337 fere
883 1314 937 1339 aut
948 1305 1095 1350 quinque
1109 1301 1265 1349 graduum
1277 1300 1452 1335 diametros
1462 1299 1599 1345 habent,
1610 1303 1643 1336 in
1663 1314 1785 1351 vapore

397 1351 519 1398 aquoso
533 1350 676 1387 formari.
688 1353 777 1388 Nam
786 1363 821 1386 ut
832 1350 1015 1387 observavit
1026 1355 1068 1387 D.
1078 1352 1244 1384 Marione
1256 1376 1265 1389 ‚
1296 1349 1430 1384 candela
1455 1349 1583 1384 accensa
1601 1361 1659 1397 per
1679 1363 1784 1400 vapo-

396 1411 449 1434 res
481 1411 568 1447 aquae
607 1399 772 1437 bullientis
800 1400 917 1436 hiemis
952 1410 1100 1448 ternpore
1121 1410 1190 1433 non
1222 1396 1362 1433 diffimili
1389 1409 1511 1433 corona
1536 1400 1672 1447 cingitur
1695 1416 1704 1443 3
1742 1399 1783 1435 sic

397 1451 522 1483 vitrum
538 1452 702 1485 Venetam
718 1451 782 1484 oris
793 1449 896 1484 halitu
906 1447 1083 1485 obdu&um
1095 1446 1233 1482 eandem
1252 1458 1407 1482 coronam
1421 1444 1556 1481 accensae
1569 1447 1711 1483 cande'lae
1731 1448 1784 1484 af.

397 1496 504 1545 fingit.

426 1548 506 1581 Haec
522 1546 602 1582 vero
615 1546 787 1583 Gaffendus
799 1546 840 1581 de
850 1544 971 1581 halone
979 1549 1013 1581 in
1028 1544 1086 1581 suis
1095 1547 1333 1581 commentariis
1342 1546 1507 1580 memoriae
1527 1544 1676 1592 prodidit.
1690 1546 1780 1581 Raro

395 1607 550 1631 coronam
564 1596 709 1631 lunarem
725 1595 767 1630 ab
779 1606 926 1630 extremo
936 1595 1020 1630 Maii
1032 1595 1072 1629 ad
1082 1606 1261 1630 extremum
1274 1592 1599 1641 usqueSeptembtem
1609 1592 1628 1628 ὲ
1639 1593 1668 1628 se
1680 1593 1779 1629 visam

396 1642 457 1678 effe
473 1661 482 1686 3
497 1657 557 1679 nec
568 1645 636 1680 fere
649 1644 713 1679 alio
730 1643 829 1680 flante
843 1656 943 1681 vento
954 1642 1051 1691 quam
1066 1644 1174 1678 Cauro
1186 1671 1195 1686 ‚
1212 1648 1245 1680 δε
1260 1643 1364 1677 Caecia
1374 1671 1383 1685 ‚
1396 1641 1449 1676 seu
1466 1644 1574 1676 Boreae
1589 1642 1776 1678 lateralibus

397 1692 511 1727 leniter
525 1692 714 1741 spirantibus
731 1711 740 1736 ·,
756 1693 912 1727 diameter
931 1703 1000 1726 rum
1020 1694 1053 1726 in
1066 1691 1167 1726 lunari
1180 1720 1190 1735 ‚
1205 1703 1271 1726 tum
1286 1693 1318 1726 in
1335 1690 1425 1725 solari
1442 1690 1560 1726 halone
1577 1689 1700 1739 semper
1713 1691 1777 1726 fuit
1828 1733 1832 1737 ι

396 1753 444 1784 45
462 1742 625 1789 graduum.
638 1742 809 1777 Sexdecim
828 1741 942 1775 solares
953 1739 1156 1783 observavit,
1171 1752 1309 1786 quorum
1323 1741 1451 1774 intimus
1469 1739 1558 1774 color
1574 1738 1668 1774 ruber
1681 1768 1692 1783 ,
1704 1752 1775 1775 me-

396 1790 465 1824 dius
479 1789 576 1824 flavus
589 1818 598 1832 ‚
609 1790 738 1825 ultimus
746 1789 912 1824 subviridis
928 1802 936 1823 :
956 1791 1011 1835 qui
1024 1800 1119 1823 mane
1129 1787 1183 1822 vifi
1201 1787 1271 1822 sunt
1289 1816 1299 1829 ,
1327 1787 1516 1834 plerumque
1531 1786 1774 1834 subsequentem

394 1837 538 1884 pluviam
552 1838 736 1873 habuerunt
753 1854 762 1879 3
779 1848 890 1871 contra
906 1839 959 1882 qui
971 1837 992 1871 ὲ
1005 1837 1138 1870 meridie
1154 1835 1224 1870 sunt
1238 1834 1409 1870 observati.
1443 1836 1477 1869 Id
1499 1834 1577 1870 vero
1600 1834 1770 1883 suspicatur

393 1890 437 1923 D.
456 1888 618 1920 Marione
632 1890 766 1933 majores
783 1884 854 1920 solis
868 1895 923 1919 aut
937 1884 1016 1919 lunae
1029 1895 1162 1918 coronas
1178 1895 1246 1918 tum
1265 1882 1396 1917 formati
1410 1911 1420 1926 ,
1445 1896 1516 1918 cum
1543 1882 1708 1918 filamenta
1721 1886 1772 1919 ni-

392 1937 440 1969 vis
456 1945 620 1979 utcunque
632 1933 792 1981 perspicua
804 1962 814 1976 ‚
834 1938 867 1969 &
882 1935 914 1967 iu
928 1932 1067 1967 formam
1085 1931 1241 1979 prismatis
1258 1930 1432 1978 aequilateri
1454 1931 1550 1966 incisa
1566 1933 1598 1966 in
1615 1944 1690 1967 aere
1703 1932 1772 1968 sunt

391 1980 509 2032 sparsa,
531 1994 587 2029 per
604 1994 672 2028 quae
695 1982 773 2015 radii
793 1981 918 2016 luminis
935 1980 1064 2015 refraffl
1084 1993 1164 2025 quos
1182 1982 1340 2014 cernimus
1353 1979 1477 2015 colores
1492 1978 1644 2016 efficiunt.
1669 1983 1772 2016 Rem-

388 2045 453 2079 que
463 2029 561 2078 ipsam
572 2030 610 2063 ad
625 2029 760 2064 calculos
774 2031 889 2077 exigit3
904 2028 1001 2063 sediis
1015 2027 1217 2071 omiffis‚satis
1232 2029 1262 2062 id
1277 2028 1373 2063 fuerit
1384 2027 1546 2064 adnotasse
1557 2030 1639 2064 nivis
1650 2028 1771 2064 floccu-

389 2081 438 2116 los
456 2080 514 2126 qui
529 2076 674 2113 saeviente
692 2078 799 2113 hieme
809 2079 957 2113 decidunt
968 2107 976 2120 ,
991 2082 1024 2114 &
1036 2077 1170 2112 stellulas
1185 2077 1329 2112 referunt
1339 2105 1349 2119 ,
1362 2088 1399 2111 ex
1410 2079 1446 2111 iis
1460 2076 1630 2112 filamentis
1643 2078 1769 2112 consta-

389 2142 424 2166 re
437 2157 445 2171 ‚
464 2139 536 2174 quae
574 2125 699 2162 rismata
716 2126 900 2173 aequilatera
927 2126 1091 2162 referunt:
1121 2126 1260 2161 eandem
1285 2137 1415 2172 quoque
1433 2124 1565 2173 figuram
1589 2128 1680 2160 „aaa
1699 2126 1768 2161 sunt

412 2180 507 2212 ruinae
525 2174 549 2210 fi
564 2186 692 2210 amenta
714 2187 783 2221 quae
806 2178 889 2209 veris
906 2187 1052 2223 tempore
1063 2174 1170 2210 herbis
1181 2173 1324 2210 insident.
1356 2177 1519 2220 roirca
1534 2187 1598 2208 non
1614 2173 1768 2210 abhorret

388 2242 408 2263 a
423 2224 582 2260 verisimili
603 2227 684 2259 inter
702 2222 833 2270 aquosos
851 2229 1005 2260 &tenues
1018 2236 1151 2270 vapores
1162 2223 1316 2270 ejusmodi
1337 2222 1499 2257 filamenta
1516 2220 1624 2270 paffim
1644 2225 1675 2256 in
1691 2235 1765 2258 aere

387 2273 519 2322 dispersa
532 2272 685 2315 volitare,
709 2283 882 2319 antequam
901 2274 933 2306 in
945 2271 1094 2307 flocculos
1107 2274 1187 2308 nivis
1199 2271 1391 2306 coalescant:
1405 2273 1439 2306 in
1456 2271 1504 2304 his
1524 2270 1606 2305 adeo
1626 2270 1695 2307 solis
1710 2282 1763 2305 aut

386 2323 469 2358 luna:
487 2321 590 2355 radios
603 2320 746 2368 infringi.

415 2375 533 2418 ‘virgas
546 2367 592 2406 sol
606 2372 639 2406 in
647 2369 785 2407 nubibus
802 2370 892 2407 histar
901 2369 988 2406 iridis
1005 2371 1099 2406 variis
1113 2366 1274 2404 coloribus
1288 2369 1402 2403 tinetas
1413 2367 1558 2415 depingit
1565 2383 1574 2410 3
1589 2367 1710 2413 colores
1722 2367 1762 2401 fl-
