1878 2724
385 149 442 193 ,303
692 137 938 178 PHYSICAE
1001 139 1139 175 PARS
1192 136 1488 177 SECUNDA.

430 207 441 229 r
452 199 466 214 0
476 195 591 229 Praeter
603 201 654 224 eas
670 188 809 224 maculas
822 190 977 236 nigriores
994 201 1065 235 quae
1076 189 1168 226 nudis
1183 188 1284 223 oculis
1297 188 1549 239 conspiciuntur,
1574 190 1776 240 complures,

387 250 422 281 &
433 245 572 278 minores
585 238 665 273 tubo
675 240 785 286 optico
795 237 1078 285 deprehenduntur
1087 260 1100 280 ‚-
1118 249 1252 284 quarum
1269 237 1339 273 aliae
1352 236 1421 273 fere
1439 251 1475 274 ut
1493 251 1587 288 rupes
1602 243 1748 277 eminent
1762 271 1774 286 ,

386 293 451 329 aliae
466 289 597 337 figuram
611 287 851 330 rotundam‚aut
861 285 991 321 ovalem
1001 284 1180 322 sortiuntur.
1200 288 1224 321 E
1240 287 1352 321 medio
1370 287 1565 324 macularum
1587 290 1776 339 plerumque

385 337 496 376 excelsi
510 347 638 372 montes
649 335 808 384 assurgunt
821 364 831 379 ,
851 348 890 371 ac
903 340 992 382 juxta
1004 334 1163 370 diversum
1178 335 1250 370 solis
1265 335 1430 384 aspe6kum
1446 339 1546 372 varias
1562 337 1680 387 species
1696 352 1777 375 ocu-

384 391 421 426 lis
436 387 605 435 subjiciunt
617 399 625 421 :
637 398 713 420 narn
726 387 760 420 in
770 388 807 419 iis
817 385 1015 432 quandoque
1030 397 1135 432 partes
1147 398 1211 433 prae
1223 384 1293 420 aliis
1306 387 1450 421 eminent
1460 415 1470 430 ,
1488 392 1522 424 &
1542 387 1625 423 lunae
1641 387 1774 437 superfi-

384 440 446 474 ciei
461 435 605 471 insistunt
617 436 656 469 ad
671 433 948 483 perpendiculum.
963 434 1049 469 Cum
1060 436 1146 469 enim
1162 433 1207 469 sol
1224 436 1260 468 iis
1271 434 1417 483 partibus
1439 436 1608 480 imminet,
1630 442 1664 474 &
1677 437 1773 474 radiis

383 483 701 537 perpendiculatibus
711 496 762 518 eas
773 482 953 527 collustrat,
972 495 1042 519 tum
1065 483 1186 518 nullam
1206 482 1353 519 umbram
1373 486 1565 532 projiciunt,
1586 485 1637 520 sed
1660 485 1718 521 ubi
1732 497 1773 522 ex

383 536 521 583 obliquo
531 546 583 568 eas
594 544 700 582 partes
718 533 881 568 illuminat
893 562 902 576 ‚
927 544 996 568 tum
1007 532 1135 567 umbras
1155 535 1188 567 in
1201 545 1305 581 partes
1316 532 1477 582 oppositas
1491 534 1611 582 dirigit.

412 598 450 622 20
464 587 538 619 Pars
561 595 598 617 ea
617 582 701 617 lunae
719 584 753 618 in
768 595 831 630 qua
843 581 951 617 lumen
967 581 1098 625 definit,
1117 594 1155 616 ex
1168 581 1305 630 obliquo
1318 584 1420 630 magis
1431 583 1450 618 ὲ
1467 581 1531 617 sole
1545 584 1773 632 perstringitur,

384 640 419 672 δι
430 633 543 668 coloci
557 637 660 678 major
670 632 713 666 est
722 631 836 666 umbra
850 633 971 666 montis
983 631 1100 667 lunaris
1114 648 1122 675 3
1135 643 1231 679 atque
1246 629 1422 678 hujtismodi
1440 631 1560 667 umbrae
1585 635 1617 667 in
1637 634 1774 681 quadra-

383 685 460 720 turis
479 682 549 717 sunt
561 682 793 717 distinctiores:
819 682 851 715 in
865 693 937 715 earn
957 683 1079 729 quippe
1097 691 1224 728 partem
1245 693 1316 728 quae
1333 680 1432 716 oculis
1453 681 1562 717 nostris
1580 683 1775 729 εκροηίῑιιι,

381 733 435 770 seu
451 734 483 766 in
495 731 615 766 discum
633 729 778 765 lunarem
793 730 814 764 ὲ.
829 728 894 763 sole
911 729 1133 764 collustratum
1147 741 1192 763 eae
1215 728 1337 764 umbrae
1352 731 1572 777 projiciuntur.
1762 743 1766 750 ¹

417 791 447 827 30
459 784 495 817 In
508 779 691 828 pleniluniis
701 778 793 814 nullae
803 777 922 813 umbrae
932 790 1101 814 cernuntur
1114 791 1122 813 ι
1137 789 1206 813 tum
1218 780 1305 814 enim
1319 778 1362 812 sol
1373 790 1498 826 partem
1511 779 1591 814 lunae
1601 778 1696 815 nobis
1707 778 1771 814 ob.

382 830 505 867 versam
517 829 568 864 sua
585 828 655 865 luce
668 828 812 876 complet
823 857 833 871 ‚
855 833 891 864 δε
905 829 962 875 qui
973 830 1056 861 circa
1068 828 1150 862 lunae
1164 829 1324 876 margines
1346 839 1459 862 extant
1482 839 1610 863 montes
1626 857 1637 871 ,
1667 840 1706 864 ex
1721 841 1772 863 ea.

381 881 456 915 dem
467 890 558 928 parte
568 878 588 914 ὲ
600 877 694 913 nobis
707 888 882 911 cernuntur
892 904 902 918 ,
920 888 989 922 quae
1005 876 1024 911 Ξι
1043 875 1107 910 sole
1124 875 1332 912 collustratur.
1359 877 1458 913 Unde
1467 889 1572 924 partes
1585 876 1708 912 umbris
1720 879 1773 912 di·-

383 929 456 964 lutae
466 940 535 963 tam
543 928 663 962 nostros
680 926 809 974 fugiunt
821 925 930 959 oculos
941 954 951 968 ‚
966 924 1065 972 quam
1078 923 1177 958 solem
1188 924 1301 972 ipsum.
1321 927 1437 973 Itaque
1452 928 1485 960 in
1499 925 1683 973 pleniluniis
1695 939 1771 975 par.

384 981 465 1014 tium
479 979 679 1018 extantium,
698 981 732 1010 &
750 973 962 1022 depressarum
976 973 1062 1008 nulla
1076 972 1145 1008 sum
1163 973 1230 1008 fere
1248 973 1429 1009 discrimina
1446 988 1454 1008 ε
1480 975 1566 1021 quod
1585 975 1679 1010 nullis
1703 988 1770 1011 um.

383 1027 448 1062 bris
460 1027 714 1075 distinguantur:
730 1021 851 1058 tametsi
865 1035 981 1071 magna
993 1022 1039 1057 est
1049 1022 1142 1066 lucis,
1157 1027 1189 1059 δε
1205 1021 1406 1057 obscuritatis
1421 1024 1454 1058 in
1464 1024 1499 1056 iis
1511 1023 1653 1070 partibus
1667 1026 1773 1058 varie-

383 1088 431 1112 tas
453 1092 460 1112 :
480 1089 553 1111 cum
564 1072 826 1122 quaedamlucem
847 1071 963 1106 fortius
983 1083 1149 1120 regerant,
1166 1072 1236 1106 aliae
1254 1070 1401 1108 debilius,
1423 1074 1502 1106 Sunt
1516 1073 1604 1106 enim
1620 1073 1770 1119 quaedam

383 1128 418 1161 in
433 1126 544 1160 medio
560 1123 781 1164 candidiores;
799 1120 869 1155 aliae
892 1119 979 1167 quafi
995 1121 1100 1155 radios
1122 1122 1155 1155 in
1181 1120 1297 1155 orbem
1313 1118 1461 1169 spargunt
1475 1148 1484 1162 ,
1503 1132 1584 1166 quos
1599 1120 1686 1157 forte
1707 1121 1769 1156 illae

382 1175 615 1210 eminentiores
630 1169 814 1206 reflectunt.
832 1171 952 1216 Neque
962 1171 995 1204 in
1010 1169 1212 1216 quadraturis
1231 1181 1274 1203 eae
1293 1170 1437 1218 distingui
1451 1167 1597 1217 possunt,
1621 1171 1707 1217 quod
1720 1175 1770 1220 ju·-

381 1236 421 1271 ga
433 1223 497 1257 alia
508 1222 576 1257 aliis
590 1218 758 1255 excelsiora
768 1247 778 1262 ‚
792 1224 826 1256 ὅ(
835 1218 914 1255 serie
923 1218 1065 1266 quadam
1075 1217 1221 1266 disposita
1235 1230 1273 1252 ex
1294 1217 1480 1253 umbrarum
1495 1218 1714 1266 inaequalitate
1724 1220 1770 1254 di-

384 1273 496 1319 stingui
516 1282 582 1305 non
603 1268 731 1317 poffint.

410 1318 585 1365 4.Umbrae
597 1327 752 1366 augentur
765 1320 798 1352 δε
808 1316 994 1350 minuuntur
1000 1319 1089 1362 juxta
1100 1316 1222 1349 varium
1237 1314 1315 1350 lunae
1331 1315 1490 1351 fitum.s1'c
1504 1315 1665 1351 crescente
1681 1315 1768 1360 luna,

382 1382 454 1404 cum
464 1381 502 1403 ea
513 1368 616 1413 magis
628 1367 668 1400 ad
682 1367 857 1401 Orientem
876 1374 1006 1412 vergat,
1020 1363 1116 1411 quam
1132 1363 1177 1398 sol
1190 1363 1255 1412 ipse
1267 1393 1276 1407 ,
1289 1377 1404 1400 omnes
1417 1364 1539 1399 umbrae
1554 1367 1586 1399 in
1599 1376 1706 1400 ortum
1719 1366 1769 1400 di-

383 1420 540 1467 riguntur.
553 1417 678 1451 Contra
695 1415 768 1449 luna
780 1410 1002 1455 decrescente,
1025 1424 1101 1448 cum
1120 1424 1158 1446 ea
1174 1414 1275 1461 magis
1293 1414 1333 1448 ad
1354 1414 1573 1450 Occidentem
1592 1413 1765 1460 deficerent,

384 1467 429 1502 sol
443 1469 475 1502 in
492 1465 637 1500 occasum
658 1462 787 1498 umbras
800 1474 913 1496 omnes
929 1462 1074 1509 porrigit.
1352 1476 1355 1479 Δ

417 1530 443 1561 5.
462 1516 556 1550 Circa
566 1524 736 1560 utramque
753 1511 979 1558 quadraturam
992 1511 1134 1557 quaedam
1151 1524 1256 1560 partes
1276 1511 1387 1545 lucidae
1404 1523 1492 1546 extra
1513 1511 1642 1546 luminis
1663 1509 1768 1546 confi·

382 1566 471 1600 nium
483 1565 639 1612 porrectae
655 1590 664 1605 ‚
679 1558 763 1608 quasi
781 1559 802 1595 ἐι
813 1559 887 1595 luna
898 1557 1026 1593 divulsae
1044 1559 1161 1595 telesco
1188 1563 1219 1596 io
1239 1561 1313 1596 dete
1339 1572 1453 1604 untur,
1470 1572 1578 1607 eaeque
1595 1558 1675 1595 nihil
1697 1558 1767 1595 sunt

379 1625 494 1662 praeter
504 1611 627 1647 excelsa
643 1610 787 1657 quaedam
795 1612 872 1655 juga
886 1609 918 1642 in
928 1606 1149 1655 hemisphaerio
1162 1574 1243 1644 sunae
1260 1609 1304 1644 ob
1319 1621 1429 1644 curato
1448 1610 1589 1644 extantia
1600 1637 1609 1652 ,
1632 1619 1766 1655 quaeque

379 1665 467 1710 prius
481 1660 640 1696 crescente
652 1659 726 1694 luna
738 1657 952 1699 illustrantur,
980 1658 1079 1703 quam
1097 1670 1211 1694 eorum
1232 1659 1351 1693 radices
1380 1672 1387 1692 :
1409 1669 1445 1692 ut
1467 1657 1670 1692 decrescente
1690 1655 1766 1693 luna

379 1711 485 1746 adhuc
500 1710 628 1758 fulgent
640 1737 650 1752 ,
664 1720 737 1742 cum
747 1717 853 1755 partes
863 1703 1069 1753 depreffiores
1082 1707 1170 1742 nulla
1187 1708 1324 1756 amplius
1342 1706 1413 1741 luce
1422 1706 1658 1742 collustrantur.

416 1762 526 1806 Atque
542 1759 606 1792 haec
629 1758 768 1804 partium
789 1753 983 1800 inaequalitas
1011 1765 1078 1788 tam
1096 1758 1184 1790 varie
1209 1757 1317 1790 lumen
1342 1768 1413 1789 cum
1432 1754 1554 1789 umbris
1581 1765 1765 1802 temperat,

379 1819 417 1842 ut
435 1805 603 1853 exquisitas
621 1804 782 1839 interdum
796 1801 911 1848 figuras
927 1800 1102 1836 exhibeant
1123 1817 1131 1838 :
1149 1815 1185 1837 ut
1199 1807 1281 1837 circa
1302 1804 1462 1837 decimum
1481 1815 1537 1836 aut
1557 1803 1763 1837 undecimum

380 1856 461 1892 lunae
473 1856 560 1889 diem
575 1853 678 1902 puella
689 1850 830 1885 crinibus
848 1848 951 1896 sparsis
972 1851 1004 1883 in
1019 1849 1100 1884 luna:
1120 1850 1263 1886 sectione
1282 1851 1352 1886 sitis
1371 1862 1447 1898 apte
1465 1853 1604 1898 exprimi
1624 1852 1762 1885 videtur.

411 1907 534 1941 Utrum
552 1914 660 1938 autem
678 1901 752 1934 luna
764 1899 864 1947 spatio
885 1896 1049 1933 menstruo
1061 1901 1141 1933 circa
1159 1902 1324 1948 proprium
1337 1911 1482 1934 centrum
1505 1899 1653 1933 volvatur
1671 1928 1682 1942 ,
1713 1898 1764 1934 hic

380 1966 446 1988 non
465 1954 615 1994 excutio,
635 1960 822 1996 quanquam
840 1946 871 1980 id
880 1958 960 1980 vero
973 1949 1153 1994 proximum
1176 1949 1256 1983 mihi
1286 1948 1441 1983 videatur.
1468 1950 1532 1982 Vix
1561 1950 1649 1982 enim
1667 1947 1764 1982 aliter

379 2001 531 2049 explicari
551 1999 653 2047 potest
670 2009 724 2030 cur
749 1996 864 2030 eadem
886 1994 965 2028 lunae
984 1994 1082 2030 facies
1102 1996 1196 2031 nobis
1221 1997 1423 2033 obvertatur.
1463 1999 1556 2043 Quin
1577 1998 1676 2031 etiam
1697 2008 1764 2031 uno

381 2053 461 2085 item
477 2055 510 2086 &
531 2049 636 2083 altero
651 2045 828 2081 librationis
844 2054 936 2077 motu
948 2055 1016 2078 turn
1025 2043 1066 2078 ab
1079 2046 1194 2080 Austro
1209 2048 1242 2081 in
1254 2049 1388 2082 Boream
1400 2075 1409 2089 ,
1423 2051 1457 2082 &
1471 2044 1605 2081 vicislim
1616 2074 1626 2087 ,
1641 2056 1709 2079 tum
1719 2042 1761 2078 ab

378 2110 451 2133 ortu
462 2100 495 2133 in
509 2096 655 2131 occasum
673 2106 747 2127 eam
763 2093 875 2140 agitari
886 2091 1030 2126 Caffinus
1040 2094 1268 2130 demonstravit
1283 2108 1320 2130 ex
1335 2094 1404 2143 ipfis
1421 2095 1501 2129 lunae
1511 2093 1639 2128 maculis
1652 2121 1662 2135 ,
1687 2104 1760 2140 quae

379 2146 554 2194 aliquando
577 2147 661 2180 circa
676 2141 758 2177 lun:
786 2142 942 2188 margines
962 2140 1016 2174 vel
1030 2153 1164 2190 repente
1181 2156 1356 2192 apparent,
1388 2143 1440 2178 vel
1457 2142 1556 2177 oeulis
1585 2140 1761 2176 subducun.

380 2207 443 2231 tur.
469 2193 596 2231 Verum
614 2193 668 2230 ista
690 2219 702 2238 ,
733 2195 766 2227 ὅ(
791 2189 852 2224 alia
877 2188 970 2235 hujus
995 2194 1123 2238 generis
1144 2192 1278 2240 plurima
1300 2193 1496 2229 Astronomis
1519 2193 1643 2239 integra
1665 2189 1759 2225 relin—

380 2247 519 2292 quimus.

415 2296 494 2330 Non
505 2294 564 2328 erit
573 2302 684 2326 tamen
694 2288 833 2323 alienum
847 2286 887 2320 de
904 2287 966 2321 hoc
977 2289 1053 2327 lunae
1065 2303 1156 2327 motu
1170 2294 1251 2326 circa
1269 2292 1433 2340 proprium
1455 2300 1548 2323 axem
1561 2316 1569 2329 ‚
1594 2300 1633 2322 ex
1657 2298 1757 2335 opere

380 2344 522 2380 nondum
532 2342 621 2377 edito
634 2343 675 2376 D.
689 2335 822 2381 Caffini,
832 2336 986 2384 quodque
996 2342 1231 2381 institutionum
1252 2340 1457 2376 selenicarum
1475 2336 1572 2372 titulo
1589 2336 1733 2373 inscribit
1744 2363 1757 2381 ,
