1878 2724
506 124 1028 162 DEPLANTIS..
1374 141 1441 176 449

23 196 24 200 =
77 174 262 214 lobulorum
281 172 431 223 implent.
443 174 525 210 Sunt
537 184 648 209 autem
665 173 711 209 illi
725 172 851 222 globuli
861 172 945 220 quafi
954 170 1101 210 veslculae
1113 199 1125 217 ‚
1142 182 1197 208 aut
1204 174 1332 212 utriculi
1344 178 1440 213 inor-

55 192 135 263 {em
153 222 314 274 dispositi,
335 235 401 259 non
419 224 456 258 in
483 222 607 259 testum
622 251 633 267 ,
652 233 688 258 ut
700 221 790 258 fibrae
805 251 815 266 ,
837 221 890 258 sed
905 234 989 270 pene
1014 221 1436 262 horizontaliterconstituti-

9 302 24 311 Α,
57 277 132 312 Hoc
145 274 232 310 forte
245 274 291 308 est
304 271 523 321 parenchyma
533 300 543 316 ,
560 283 615 307 aut
631 270 818 307 insertiones
830 273 985 308 Doctoris
1004 271 1112 319 Angli.

74 357 80 361 ,
95 325 206 371 Qate
217 322 250 356 id
262 319 431 356 verisimile
441 322 606 357 existimat
621 320 820 370 Malpighius
832 348 841 363 ,
855 319 982 355 succum
998 323 1031 356 in
1050 320 1174 355 fibrillis
1191 320 1317 370 lignofis
1329 322 1440 371 paula-

4 388 7 410 :
22 385 23 391 ¹
58 374 116 409 tim
130 400 140 416 ,
156 376 189 408 &
202 368 288 419 quasi
300 382 356 419 per
372 369 487 418 gradus
500 369 625 406 attolli:
642 382 680 404 ex
696 371 868 404 innumeris
879 371 1002 417 quippe
1018 368 1106 404 velut
1118 370 1278 417 particulis
1291 374 1391 415 cavis,
1406 378 1440 410 δε

58 423 198 461 invicem
207 418 373 456 hiantibus
383 418 532 454 constant
545 417 720 454 :ascensum
732 418 862 464 adjuvat
877 420 1009 452 interior
1022 417 1175 453 fibrarum
1191 418 1342 466 asperitas
1351 448 1363 463 ,
1380 433 1440 456 va-

3 474 23 510 '1'
56 472 109 509 riae
132 471 211 504 aeris
231 470 430 505 mutationes
441 467 599 512 5raltet>nae
617 466 731 502 caloris
756 471 790 503 &
814 466 942 515 frigoris
954 468 1061 509 vices,
1078 468 1145 501 imo
1168 473 1201 503 &
1222 470 1267 503 vis
1279 471 1359 503 aeris
1375 469 1440 504 ela-

4 526 5 530 ’
61 519 145 555 stica.

4 562 22 579 ⁷'
92 569 137 602 Ex
154 564 280 601 fibrillis
297 564 400 600 succus
416 563 472 599 ille
485 566 518 600 in
531 562 681 599 veficulas
697 564 842 600 exundat
854 575 912 600 :ex
926 562 1087 611 utriusque
1098 563 1231 610 liquoris
1246 569 1280 601 &
1297 567 1396 608 novi,
1408 570 1442 602 &

20 629 21 650 1
57 616 246 663 antiquioris
262 613 298 649 fit
312 613 524 649 fermentatio
541 613 692 660 quaedam
703 642 712 656 ,
728 625 767 648 ex
785 625 848 660 qua
872 613 1034 648 interdurn
1052 613 1213 660 prodeunt
1232 623 1374 648 tartarea:
1385 641 1395 652 ‚
1407 620 1442 650 &

20 667 21 670 ’
57 662 271 713 pettosae,fere
283 674 319 698 ut
332 664 366 698 in
379 663 696 706 vino‚concretiones
708 689 718 704 ,
728 674 798 708 quae
808 665 841 697 in
859 673 991 709 quercu,
1004 666 1036 698 ὅ(
1050 664 1084 695 in
1094 660 1164 695 aliis
1180 659 1350 697 arboribus
1367 675 1443 697 ocu-

19 716 21 759 Α]
57 714 94 748 lis
106 712 176 762 ipfis
187 710 404 760 subjiciuntur.
420 713 534 758 Itaque
544 709 674 745 uberior
691 711 734 744 est
746 711 850 746 succus
869 713 902 746 in
918 711 1036 744 cortice
1047 712 1123 756 ,qui
1140 712 1173 744 in
1190 709 1266 744 alias
1277 723 1381 758 partes
1393 711 1444 745 di-

14 762 21 796 ’ἑ
58 761 232 798 stribuitur.
247 762 337 795 Hinc
355 771 466 796 cortex
477 762 579 808 magis
595 760 639 793 est
652 758 776 794 oleosus
787 787 796 802 ,
815 760 929 808 &igni
947 759 1123 794 nutriendo
1143 761 1242 807 magis
1257 760 1403 796 idoneus.

94 812 130 846 In
150 810 248 860 figura
273 811 376 857 prima
394 807 522 843 tabellae
539 807 771 843 secundaelicet
792 809 912 843 intueri
929 806 1079 842 fibrarum
1099 806 1260 842 fasciculos
1275 810 1307 842 in
1325 811 1445 844 cortice

58 858 152 894 cerasi
160 871 214 893 aut
229 860 320 906 pruni
338 860 419 895 D--D
429 886 439 901 ,
454 868 526 905 quae
539 857 627 892 reeta
635 857 705 892 fere
718 857 953 904 producuntur:
968 856 1022 890 has
1033 855 1139 891 secant
1147 856 1357 891 utriculorum
1367 885 1376 901 ,
1389 869 1445 892 aut

58 907 262 943 veficularum
272 934 282 950 ‚
293 904 453 942 transversi
469 906 599 941 ordines
616 907 641 940 E
652 908 684 943 E.
696 905 892 953 Plerumque
903 905 1017 939 accidit
1031 933 1042 948 ‚
1059 916 1094 940 ut
1108 903 1196 939 fibrae
1215 904 1267 939 seu
1280 904 1392 953 ligneae
1406 906 1445 942 fi-

18 954 20 957 ’
59 957 149 992 stulaer
157 959 190 991 in
207 957 283 990 retis
296 956 429 990 modum
446 953 651 1003 implicentur
662 971 672 999 ·,
685 954 737 989 sed
752 965 853 990 vacua
868 953 967 1002 spatia
979 982 988 997 ‚
1007 965 1061 988 aut
1074 965 1161 988 areas
1173 953 1310 1001 implent
1326 957 1445 990 utricu-

58 1004 82 1040 li
97 1007 181 1054 ‚.qui
193 1004 214 1040 ὲ.
233 1003 360 1053 lignofis
379 1003 468 1039 fibris
485 1003 630 1051 pendent
641 1032 651 1046 ,
666 1008 699 1040 δε
723 1013 815 1038 extra
835 1001 1063 1050 proferuntur,
1080 1003 1183 1037 donec
1199 1002 1334 1037 cuticula
1350 1015 1445 1038 exte-

59 1056 143 1089 tiore
160 1064 381 1089 coerceantur.
396 1055 523 1089 Omnes
537 1051 586 1086 hee
605 1050 694 1086 fibrae
705 1081 713 1095 ‚
728 1057 763 1088 &
780 1050 906 1086 utriculi
926 1050 1018 1085 succo
1033 1062 1181 1098 turgent:
1205 1049 1255 1084 sed
1284 1051 1443 1087 craffiores

59 1102 130 1138 sunt
145 1101 319 1138 fistularum
335 1100 476 1136 fasciculi
489 1115 496 1136 :
509 1102 542 1135 in
555 1112 593 1134 ea
602 1112 692 1149 parte
702 1101 831 1135 corticis
847 1111 921 1146 quse
934 1099 1023 1147 ligno
1036 1098 1218 1135 adhaerescit
1234 1101 1339 1135 varius
1352 1101 1394 1136 est
1406 1101 1444 1135 il-

60 1151 91 1186 l'e
109 1151 260 1187 fibrarum
278 1149 387 1198 plexus
399 1154 488 1197 'Juxta
498 1148 677 1197 plantarum
689 1151 894 1187 varietatem,

17 1233 19 1239 ,
101 1203 179 1250 Jam
193 1200 365 1247 quotannis
389 1200 468 1233 novi
488 1196 598 1232 circuli
619 1196 772 1232 fibrarum
788 1196 851 1231 illis
876 1196 1015 1231 utriculis
1034 1197 1247 1244 adjiciuntur:
1264 1195 1348 1231 liber
1364 1209 1445 1233 vero

61 1249 112 1289 seu
132 1250 267 1284 interior
277 1258 347 1294 pars
358 1249 484 1282 corticis
499 1246 541 1280 est
553 1244 642 1280 velut
652 1245 776 1280 arboris
794 1257 864 1293 pars
882 1247 1059 1292 praecipua‚
1073 1249 1125 1280 cui
1137 1247 1215 1280 novi
1225 1244 1378 1280 fibrarum
1389 1259 1445 1280 or-

62 1299 151 1333 dines
165 1296 365 1333 succrescunt.
386 1297 485 1330 Hunc
503 1305 612 1329 cortex
626 1305 730 1329 tuetur
738 1293 780 1329 ab
791 1295 871 1328 aeris
883 1295 1024 1342 injuriis,
1040 1305 1145 1342 eoque
1157 1296 1299 1329 maxime
1324 1296 1390 1330 vita
1411 1300 1446 1332 ε(

17 1380 19 1392 2
63 1357 270 1395 augmentum
292 1343 416 1379 arboris
439 1345 633 1379 continetur.

95 1398 209 1443 Itaque
225 1405 260 1429 ut
272 1393 422 1428 animalia
435 1404 510 1427 cute
519 1419 530 1436 ,
544 1390 583 1426 stc
597 1392 715 1440 plantae
722 1390 904 1440 complures
917 1392 1038 1426 cortice
1059 1389 1205 1426 adversus
1219 1393 1300 1425 aeris
1318 1395 1352 1428 δε
1363 1403 1446 1428 ven-

16 1464 18 1490 3
65 1455 169 1480 torum
183 1445 314 1493 injurias
325 1443 525 1477 muniuntur.
537 1442 602 1475 Hic
617 1442 732 1486 utique
742 1442 774 1475 in
791 1439 976 1474 caudicibus
989 1442 1130 1474 maxime
1143 1442 1223 1475 &in
1234 1443 1328 1474 ramis
1338 1440 1453 1489 dupli-⁷

16 1497 17 1500 ’
64 1495 94 1528 ci
108 1491 298 1529 membrana
311 1492 450 1533 constat,
475 1491 633 1525 exteriore
648 1490 816 1532 nimirum,
837 1494 870 1525 &
887 1490 1061 1531 interiore,
1073 1500 1145 1536 qure
1169 1488 1216 1522 est
1235 1488 1324 1537 ligno
1340 1492 1449 1535 proxi-¹

15 1553 17 1571 ⁴1
64 1555 130 1579 ma.
148 1542 294 1578 Exterior
310 1539 477 1580 rarior-est,
491 1550 594 1585 eaque
606 1549 665 1580 ‚ut
682 1538 842 1581 diximus,
856 1549 894 1572 ex
907 1536 995 1572 fibris
1006 1535 1134 1586 lignofis
1146 1565 1156 1580 ,
1175 1541 1208 1572 &
1220 1539 1356 1584 propriis
1375 1537 1447 1585 ple-

16 1616 17 1630 1
65 1603 199 1638 rumque
209 1588 286 1624 vafis
303 1600 358 1623 aut
373 1586 548 1630 laetiferis,
566 1597 622 1620 aut
642 1584 782 1620 tesmosrs
803 1591 837 1622 δε
853 1589 886 1620 in
899 1585 1032 1634 longum
1045 1585 1204 1632 producitis
1219 1587 1460 1633 compingitur..

15 1650 17 1672 ε
65 1641 195 1676 Horum
209 1637 307 1686 spatia
325 1637 496 1683 interjecta
507 1634 599 1669 series
610 1633 818 1670 utriculorum
831 1636 885 1681 qui
901 1634 969 1669 fere
983 1634 1023 1668 ad
1040 1633 1185 1668 libellam
1196 1645 1277 1678 ,aaut
1293 1634 1446 1670 horizon-

15 1684 17 1733 J
69 1687 174 1723 taliter
192 1686 263 1722 sunt
281 1683 416 1734 dispofiti
431 1713 440 1728 ,
454 1684 493 1719 fic
507 1683 642 1731 implet,
660 1694 697 1717 ut
712 1684 791 1718 varii
808 1694 977 1719 contextus
991 1682 1174 1718 retiforrnes
1196 1684 1348 1718 oriantur.
1366 1674 1446 1718 Pars

67 1736 168 1772 altera
178 1737 320 1777 corticis,
337 1746 439 1782 eaque
453 1735 586 1768 interior
602 1730 684 1765 liber
701 1733 872 1768 vocitatur.
895 1733 965 1779 Qi
980 1733 1074 1766 initio
1084 1730 1190 1766 mollis
1209 1731 1255 1765 est
1268 1760 1277 1774 ‚
1301 1736 1334 1768 &
1352 1743 1446 1767 exte-

68 1787 153 1820 riore
164 1785 286 1819 cortice
298 1782 446 1818 vallatur.
463 1784 570 1818 Partes
585 1779 667 1815 illius
684 1780 771 1829 ligno
783 1783 940 1829 proximae
953 1782 1047 1827 eique
1059 1779 1295 1828 conglutinaret,
1307 1779 1397 1815 succo
1408 1780 1447 1814 li-

68 1846 156 1882 gneo
172 1830 306 1881 perfusae
326 1831 465 1867 duriores
485 1835 518 1868 &
530 1829 685 1866 firmiores
699 1830 791 1864 factae
806 1857 817 1874 ,
829 1835 862 1866 &
875 1830 976 1864 antitis
993 1828 1137 1864 utriculis
1151 1840 1349 1876 unoquoque
1361 1841 1464 1865 anno>

15 1879 16 1894 ³
69 1883 307 1919 extenduntur„

569 1975 624 2009 De
641 1975 771 2011 caudice
791 1976 830 2013 ὠ
851 1977 951 2013 caule.

108 2075 243 2112 Caudex
261 2104 271 2119 ,
287 2085 355 2111 aut
366 2072 464 2109 caulis
476 2101 486 2116 ,
509 2083 564 2108 aut
585 2085 712 2109 truncus
729 2072 840 2107 iisdem
854 2070 998 2120 partibus
1016 2071 1142 2108 constat
1155 2101 1165 2116 ,
1184 2071 1271 2107 fibris
1295 2073 1446 2108 nimirum

73 2122 224 2172 oblongis
244 2137 315 2173 quae
330 2126 362 2158 in
376 2121 539 2157 fasciculos
548 2121 758 2170 colliguntur,
774 2133 906 2168 quaeque
916 2132 956 2156 ex
973 2120 1134 2169 particulis
1144 2133 1200 2157 aut
1211 2121 1385 2169 quadratis,
1394 2133 1449 2155 aut

73 2175 217 2209 rotundis
228 2202 238 2218 ,
252 2180 284 2211 &
301 2174 442 2208 invicem
452 2170 615 2206 hiantibus
627 2172 893 2219 compinguntur3
908 2175 941 2206 &
953 2169 1104 2213 utriculis,
1116 2172 1173 2217 qui
1190 2170 1210 2206 ὲ
1231 2169 1390 2218 praediffis
1412 2168 1449 2204 fi-

75 2221 140 2256 bris
160 2220 387 2271 suspenduntur
412 2249 422 2262 ,
450 2220 570 2267 quique
587 2218 609 2254 ὲ
624 2221 741 2254 cortice
764 2219 804 2253 ad
820 2218 995 2254 medullam
1023 2217 1214 2266 plerumque
1234 2219 1451 2265 porriguntur,

76 2269 174 2306 Fibrae
203 2270 263 2306 111ae
292 2269 374 2306 nihil
401 2268 488 2312 sunt,
508 2280 585 2303 tneo
612 2267 745 2314 quidem
773 2267 908 2314 judicio,
933 2279 1031 2314 quam
1058 2278 1172 2315 corpus
1213 2265 1314 2313 ipsum
1340 2265 1447 2313 ligno-

77 2318 144 2353 sum
157 2348 167 2363 ,
187 2321 227 2354 de
241 2332 305 2368 quo
325 2317 424 2353 multa
444 2317 582 2353 diximus
596 2329 603 2351 :
622 2326 658 2351 ut
670 2313 811 2350 vefic'ulae
825 2315 1043 2351 horizontales
1063 2328 1130 2351 non
1145 2313 1232 2349 aliud
1249 2313 1320 2348 sunt
1332 2325 1448 2361 praetet

77 2367 283 2452 insertione?
299 2368 339 2403 de
351 2365 468 2453 {lpibus
487 2366 600 2414 itidem
617 2363 710 2413 supra
722 2365 859 2414 egimus:
885 2365 975 2404 Nam
991 2362 1200 2403 utriculorum
1214 2360 1447 2447 Iuelllbullarum

269 2430 327 2454 om.
386 2436 397 2450 a
1023 2428 1026 2432 ·
