1878 2724
405 113 464 157 με
703 104 967 142 PHYSICAE
993 103 1137 139 PARS
1173 101 1460 142 SECU‘NDA.·

409 161 439 193 di
454 161 486 193 in
506 169 542 192 ea
557 157 688 205 regione
716 155 786 203 plus
809 153 987 189 attollitur:
1001 153 1084 188 adeo
1106 164 1142 188 ut
1160 151 1216 188 sub
1232 152 1612 202 ipsoraequatooe‘multo
1629 153 1788 193 minoi-fit

406 208 481 242 actis
492 207 621 240 nauticae
637 202 803 238 inclinatio
814 220 823 246 3
836 207 869 240 δα
885 202 965 237 ultra
981 213 1179 249 aequatorem
1189 202 1458 250 ‚.ea,cufpis,quae
1467 202 1557 238 velut
1571 204 1714 252 pondene
1730 205 1789 240 de.

406 254 504 303 prelia
517 252 663 287 deorsum
675 250 870 294 inclinabat,
881 251 986 286 statim
998 250 1186 285 attollatur:
1208 252 1253 285 ita
1269 262 1303 286 ut
1323 263 1425 286 nautae
1438 253 1493 299 qui
1505 264 1622 296 ceram,
1633 263 1689 288 aut
1699 252 1787 289 aliud

406 304 507 338 levius
519 299 737 350 corpusculum
746 299 840 335 alteri
850 311 997 335 extremo
1008 311 1042 334 ac
1048 298 1084 334 ἃς
1096 297 1344 335 ηειιάεείὸῐεῃι
1353 301 1490 349 adjicere
1500 330 1510 344 ,
1521 312 1561 336 ut
1571 300 1786 350 aequilibrham
1836 326 1839 350 ς
1871 319 1874 323 ·

409 360 555 386 tueantur
566 379 575 394 ‚
587 355 653 399 jam
665 348 744 384 illud
754 348 827 385 leve
841 349 971 397 pondus
981 348 1133 396 oppofitae
1152 346 1434 396 cuspidi-adhibere
1449 361 1614 398 cogantur.

439 400 551 447 Qare
564 410 636 433 acus
651 400 777 434 nautica
795 411 860 433 non
873 397 967 433 aliter
987 397 1057 432 fere
1070 399 1112 432 ad
1130 409 1220 432 terrae
1234 396 1324 432 situm
1340 397 1370 433 se
1382 399 1550 446 componit
1559 426 1574 438 ,
1583 411 1619 434 ac
1637 399 1788 435 videmus
1836 399 1839 442 ξ

405 460 500 483 acum
519 447 714 496 chalybeam
738 446 793 482 filo
813 445 1046 495 suspensamad
1073 446 1399 495 nngnererntipsum.
1417 444 1449 481 se
1475 459 1674 484 convertere.
1706 449 1788 484 Ha
1836 447 1839 486 ἓ

405 499 492 532 enim
505 496 583 544 polo
602 498 760 544 magnetis
771 496 902 531 admota
913 524 923 540 ,
939 495 1010 530 huic
1023 491 1131 529 insistit
1153 496 1191 529 ad
1210 495 1485 543 perpendiculum.
1508 495 1578 532 Ubi·
1594 494 1702 532 verius
1713 509 1788 532 ma-
1838 517 1839 524 κ

404 548 507 594 guetis
522 556 732 592 aequatorern‚
747 544 800 580 seu
809 556 935 593 partem
953 543 1034 579 illius
1045 542 1158 593 lapidis
1173 546 1256 579 inter
1268 556 1438 591 utrumque
1453 544 1565 593 polum
1583 544 1695 580 medio
1713 545 1786 582 loco

403 593 536 643 positam
557 594 777 642 progreditur,
790 595 890 642 magis
905 604 942 627 ac
955 595 1056 642 magis
1069 593 1259 628 inclinatur:
1275 593 1379 628 donec
1388 595 1422 628 in
1436 593 1502 641 ipso
1511 605 1673 641 aequatore
1693 592 1786 630 fitum

403 645 547 691 magneti
561 641 752 690 parallelum
764 642 934 678 obtineat:
954 653 1023 676 tum
1036 653 1232 689 aequatorem
1251 641 1464 691 praetergressa
1479 646 1544 690 jam
1559 642 1715 691 paulatim
1734 653 1787 678 at-

403 692 550 734 tollitur,
563 692 756 740 &scuspides
777 691 844 726 suas
863 702 1042 726 commutat
1054 719 1063 734 ,
1076 694 1121 725 ita
1140 702 1175 725 ut
1187 703 1263 738 quat*
1272 694 1459 739 magnetem
1467 694 1545 726 a'nte
1562 690 1787 740 contingebat,

401 745 465 788 jam
477 739 592 775 sursum
602 740 743 777 tollatur.
762 741 846 775 Cum
860 742 967 786 itaque
980 739 1067 776 idem
1086 737 1207 787 prorsus
1219 741 1252 774 in
1265 751 1322 774 acu
1332 742 1458 775 nautica
1471 739 1617 787 respectu
1629 751 1722 774 terrae
1735 743 1788 789 ip-
1840 770 1842 773 .

400 788 460 825 lius
475 792 643 837 contingat
653 819 662 833 ‚
681 789 759 825 illud
770 788 1032 825 verisimillimum
1049 789 1276 831 videtur,vim
1285 788 1362 823 acus
1371 789 1574 823 directricem
1588 793 1600 834 (1
1618 793 1652 825 δι
1672 789 1788 827 eadem

401 839 447 873 est
465 841 547 873 ratio
562 838 712 886 cujusque
725 841 881 886 magnetis
897 839 908 880 )
924 850 990 872 non
1007 836 1136 872 aliunde
1155 849 1252 884 quam
1262 837 1283 873 a
1295 848 1378 871 terra
1387 835 1549 885 profluere
1562 852 1569 873 :
1582 836 1705 872 tametsi
1718 838 1788 873 for..

402 897 433 922 te
451 899 518 934 quo
537 887 567 921 id
583 886 640 922 fiat
654 887 755 922 modo
767 916 777 930 ,
789 887 951 935 explicatu
965 884 1002 920 sit
1017 884 1156 921 difficile.
1178 888 1375 933 Quanquam
1385 898 1484 934 prope
1497 886 1627 922 fluvium
1642 888 1785 922 Amazo-

400 949 478 971 num
492 934 634 971 ininsula
647 936 680 970 la
690 938 841 984 Cayenne
851 964 861 980 ,
881 938 919 970 D.
944 933 1059 969 Richer
1075 933 1319 981 inclinationem
1333 934 1462 969 versorii
1478 947 1549 982 quae
1564 937 1701 970 Lutetiae
1716 948 1786 972 etat

399 1000 437 1032 75
447 985 535 1033 grad.
549 987 711 1020 invenerit
730 999 742 1031 5
747 985 955 1033 5.graduum:
972 995 1045 1018 cum
1053 982 1144 1031 polus
1158 985 1210 1018 vix
1233 995 1245 1027 5
1260 983 1346 1031 grad.
1366 995 1406 1017 eo
1417 982 1480 1018 loci
1495 982 1669 1020 attollatur.

434 1036 574 1069 Primum
583 1034 714 1080 quidem
726 1033 867 1068 dubitati
880 1032 982 1080 potest
997 1044 1039 1066 an
1049 1031 1188 1079 qualitas
1199 1029 1263 1066 sola
1272 1031 1292 1067 ἓι
1302 1034 1427 1066 terrain
1437 1043 1621 1081 magnetem
1630 1030 1783 1080 profluat:

400 1081 453 1117 sed
466 1095 540 1117 cum
554 1084 611 1118 vix
628 1081 706 1117 illud
722 1084 848 1116 animus
860 1080 1011 1128 consequi
1022 1079 1116 1128 poffit
1129 1108 1139 1123 ,
1150 1079 1320 1128 qualitates
1340 1079 1494 1114 solitarias
1511 1093 1549 1117 ex
1559 1093 1625 1116 uno
1647 1084 1679 1116 in
1696 1081 1784 1116 aliud

399 1130 580 1178 subjectum
588 1143 775 1165 commeare
790 1159 799 1173 ‚
809 1131 905 1178 idque
920 1134 983 1164 'am
997 1141 1036 1163 ex
1051 1131 1088 1163 iis
1106 1141 1177 1177 quae
1192 1128 1272 1163 alibi
1296 1127 1363 1163 fuse
1377 1128 1447 1164 sunt
1462 1128 1617 1178 disputata
1629 1157 1639 1173 ,
1656 1129 1783 1178 liquere

399 1178 498 1229 poffit
514 1208 523 1222 ,
542 1178 720 1215 tenuiffima
734 1178 862 1214 effluvia
875 1181 891 1215 ὲ
903 1146 1088 1214 sblidiffimis
1103 1189 1230 1212 manare
1244 1177 1428 1226 corporibus
1441 1195 1451 1222 3
1467 1177 1545 1213 illud
1558 1180 1695 1214 omnino
1705 1190 1783 1214 con-

399 1229 579 1264 cedendum
589 1227 797 1271 arbitramur,
813 1229 830 1265 ὲ
844 1239 928 1262 terra
945 1226 1009 1275 ipsa
1025 1225 1219 1275 potiffimum
1233 1228 1403 1270 interiore,
1419 1238 1575 1274 tanquam
1595 1239 1637 1262 ex
1646 1239 1782 1276 magne-

400 1290 433 1312 te
447 1275 601 1325 profluvia
613 1277 761 1324 quaedam
774 1278 977 1312 continenter
987 1275 1007 1310 a
1024 1277 1254 1324 Septentrione
1267 1277 1298 1308 in
1313 1275 1460 1310 Austrum
1473 1304 1483 1318 ‚
1497 1281 1530 1312 &
1544 1274 1672 1312 viciss'im
1683 1277 1781 1311 emit.

401 1328 434 1362 ti.
450 1325 534 1360 Illud
551 1324 662 1360 saltem
673 1336 708 1360 ut
723 1324 907 1373 hypothesis
925 1325 1071 1372 quaedam
1086 1324 1213 1358 admitti
1236 1322 1340 1372 potest
1352 1352 1361 1366 ,
1381 1322 1529 1359 subtilem
1544 1336 1662 1372 nempe
1677 1336 1781 1359 mate-

400 1378 480 1410 riam
490 1403 499 1417 ‚
518 1374 728 1422 cujuscunque
736 1386 773 1408 ea
787 1373 822 1409 fit
835 1373 942 1423 figurae
955 1401 964 1416 ,
974 1375 1182 1408 continenter
1195 1371 1238 1406 ab
1260 1384 1325 1407 uno
1336 1372 1374 1406 ad
1388 1371 1523 1407 alterurn
1543 1372 1655 1421 polum
1670 1384 1726 1422 per
1738 1373 1781 1408 li-

399 1435 476 1459 neas
492 1423 560 1458 fere
568 1423 740 1458 aximundi
751 1423 916 1471 parallelas
937 1433 1130 1457 commeare.
1147 1424 1257 1468 anue
1265 1432 1324 1456 nec
1336 1421 1459 1469 regredi
1471 1422 1576 1469 potest
1587 1450 1596 1463 ,
1615 1433 1676 1457 nec
1691 1421 1781 1457 ulte-

399 1474 462 1508 rius
478 1470 583 1506 verffis
596 1484 704 1505 aerem
715 1500 725 1514 ‚
740 1483 793 1506 aut
802 1471 917 1507 coelum
932 1471 1082 1519 progredi
1099 1484 1106 1506 :
1124 1483 1189 1505 non
1202 1471 1284 1518 prius
1296 1470 1437 1517 quidem3
1448 1470 1499 1504 vel
1508 1471 1595 1518 quod
1610 1468 1716 1505 fiourae
1731 1473 1782 1520 ip-

401 1520 458 1556 fius
475 1532 588 1556 natura
603 1519 709 1555 obstet
721 1537 729 1563 ;
742 1518 805 1555 sive
819 1521 909 1570 hujus
921 1519 1097 1554 substantiae
1115 1517 1278 1568 particulae
1291 1516 1349 1553 sint
1363 1529 1515 1566 tanquam
1537 1500 1712 1554 minuffiulae
1725 1531 1782 1555 co-

399 1569 497 1605 chleae
514 1580 670 1604 contortae
681 1597 690 1612 ,
707 1580 743 1604 ut
753 1569 858 1617 placet
877 1567 1038 1612 Cartefio;
1056 1566 1110 1602 seu
1121 1567 1255 1603 alteram
1265 1569 1363 1603 nactae
1372 1566 1429 1602 fint
1440 1566 1573 1615 figuram
1587 1583 1596 1610 3
1611 1566 1662 1602 vel
1673 1569 1781 1616 potius

400 1619 489 1665 quod
502 1618 565 1652 alia
577 1617 745 1653 confimssis
757 1617 926 1653 substantia
941 1630 1010 1665 quae
1022 1628 1078 1664 per
1096 1628 1148 1651 eas
1160 1615 1254 1651 fibras
1278 1627 1368 1650 terrae
1384 1618 1589 1651 continenter
1607 1618 1778 1660 emittitur,

401 1667 482 1702 illius
502 1665 670 1715 regressum
685 1667 848 1714 impediat.
865 1667 977 1712 Qare
989 1678 1056 1713 quae
1072 1675 1128 1713 per
1148 1663 1261 1713 polum
1282 1665 1577 1713 Septentrionalem
1593 1663 1676 1700 subit
1697 1693 1707 1709 ,
1722 1677 1779 1712 per

402 1715 580 1751 Australem
591 1716 765 1763 egreditur.
785 1717 838 1750 Sic
850 1727 958 1763 neque
973 1712 1077 1749 versus
1089 1714 1206 1748 coelum
1218 1715 1279 1748 iter
1298 1712 1384 1748 suum
1397 1715 1585 1748 continuare
1594 1714 1708 1762 potest:
1721 1713 1779 1751 vel

398 1765 488 1811 quod
506 1766 538 1798 in
557 1775 632 1798 aere
644 1775 768 1799 meatus
781 1762 838 1798 fibi
850 1775 976 1812 aptatos
990 1775 1055 1798 non
1073 1760 1217 1797 offendat
1228 1761 1303 1804 ,vel
1315 1762 1402 1808 quod
1418 1762 1480 1796 alia
1493 1774 1623 1809 quoque
1639 1761 1778 1798 substan-

400 1815 444 1847 tia
453 1813 633 1858 magnetica
646 1812 687 1846 ab
697 1825 735 1846 ea
753 1812 826 1846 roeli
837 1812 929 1860 plaga
947 1814 981 1846 in
995 1822 1112 1846 terram
1125 1812 1327 1845 continenter
1344 1809 1497 1857 profluat,
1514 1823 1582 1857 quae
1595 1823 1630 1845 ut
1641 1811 1773 1847 videtur

398 1859 542 1896 Cartefio
553 1888 563 1902 ‚
578 1859 786 1906 globulorum
799 1859 968 1895 intervalla
977 1863 1044 1907 jam
1063 1869 1210 1906 occupat.

435 1912 548 1955 Qare
562 1908 723 1954 reliquum
735 1909 778 1942 est
801 1920 837 1943 ut
851 1909 1032 1955 magnetica
1056 1906 1108 1941 illa
1123 1905 1276 1954 profluvia
1296 1908 1377 1941 circa
1394 1905 1515 1941 telluris
1531 1905 1666 1954 globum
1681 1907 1774 1942 instat

398 1959 557 1992 vorticum
573 1968 705 2003 agantur
716 1985 726 1999 ‚
738 1969 875 2004 quaeque
887 1967 991 2004 partes
1015 1955 1291 2002 Septentrionales
1314 1954 1438 1990 subiere
1452 1983 1461 1997 ,
1481 1966 1537 2003 pet
1552 1955 1709 1991 Australes
1730 1968 1776 1992 te.

397 2017 517 2042 meent.
539 2006 625 2040 Cum
642 2016 698 2039 aut
718 2005 836 2040 ferrum
855 2007 887 2039 vi
905 2006 1085 2052 magnetica
1103 2003 1282 2047 imbutum,
1302 2016 1357 2038 aut
1375 2014 1559 2053 magnetem
1577 2002 1751 2040 offendunt
1764 2033 1776 2050 ,

398 2067 467 2090 tum
482 2052 631 2101 petillius
643 2066 739 2101 potos
751 2053 878 2088 liberius
890 2064 1083 2096 moventur,
1097 2058 1129 2089 δε
1148 2055 1180 2087 in
1196 2052 1240 2087 sui
1257 2052 1366 2088 mortis
1383 2052 1469 2101 leges
1484 2051 1662 2088 inflectunt.
1693 2054 1774 2089 Haec

397 2103 470 2139 sane
484 2103 524 2137 ad
536 2101 705 2137 libidinem
717 2101 792 2138 fista
805 2103 909 2137 videri
920 2100 1052 2148 possent,
1066 2100 1121 2136 nisi
1131 2101 1347 2149 phaenomenis
1357 2100 1426 2149 ipsis
1443 2101 1526 2136 adeo
1546 2104 1772 2146 convenirent,
1814 2123 1817 2126 ·
1848 2098 1850 2101 ¹

397 2165 433 2188 ut
445 2155 498 2186 vix
513 2153 687 2198 quicquam
705 2153 808 2200 aptius
819 2153 990 2199 excogitari
1009 2161 1117 2197 queat.

444 2202 524 2237 Non
540 2201 667 2248 aegrein
686 2199 878 2236 sententiam
891 2198 1014 2234 Clariis.
1031 2201 1176 2247 Hugenii
1189 2199 1379 2234 descendam
1403 2226 1412 2241 ‚
1432 2197 1561 2233 effluvia
1575 2211 1643 2246 quae
1663 2201 1772 2234 conti-

397 2261 510 2285 neuter
524 2249 542 2284 ὲι
557 2259 639 2283 tet-ra
652 2260 708 2296 pet
723 2248 822 2285 lineas
837 2248 919 2284 illius
942 2249 990 2282 axi
1007 2248 1171 2294 parallelas
1193 2259 1364 2296 erumpunt
1378 2275 1387 2290 ‚
1408 2259 1463 2295 per
1483 2248 1592 2295 polum
1613 2250 1770 2296 magnetis

398 2297 501 2332 subire
513 2327 522 2341 ‚
538 2303 571 2334 &
588 2310 645 2345 per
663 2297 763 2332 lineas
787 2298 899 2333 itidem
913 2296 1079 2345 parallelas
1093 2299 1143 2331 axi
1165 2298 1322 2345 magnetis
1340 2296 1506 2344 progredi,
1529 2309 1564 2330 ac
1584 2308 1639 2345 per
1658 2296 1770 2344 polum

397 2345 578 2394 oppositum
591 2349 678 2382 exire
694 2361 702 2383 :
718 2349 801 2382 circa
815 2357 1000 2396 magnetem
1016 2345 1104 2381 velut
1117 2348 1150 2381 in
1163 2345 1278 2381 orbem
1289 2351 1322 2382 ὅ(
1334 2345 1424 2380 instar
1442 2347 1573 2380 vorticis
1586 2358 1623 2380 ea
1637 2347 1768 2380 materia
