1878 2724
640 112 783 150 PARS
817 111 1061 149 TERTIA.
1359 159 1362 161 ,
1481 123 1535 162 659

637 210 670 248 C
693 213 724 249 A
747 213 772 248 Ρ
796 213 831 250 U
855 214 886 248 T
950 213 1027 248 1v.

551 311 608 344 De
630 309 719 361 chyli
744 314 778 348 in
802 311 891 359 vafis
909 311 1020 346 laneis
1030 319 1127 347 motu.

134 409 332 497 CHylus
342 411 377 446 in
387 407 571 460 veptriculo
584 409 725 446 formam
735 410 830 460 pultis
843 409 969 446 viscosae
980 410 1143 447 &tenacis
1158 419 1220 457 ρι’-τ
1230 406 1260 444 se
1272 408 1347 453 fert,
1362 410 1450 459 isque
1461 411 1533 449 sen-

212 460 278 496 ‘sim
287 463 477 495 continuata
491 458 645 495 fibrarum
654 461 880 496 contractione
892 473 948 509 per
960 459 1110 509 pylorum
1125 461 1157 494 in
1167 470 1262 494 tenue
1273 462 1468 507 protruditur
1482 465 1534 499 in-

128 512 392 547 testinumJ-linc
407 511 598 558 injejunuin
614 513 695 547 &in
714 511 775 545 alia
790 511 939 546 intestina
952 510 1221 556 defertur3atquc
1232 511 1263 544 in
1275 509 1342 558 ipso
1361 510 1491 547 tranfitu
1513 512 1535 548 ὲ

127 563 220 595 venis
233 560 344 595 ladkcis
360 557 446 607 quali
466 558 624 608 cxsugitur
638 589 648 602 ‚
666 573 722 608 per
738 573 817 608 quas
833 562 864 595 in
880 572 1056 595 commune
1077 558 1315 607 receptaculum
1330 559 1350 595 ἐι
1370 562 1536 609 Pecqucto

126 609 269 645 feliciter
282 620 448 657 repertum
461 637 469 651 ,
481 620 549 643 tum
560 622 593 644 in
606 610 738 644 ductum
750 610 946 646 thoracicum
964 620 1191 659 promovetur.
1211 609 1292 657 Qio
1305 622 1416 645 autern
1434 612 1536 646 modo

126 659 160 693 id
170 657 392 707 pegficiatussj
405 672 448 692 im
462 657 621 705 explicare
635 660 866 708 ingrediamur.

170 710 221 743 Ac
238 706 379 757 primum
395 707 472 742 illud
482 709 525 743 est
535 706 772 744 observandum
782 738 792 753 ‚
811 721 911 744 venas
923 708 1043 744 lacteas
1054 723 1125 759 quae
1138 712 1303 759 puriorem
1312 708 1399 758 chyli
1409 721 1535 758 partem

125 758 166 793 ad
182 757 373 801 setrahunt,
393 757 494 792 exiles
517 759 697 793 admodum
719 758 780 794 effe
793 788 802 802 ‚
818 764 851 796 ὅ(
869 770 980 794 tenues
998 772 1006 794 :
1031 758 1083 794 sed
1098 773 1210 795 eorum
1230 761 1386 808 exiguitas
1400 772 1536 794 numero

124 805 286 856 pensatur.
302 809 390 843 Hinc
407 818 513 842 tantus
532 809 574 843 est
591 809 816 843 intestinorum
830 807 972 844 ambitus
989 837 999 851 ‚
1023 822 1059 844 ut
1076 809 1181 859 plures
1203 810 1321 844 lacteas
1348 811 1534 857 excipiant:

127 858 207 904 quin
223 861 360 893 &motu
376 856 579 891 vermiculari
592 886 603 901 ‚
629 869 730 904 quem
742 857 974 905 peristalticum
997 871 1138 903 vocant,
1163 861 1282 907 quique
1301 860 1332 893 in
1348 858 1536 894 dill'effione

125 906 315 941 animalium
329 916 441 953 aperte
451 908 592 940 cernitur
607 934 616 948 ‚
637 904 699 940 sese
711 906 904 941 contrahunt
915 907 1062 942 intestina
1074 935 1084 951 ,
1097 920 1165 955 quo
1176 907 1289 956 chylus
1299 906 1447 942 deorsum
1458 921 1535 956 pro-

127 953 226 1002 trusus
245 954 285 989 ad
299 951 434 1003 lingulas
455 952 575 990 lacteas
591 953 653 989 sisti
692 953 776 991 offit.
807 956 871 990 Hae
885 957 1019 1004 quidem
1027 958 1118 1005 quod
1130 955 1188 992 fibi
1199 968 1315 1006 aptum
1326 956 1382 1000 est,
1396 955 1536 1002 sumunt,

125 1004 203 1039 dum
223 1016 293 1052 pars
311 1000 439 1038 crassior
458 1008 492 1039 &
513 1003 636 1038 inutilis
660 968 844 1040 AEcernitur.

163 1061 195 1090 20
204 1053 264 1087 Illa
282 1053 418 1100 purioris
432 1051 520 1100 chyli
535 1053 554 1087 ὲ
567 1051 713 1088 crasliore
724 1052 857 1088 secretio
870 1052 990 1101 duplici
1013 1055 1148 1102 quidem
1169 1056 1295 1090 ratione
1312 1053 1463 1100 explicari
1475 1068 1536 1105 po-

126 1102 207 1146 test,
220 1101 408 1136 mechanica
425 1102 578 1136 nimirum
593 1107 626 1138 &
640 1102 798 1151 chymica.
814 1101 865 1138 Ab
883 1103 950 1146 illa,
961 1116 1035 1138 curn
1049 1103 1268 1140 sitintellecku
1288 1103 1434 1147 facilior,
1454 1107 1537 1140 inci-

126 1152 284 1200 piendum
303 1164 311 1186 :
329 1150 382 1184 sed
394 1151 478 1198 prius
490 1150 531 1184 de
546 1151 771 1186 intestinorum
786 1151 951 1189 structura.
966 1155 1009 1188 Ea
1022 1154 1158 1201 quidem
1175 1152 1372 1188 membranis
1391 1155 1536 1190 constant

126 1213 199 1248 quae
214 1198 389 1236 ventriculi
402 1201 514 1233 tunicis
527 1212 611 1249 pene
623 1199 691 1235 sunt
704 1199 883 1236 consimiles
896 1219 906 1246 ·,
918 1204 1033 1237 intima
1049 1203 1164 1238 itidem
1182 1215 1296 1238 eorum
1315 1205 1424 1238 tunica
1440 1215 1537 1253 rugo-

126 1249 156 1285 sa
172 1250 215 1285 est
233 1255 267 1287 δε
286 1248 418 1296 crispata
431 1276 440 1291 ‚
452 1260 486 1283 ut
501 1248 598 1297 paulo
610 1247 730 1284 diutius
744 1250 878 1298 chylum
901 1254 1056 1288 retineat.
1071 1254 1168 1287 Hanc
1182 1254 1301 1300 excipit
1321 1251 1457 1287 nervosa
1477 1266 1535 1290 vc.

128 1300 303 1335 nisitidcm
321 1304 354 1335 ὅ(
369 1299 494 1332 arteriis
512 1297 676 1348 conspersa
692 1327 702 1342 ‚
719 1302 809 1334 omni
830 1312 949 1349 genere
965 1299 1118 1336 fibrarum
1136 1302 1294 1337 instructa.
1319 1303 1407 1336 Huic
1431 1300 1536 1338 succe-

127 1348 177 1383 dit
188 1346 318 1383 carnosa
335 1347 454 1396 duplici
465 1347 613 1383 constans
625 1349 743 1383 ordine
755 1347 908 1384 fibrarum
921 1367 930 1393 3
945 1353 1115 1385 interiores
1128 1350 1200 1386 sunt
1213 1350 1383 1386 annulares
1396 1379 1406 1393 ,
1415 1351 1536 1399 quibus

126 1398 280 1433 intestina
295 1398 551 1445 comprimuntur
569 1414 578 1440 3
596 1396 739 1447 superior
755 1397 850 1432 seties
879 1397 975 1434 fibras
995 1401 1095 1445 rectas
1118 1399 1358 1449 complectitur.
1381 1400 1536 1448 Utraque

126 1448 293 1482 contracta
308 1446 451 1482 intestini
469 1446 727 1494 profunditatem
746 1453 778 1484 &
793 1446 1033 1495 longitudinem
1047 1450 1190 1485 coarctat
1206 1477 1215 1494 ,
1228 1448 1317 1484 simul
1335 1454 1367 1486 &
1382 1462 1537 1486 contenta

125 1496 304 1532 antrorsum
329 1495 421 1545 pellit
436 1510 444 1532 :
463 1496 546 1530 adeo
560 1508 594 1530 ut
604 1508 697 1531 motu
717 1496 774 1532 illo
789 1487 897 1532 sensim
910 1497 1043 1534 succussa
1057 1499 1209 1534 intestina
1231 1498 1384 1547 chylum‚
1399 1505 1433 1536 ὅ(
1447 1499 1536 1535 feces

127 1546 286 1595 paulatim
300 1555 527 1594 promoveant*
547 1546 662 1582 Sensus
680 1545 849 1593 exquisitus
862 1559 989 1582 nerveae
1001 1550 1116 1583 tunicae
1130 1547 1273 1582 carnofias
1292 1547 1388 1583 fibras
1401 1548 1442 1583 ad
1453 1548 1537 1585 hunc

127 1607 253 1630 motum
275 1595 481 1630 determinat.
494 1592 601 1628 Fibras
615 1607 752 1631 nerveas
767 1597 867 1630 etiam
888 1598 1013 1632 irritant
1028 1597 1116 1647 chyli
1133 1597 1278 1644 reliquiae
1290 1626 1298 1641 ,
1317 1610 1386 1645 quae
1406 1600 1537 1646 puriore

127 1656 218 1693 parte
234 1644 322 1692 chyli
335 1642 472 1692 cxpreffa
487 1642 627 1679 molestie
642 1643 840 1681 fiunt.H.mc
855 1647 1066 1682 irritationem
1080 1658 1200 1695 augent
1220 1658 1289 1681 tum
1301 1646 1459 1682 alimenta
1482 1650 1534 1684 in-

126 1706 266 1743 congrua
281 1723 289 1736 ,
302 1706 368 1728 tum
380 1695 478 1728 etiam
489 1692 681 1740 pharmaca,
700 1706 756 1728 aut
773 1695 935 1730 interdum
955 1695 1217 1743 perturbationes
1242 1697 1344 1731 animi
1359 1696 1534 1742 violentae,

127 1755 200 1790 quae
215 1742 340 1790 spiritus
351 1742 506 1778 animiles
522 1742 739 1779 confundunt.
762 1745 889 1779 Extima
899 1747 1011 1780 tunica
1024 1757 1058 1780 ut
1079 1747 1112 1780 in
1128 1744 1311 1780 ventriculo
1325 1775 1335 1790 ,
1355 1744 1394 1779 sic
1414 1748 1447 1781 in
1461 1746 1533 1795 ipsis

129 1792 290 1827 intestinis
303 1804 373 1826 tota
390 1792 436 1826 est
456 1790 694 1830 membranosa.

162 1855 192 1886 ς’
203 1841 354 1877 Intestina
365 1839 668 1876 omnia-mesenterii
682 1846 819 1893 margini
831 1842 943 1891 rugoso
957 1871 967 1885 ‚
987 1844 1063 1879 &in
1074 1841 1172 1890 plicas
1183 1842 1324 1879 collecto
1333 1846 1535 1881 connectun-

131 1901 180 1926 tur
192 1920 200 1934 ‚
216 1896 248 1928 δε
263 1891 464 1926 coarctantur
476 1903 531 1934 3ac
545 1889 699 1927 fibrarum
713 1893 917 1928 annularium
937 1892 1085 1927 tendines
1102 1894 1134 1926 in
1149 1904 1221 1927 eam
1234 1889 1359 1941 partem
1375 1893 1534 1932 desinunt.

128 1941 182 1974 Sic
200 1939 351 1975 intestina
366 1942 397 1974 in
419 1952 521 1987 parvo
537 1939 638 1989 spatio
655 1944 734 1977 citra
757 1940 982 1977 confufionem
998 1969 1007 1983 ‚
1028 1953 1120 1976 motu
1139 1940 1229 1976 lento
1246 1948 1279 1979 δε
1298 1941 1469 1978 succeffivo
1491 1943 1535 1979 ab

128 2001 197 2023 uno
219 1990 359 2022 termino
374 1989 413 2022 ai
427 1988 527 2022 alium
543 1989 697 2037 paulatim
710 2003 884 2026 moventur
899 2007 909 2033 ;
922 2001 990 2025 tum
1004 1991 1116 2025 lacteae
1128 2002 1221 2025 venae
1235 2004 1305 2038 quae
1323 1990 1465 2039 obliquo
1478 1993 1536 2029 du.

130 2039 286 2074 &uinter
305 2036 532 2071 intestinorum
547 2039 670 2072 tunicas
683 2039 846 2081 feruntur,
872 2051 907 2073 ut
930 2051 1052 2072 urctres
1069 2041 1152 2073 inter
1174 2038 1283 2074 veficae
1302 2039 1511 2076 membranas
1523 2070 1537 2085 ‚

129 2087 262 2135 chylum
280 2087 441 2134 excipiunt
453 2114 462 2127 ,
478 2098 550 2130 cum
567 2098 623 2130 per
635 2098 764 2134 apertos
786 2090 816 2123 in
830 2086 922 2136 ipsius
938 2087 1079 2122 intestini
1095 2089 1200 2122 tunica
1214 2091 1425 2126 &interiores
1437 2102 1537 2137 poros

130 2136 352 2184 percolatione
366 2134 665 2182 quadaniillabitur.
681 2137 780 2182 Qvod
793 2140 903 2184 utique
915 2148 981 2172 tum
992 2135 1061 2172 fieri
1078 2166 1087 2180 ‚
1105 2135 1161 2171 ubi
1172 2138 1407 2173 contrastionis
1424 2151 1535 2174 motus

129 2184 352 2234 interpellatur
368 2213 376 2225 ‚
397 2183 469 2218 fiius
481 2185 609 2219 videtur
624 2181 805 2232 probabile.
819 2189 906 2224 Nam
918 2187 1092 2222 contractis
1107 2185 1260 2222 intestinis
1271 2189 1434 2222 arctantur
1445 2201 1535 2223 mea-

131 2246 180 2270 tus
194 2264 202 2276 ‚
221 2246 281 2269 nec
300 2232 537 2282 chyluslasteus
561 2233 645 2269 subit
661 2265 670 2278 ,
696 2234 751 2270 nisi
767 2247 839 2271 cum
858 2248 981 2271 meatus
1004 2235 1087 2271 fiunt
1100 2236 1291 2285 apertiores.
1326 2240 1439 2284 Itaque
1458 2251 1533 2272 mo..

130 2296 181 2319 tus
206 2283 415 2331 peristtilticus
438 2282 571 2329 chylum
592 2285 626 2319 in
644 2283 763 2318 lacteas
784 2298 849 2320 non
868 2286 969 2320 trudit
988 2298 995 2319 ε
1021 2284 1072 2320 sed
1087 2296 1162 2320 eum
1175 2283 1194 2319 ὲ
1221 2284 1418 2329 ventriculo,
1437 2289 1533 2322 &in-

131 2333 258 2369 testinis
273 2331 422 2368 deorsum
439 2331 664 2381 pellit,&jam
676 2333 788 2371 lacteis
796 2346 966 2384 receptum
980 2331 1085 2381 versus
1102 2346 1276 2371 commune
1292 2335 1533 2384 receptaculum

135 2394 246 2431 urget.

1172 2434 1210 2476 O
1222 2446 1242 2469 0
1255 2447 1276 2469 o
1288 2447 1308 2469 o
1340 2435 1360 2483 ij
