1878 2724
410 194 467 231 57⁰
914 174 939 208 P
963 173 998 208 H
1019 172 1053 208 Y
1074 173 1096 207 S
1119 172 1134 207 1
1157 169 1188 207 C
1213 173 1252 209 AE

412 245 456 267 no
474 229 720 277 supervacaneas
731 255 739 267 ,
755 233 791 256 ur
805 220 858 263 suo
871 219 944 256 loco
957 220 1169 257 ostendimus.
1188 222 1290 270 Qod
1302 233 1382 258 vero
1399 232 1521 272 negant
1540 224 1645 260 radios
1659 224 1746 274 posse
1763 224 1800 266 *in

412 283 445 314 in
456 278 557 314 fundo
567 275 650 310 oculi
665 282 856 309 concurrere
866 299 876 315 ,
893 271 927 305 id
939 270 1025 306 forte
1035 282 1148 306 verum
1166 271 1241 306 effe:
1250 300 1260 316 ,
1274 271 1330 308 nisi
1341 271 1537 322 crystallinus
1558 272 1721 322 globofior
1745 289 1798 312 ra-

412 330 482 363 dios
504 326 668 372 frangeret
682 328 716 360 &
729 319 924 357 inflecteret.
945 320 1075 357 Deinde
1091 332 1180 356 uveae
1199 319 1348 358 foramen
1360 351 1370 366 ,
1390 334 1464 357 cum
1478 320 1640 370 objeQum
1654 325 1700 358 est
1717 328 1798 361 vici-

409 378 478 412 nius
489 402 499 417 ,
510 376 598 408 varie
612 373 846 420 constringitur.
860 371 1055 416 Qinetiarn
1075 369 1270 418 crystallinus
1293 371 1409 407 humor
1425 370 1620 420 procelsuum
1641 371 1796 411 ciliarium

409 436 472 471 ope
485 423 569 458 forte
588 421 624 458 fit
641 422 850 471 planior,aut
865 418 1035 468 globofior.
1052 422 1123 454 Inio
1135 418 1205 454 satis
1224 419 1301 455 illud
1322 420 1451 456 videtur
1465 419 1638 469 probabile
1661 421 1798 470 idipsum

409 472 559 520 obliquos
586 473 673 507 oculi
699 469 854 506 musculos
873 469 1021 518 praestare
1039 482 1049 504 ε
1073 469 1157 503 adeo
1175 480 1211 503 ut
1229 468 1446 517 crystallinum
1472 471 1603 519 propius
1618 469 1795 519 aliquando

408 523 561 557 foramini
575 533 666 556 uveae
680 522 879 555 admoveant
892 547 901 563 ,
919 529 955 553 ut
973 520 1020 552 rei
1034 516 1162 553 vifibilis
1173 516 1263 562 situs,
1284 530 1338 554 aut
1357 518 1504 554 distantia
1516 521 1670 566 exegerit.
1689 520 1796 568 Atque

402 583 439 606 ut
453 574 486 606 in
499 569 596 605 oculo
613 568 775 606 artificiali
793 567 869 611 ,ubi
888 568 998 602 charta
1008 569 1067 603 rite
1078 566 1274 612 collocatur,
1290 580 1324 603 ut
1337 567 1503 617 objeaum
1524 567 1636 616 procul
1656 567 1795 606 diffitum

411 618 588 664 exhibeat,
604 619 685 656 nihil
699 616 823 655 neceffe
833 617 880 651 est
892 628 963 652 eam
979 615 1097 653 alente
1113 629 1163 651 ma
1190 618 1213 650 is
1238 629 1409 652 removere
1420 646 1430 660 ,
1445 630 1510 664 quo
1527 617 1655 652 alterius
1673 616 1795 666 objeffl

405 671 572 715 aliquanto
588 672 687 719 magis
702 665 802 703 dissiti
817 666 930 700 reddat
949 667 1145 714 imaginem:
1163 629 1202 700 ΞΕ
1211 665 1443 716 ubiobjetstuni
1461 667 1582 716 longius
1600 678 1795 715 removetur,

402 718 490 755 nulla
501 717 570 752 fere
585 721 619 754 in
630 717 725 753 oculo
740 716 777 752 fit
790 717 942 757 mutatio,
956 728 1028 750 cum
1045 714 1182 751 multum
1191 727 1323 764 augetur
1337 715 1419 750 illius
1435 716 1600 751 distantia.

439 769 527 816 Opp.
550 781 578 803 2.
596 771 639 803 Ea
650 766 841 802 membrana
850 777 923 811 quae
938 776 1044 799 rerum
1061 766 1217 812 imagines
1227 767 1258 800 in
1271 764 1374 800 fundo
1389 764 1475 799 oculi
1488 765 1626 813 excipit,
1643 777 1708 800 non
1721 764 1793 814 pla..

401 830 442 851 na
455 817 501 852 est
512 845 521 859 ,
533 827 568 850 ut
581 818 691 852 charta
704 819 736 851 in
749 813 844 850 oculo
855 812 1034 857 artificiali,
1043 812 1097 847 vel
1108 815 1141 848 in
1150 811 1287 848 obscuro
1302 813 1451 849 cubiculo
1464 825 1541 863 apte
1554 813 1722 859 collocata,
1740 813 1792 850 sed

401 877 545 901 concava
558 893 566 908 ,
585 868 618 901 in
640 878 703 913 qua
714 864 878 907 distortas,
895 874 930 897 ut
943 865 976 898 in
988 861 1117 911 speculo
1146 874 1291 900 concavo
1305 875 1413 898 rerum
1429 865 1584 912 imagines
1612 863 1704 898 reddi
1729 875 1792 906 ne·⁴

401 913 481 949 celse
497 914 555 949 est.

434 964 520 1012 Resp.
537 965 661 997 Rerum
678 959 797 1009 species
810 964 991 1009 &majores
1004 964 1057 1003 ,&
1070 959 1330 995 distinffioresin
1355 972 1436 996 cavo
1460 962 1601 1009 imprimi
1617 973 1734 1008 ,quam
1754 965 1789 998 in

398 1012 515 1061 plano:
537 1011 715 1046 dummodo
732 1011 842 1045 charta
855 1022 924 1056 quae
944 1011 1062 1057 excipit
1074 1036 1081 1045 ‚
1110 1009 1179 1043 fere
1205 1007 1240 1042 fit
1259 1008 1502 1045 homocentrica
1520 1022 1593 1044 cum
1612 1009 1700 1045 lente
1714 1011 1789 1059 ipsa.

401 1061 504 1107 Qiod
526 1059 567 1094 ab
581 1058 762 1094 Archiduce
778 1057 1008 1094 Maximiliano
1022 1057 1101 1092 olim
1119 1056 1324 1092 observatum
1340 1058 1400 1092 fuit
1417 1088 1426 1102 ,
1442 1060 1518 1093 dum
1533 1061 1698 1107 ingentem
1713 1059 1788 1109 glo..

399 1109 480 1144 bum
496 1110 637 1144 extruxit
649 1136 658 1150 ,
670 1110 703 1142 in
718 1120 834 1155 quem,
853 1110 897 1142 ait
911 1106 1102 1142 Scheinerus
1115 1135 1125 1149 ,
1149 1105 1328 1153 introgreffi
1345 1106 1596 1142 admittebamus
1613 1119 1720 1143 rerum
1736 1121 1789 1144 ex·
1832 1106 1834 1109 ”

398 1170 560 1194 ternarum
572 1169 630 1206 per
643 1156 765 1192 lentem
787 1169 968 1193 convexam
981 1157 1014 1190 in
1028 1157 1186 1203 parietem
1203 1167 1383 1191 concavum
1401 1155 1518 1201 species
1532 1185 1541 1199 ,
1558 1169 1630 1204 qua:
1645 1156 1690 1191 ob
1707 1159 1790 1206 idip-

398 1208 465 1242 sum
484 1208 582 1255 longe
605 1207 800 1250 ordinatius,
820 1211 854 1242 δ(
873 1204 1044 1253 ampliores
1069 1203 1267 1241 videbantur
1286 1233 1296 1247 ,
1316 1210 1351 1242 &
1374 1205 1554 1241 distinffius
1581 1205 1784 1255 conipofitae‚

398 1269 497 1304 quam
510 1255 531 1291 si
549 1258 582 1290 in
599 1254 801 1303 superficiem
817 1254 960 1301 aliquam
976 1253 1106 1302 planam
1122 1253 1244 1301 allapsae
1265 1252 1373 1288 essent.

430 1307 514 1355 Opp.
529 1320 551 1351 3.
570 1306 694 1339 Rerum
712 1303 872 1339 simulacra
881 1315 939 1351 per
959 1303 1121 1337 radiorum
1132 1301 1299 1351 penicillos
1312 1305 1345 1337 in
1357 1302 1458 1339 fundo
1478 1303 1582 1347 oculi,
1599 1306 1678 1341 utin
1692 1304 1786 1340 cubi-

396 1354 470 1390 culo
488 1353 592 1389 clauso
606 1354 736 1403 depingi
747 1352 892 1402 poliunt,
904 1351 956 1386 sed
967 1354 1004 1386 ea
1019 1365 1084 1387 non
1106 1353 1291 1400 expriment
1309 1364 1358 1386 res
1374 1351 1454 1400 ipsas
1470 1366 1542 1401 quae
1559 1354 1713 1388 videntur.
1742 1368 1783 1393 ιὰ.

395 1406 484 1439 enim
496 1403 619 1439 inversa
636 1405 829 1451 pinguntur:
848 1401 963 1436 deinde
972 1413 1039 1436 non
1058 1400 1195 1449 ejusdem
1206 1399 1274 1435 sunt
1293 1399 1399 1449 figurae
1416 1414 1488 1437 cum
1499 1400 1593 1436 rebus
1606 1401 1679 1451 ipfis‘
1701 1416 1781 1451 quas

395 1452 563 1489 exhibent.
590 1454 678 1488 Nam
693 1464 807 1500 corpus
822 1449 956 1486 solidum
971 1462 1026 1498 per
1038 1449 1238 1498 superficiem
1256 1452 1289 1485 in
1309 1450 1405 1485 oculo
1424 1452 1632 1495 delineatam,
1646 1452 1782 1488 circulus

393 1515 452 1552 per
473 1500 615 1549 'ellipsim
631 1531 641 1545 ,
656 1501 848 1548 quadratum
865 1512 923 1549 per
936 1498 1071 1548 figuram
1089 1498 1320 1548 oblongiorem
1339 1499 1517 1535 exhibetur.
1543 1503 1624 1549 Ergo
1645 1513 1782 1550 percep-

396 1555 443 1586 tio
462 1554 509 1586 rei
527 1550 655 1585 visibilis
670 1549 861 1585 duciuillius
880 1550 1027 1597 imaginis
1045 1561 1114 1596 quae
1124 1551 1157 1583 in
1176 1548 1277 1584 fundo
1291 1549 1376 1582 oculi
1390 1551 1601 1598 imprimitur,
1614 1563 1681 1585 non
1699 1563 1778 1585 con-

395 1604 531 1637 tinetur:
550 1599 602 1635 sed
619 1599 738 1648 species
755 1600 884 1635 admitti
896 1597 1014 1641 debet,
1033 1610 1104 1645 quae
1122 1596 1157 1632 sir
1174 1610 1223 1633 tes
1249 1597 1314 1646 ipsa
1336 1600 1368 1633 in
1383 1597 1660 1647 repraesentando,
1681 1610 1716 1634 ut
1729 1598 1778 1634 lo.

394 1662 544 1697 quuntur‚
558 1651 645 1685 unde
659 1655 692 1686 &
704 1648 926 1684 intentionalis
945 1649 1116 1683 vocitatur.

433 1699 521 1747 Resp.
544 1698 652 1735 Aliam
668 1697 729 1733 effe
740 1695 1034 1746 reiimpresfionem
1045 1697 1077 1731 in
1088 1695 1169 1731 visus
1180 1708 1312 1745 organo,
1328 1695 1422 1731 aliam
1435 1697 1698 1745 perceptionem:
1723 1695 1778 1732 illa

389 1748 543 1795 judicium
557 1748 701 1782 nostrum
719 1761 786 1782 non
798 1748 1011 1789 determinat,
1032 1757 1068 1780 ut
1085 1745 1212 1781 oculum
1229 1743 1347 1788 afficit,
1364 1745 1416 1780 vel
1435 1747 1473 1780 ad
1489 1745 1612 1780 cerebri
1627 1747 1778 1780 interiora

392 1798 592 1842 perducitur,
603 1795 654 1831 sed
673 1809 830 1843 quatenus
844 1797 883 1830 ad
900 1794 1065 1842 objectum
1081 1794 1183 1842 ipsum
1205 1796 1348 1843 dirigitur
1361 1806 1368 1827 :
1381 1793 1467 1842 quasi
1483 1795 1589 1829 oculus
1608 1795 1712 1828 radios
1726 1798 1777 1829 vi-

392 1845 501 1880 braret
517 1875 526 1888 ,
551 1859 616 1879 non
632 1848 803 1893 exciperet.
832 1847 929 1879 Secus
945 1856 992 1878 res
1015 1843 1131 1880 eversae
1143 1873 1153 1887 ,
1171 1855 1205 1878 ut
1221 1846 1254 1878 in
1281 1845 1382 1877 retina
1401 1845 1635 1891 depinguntur,
1656 1856 1721 1878 non
1738 1845 1774 1878 in

391 1897 528 1942 propriis
551 1894 628 1927 locis
649 1893 860 1940 apparebunt.
880 1896 920 1927 In
939 1905 1014 1927 eum
1029 1896 1148 1939 quippe
1163 1891 1251 1926 usum
1267 1890 1365 1925 sensus
1382 1891 1523 1925 anatum
1536 1891 1606 1926 sunt
1624 1890 1773 1935 concern,

391 1955 427 1976 ut
444 1955 492 1976 res
510 1944 542 1975 in
564 1943 700 1988 propriis
718 1941 796 1975 locis
812 1952 978 1988 perceptas
992 1951 1048 1973 aut
1064 1940 1223 1987 fugiamus
1238 1968 1247 1982 ,
1261 1938 1282 1973 si
1299 1941 1405 1974 noxiae
1418 1968 1427 1981 ,
1447 1951 1502 1973 aut
1523 1939 1772 1988 prosequamur,

390 1990 412 2024 si
425 1990 550 2025 inutiles
561 1989 752 2037 judicentur.
765 1991 852 2024 Hinc
862 2000 962 2022 caecus
982 1990 1036 2035 qui
1054 1987 1176 2022 baculis
1194 1986 1357 2027 decussatis
1373 1987 1503 2036 objecta
1523 1991 1625 2038 tangit
1639 2017 1649 2031 ,
1660 1989 1787 2024 dextro·

390 2039 507 2074 baculo
520 2051 589 2086 quae
600 2039 639 2072 ad
653 2037 807 2074 sinistram
821 2038 890 2072 sunt
901 2035 1000 2085 posita
1013 2065 1022 2079 ‚
1039 2039 1176 2086 percipit
1188 2038 1295 2084 :quod
1314 2039 1362 2072 vis
1376 2066 1385 2080 ,
1395 2043 1427 2074 &
1439 2036 1525 2085 quafi
1539 2039 1680 2073 intentio
1699 2040 1772 2074 ani..

388 2102 448 2124 mae
465 2089 505 2122 ad
537 2099 586 2122 res
605 2086 685 2135 ipsas
704 2101 783 2136 quas
795 2089 950 2137 percipit,
979 2087 1203 2135 progrediatur
1220 2115 1231 2129 ,
1247 2086 1409 2121 radiorum
1429 2086 1517 2121 velut
1531 2086 1700 2135 impulsum
1720 2087 1771 2122 se-

387 2137 532 2186 sequenS.
573 2137 640 2173 Res
664 2139 762 2185 igitur
781 2148 917 2185 quaeque
942 2137 974 2169 in
997 2148 1037 2170 eo
1069 2134 1125 2171 litu
1152 2138 1316 2178 cernitur,
1341 2136 1381 2170 ad
1409 2148 1508 2183 quem
1534 2135 1660 2184 pupilla:
1683 2137 1768 2170 acies

386 2189 595 2222 convertitur.
610 2187 698 2222 Hinc
707 2189 742 2222 in
755 2185 881 2236 speculo
892 2184 1038 2219 deorsum
1047 2189 1177 2233 jacente
1189 2214 1199 2229 ,
1214 2196 1249 2220 ut
1262 2186 1296 2220 in
1309 2197 1390 2233 aqua
1399 2214 1408 2230 ,
1426 2184 1555 2234 objecta
1567 2197 1696 2233 quaeque
1711 2185 1769 2219 de..

387 2235 485 2284 prtll'a
504 2246 670 2285 apparent.

420 2284 552 2329 Instabis
568 2285 670 2323 Unde
693 2297 773 2333 ergo
789 2285 900 2321 muscae
921 2288 955 2320 ὃ(
979 2282 1039 2318 alia
1053 2283 1246 2319 animalcula
1270 2294 1321 2320 tot
1336 2282 1436 2319 oculis
1447 2284 1587 2333 praedsta,
1603 2294 1670 2318 non
1682 2280 1766 2317 mul-

382 2335 483 2381 tiplex
495 2364 503 2378 ,
525 2334 577 2369 sed
591 2347 689 2371 unum
704 2347 829 2370 tantum
853 2333 1020 2383 objedkum
1036 2336 1225 2382 percipiunt.

422 2384 508 2432 Refp.
522 2384 614 2418 Idem
632 2385 672 2418 de
688 2384 820 2420 homine
834 2389 868 2421 &
883 2383 1013 2432 reliquis
1036 2382 1254 2418 animantibus
1274 2384 1367 2429 quaeri
1383 2379 1467 2430 posse
1483 2411 1492 2425 ,
1508 2394 1561 2416 cur
1577 2379 1618 2414 ab
1637 2381 1673 2413 iis
1691 2378 1765 2414 fim-

384 2431 458 2479 [ἧι-,νς
472 2446 534 2468 non
546 2435 710 2481 geminata
727 2446 776 2471 res
793 2435 948 2472 videatur.
970 2434 1090 2481 Neque
1101 2433 1133 2467 id
1144 2433 1259 2467 accidit
1273 2460 1283 2476 ‚
1298 2433 1387 2481 quod
1407 2431 1525 2481 species
1539 2433 1574 2466 in
1590 2441 1763 2467 nervorum
