1878 2724
438 104 791 154 'r-RACTATU‘S
830 112 1148 153 SECUNDUS.
1446 132 1511 155 ω.

104 167 185 203 inea
198 165 358 203 sententia
373 164 434 202 effe
445 166 665 202 heterodoxos
678 194 688 209 ‚
705 177 742 200 ut
763 175 910 201 naturam
930 158 1072 213 corporis
1090 167 1126 200 in
1151 162 1269 212 triplici
1298 162 1508 201 dimenfione'

105 216 345 253 constituerent.
366 217 429 251 Sed
444 219 553 252 Patres
563 228 629 251 non
639 214 725 249 aliud
735 215 975 249 decernendum
991 214 1169 256 credidere,
1186 224 1286 261 quam
1299 215 1390 259 quod
1411 218 1497 249 Scri-

131 277 198 301 tura
210 293 221 309 ,
234 266 324 313 quod
340 277 494 315 perpetua
506 293 516 308 ,
530 265 619 312 quod
632 262 821 299 universalis
840 264 973 298 traditio
985 263 1182 298 credendum
1193 262 1368 310 proposuit,
1383 277 1498 312 parum

104 278 231 352 solliciti
242 315 282 349 de
297 315 445 351 humanis
465 312 646 349 rationibus
658 342 668 357 ‚
680 325 751 361 quae
761 312 825 347 huc
837 312 913 347 illuc
920 312 1006 348 fleffi
1016 310 1151 360 potsunt.
1175 314 1262 346 Rem
1274 313 1318 345 ita
1330 310 1390 346 effe
1404 325 1439 348 ut
1461 313 1499 348 fi-

105 364 163 399 des
178 365 284 408 tradit,
301 376 454 412 tanquam
470 375 593 398 certum
610 367 643 400 δε
657 360 877 398 indubitatum
888 362 1069 397 statuerunt
1082 374 1167 409 :quo
1177 372 1283 396 autem
1295 361 1396 396 modo
1407 365 1498 399 Deus

102 425 176 448 tem
191 413 273 448 adeo
286 411 630 449 mirabilemefficetet
640 439 650 454 ,
661 424 730 447 non
741 412 786 445 ita
800 413 898 446 anxie
917 409 1078 459 quaefiere.

153 463 299 498 Eandem
318 465 350 498 in
362 461 759 511 explicandisrChristianae
777 459 941 507 religionis
959 459 1122 508 mysteriis
1133 461 1247 494 ineunt
1262 461 1347 494 viam
1363 461 1416 494 SS.
1436 461 1499 495 Pa-

104 522 169 548 tres
184 541 195 555 ,
217 523 322 559 neque
341 524 380 546 ea
394 511 435 545 ad
452 512 603 546 notiones
622 507 862 557 philosophicas
874 535 884 550 ,
916 506 969 542 sed
990 510 1032 542 ad
1051 511 1142 544 unius
1169 507 1247 542 fidei
1271 514 1304 545 &
1318 509 1500 545 traditionis

106 573 254 596 normam
264 563 409 608 exigunt3
419 571 480 594 nee
492 557 644 592 dubitant
656 558 734 604 quin
745 556 798 590 sua
812 556 968 604 mysteriis
982 559 1098 591 vetitas
1116 557 1243 592 constet
1253 586 1263 600 ‚
1278 556 1404 591 tametsi
1417 571 1500 593 non-

106 610 183 644 durn
193 609 384 658 perspiciunt
397 636 406 651 ,
418 619 482 654 qua
499 609 626 642 ratione
642 619 716 642 cum
726 616 848 640 naturae
864 603 987 654 legibus
1004 617 1043 640 ea
1055 605 1235 640 cohaereant
1251 635 1260 649 ,
1275 608 1414 641 omnino
1430 620 1502 655 per„

106 657 182 696 suasi
195 661 270 694 Deo
285 654 343 705 ipfi
359 658 447 693 viam
469 660 503 693 &
519 658 681 692 tationem
702 653 764 691 effe
782 652 983 705 perspectam
999 683 1011 700 ,
1024 667 1088 704 qua
1104 652 1222 690 efficiat
1244 667 1314 703 quat
1332 654 1428 690 nobis
1452 668 1503 691 re-

108 705 240 743 velavit.

139 757 262 804 Neque
279 768 334 793 eos
353 756 550 807 fugiebant,
568 768 641 803 quae
651 755 759 792 afferri
780 755 885 792 solent
908 752 1131 790 difficultates:
1147 755 1226 801 quin
1248 757 1283 789 ἃ
1307 765 1358 788 eas
1383 753 1502 787 identi-

107 805 184 840 dem
197 807 382 855 attingunt‚
395 818 430 841 ac
450 804 582 841 subinde
599 818 737 841 monent
747 819 812 842 non
823 804 998 841 elseinhac
1012 814 1101 852 parte
1116 802 1283 838 fidendum
1295 800 1432 838 sensibus
1445 819 1453 845 3
1469 809 1502 840 ξε

106 866 270 903 procerto
279 856 458 890 tenendum
476 854 566 902 quod
582 855 848 901 credimus‚‘non
863 853 1000 902 amplius
1024 864 1142 901 panem
1158 881 1168 895 ,
1184 854 1331 900 quamvis
1361 850 1443 886 visus
1470 857 1504 888 &

104 903 211 952 gustus
222 906 268 939 ita
282 904 429 953 judicent
440 932 450 947 ,
466 902 518 938 sed
537 916 652 951 corpus
666 904 790 939 Christi
806 903 939 940 existere
954 918 964 947 ς
978 900 1137 937 urdiscrte
1155 900 1294 949 explicat
1306 902 1337 936 S.
1361 901 1503 949 Cyrillus

105 950 522 1002 Hierosolymit.catechefi
532 967 565 999 4.
581 955 761 997 Mirantur,
777 952 834 1001 qui
854 952 923 990 fieri
935 949 1030 1001 poffit
1042 981 1052 997 ,
1070 962 1105 985 ut
1117 963 1233 998 corpus
1248 950 1373 985 Christi
1393 962 1443 985 tot
1466 950 1505 985 fi-

107 1000 232 1037 delium
247 1001 392 1037 millibus
410 1001 626 1046 distributum,
640 1004 805 1051 integrum
820 1012 1011 1051 permaneat
1022 1030 1032 1044 ,
1045 1012 1081 1035 ut
1092 1002 1223 1048 Gregor.
1240 998 1402 1048 Nylsenus
1424 1012 1504 1035 orat.

105 1049 306 1095 37.·Verssm
316 1051 442 1100 longius
458 1049 588 1086 fortasse
604 1054 796 1086 excurrimus
813 1081 823 1095 ,
837 1063 975 1099 quaeque
987 1048 1029 1085 ab
1041 1052 1078 1084 iis
1090 1052 1148 1097 qui
1162 1048 1338 1097 polemicas
1360 1049 1505 1097 quaestio-

107 1102 437 1149 nes-pertractaruntg
455 1103 523 1147 jam
537 1100 717 1136 identidem
731 1099 802 1136 sunt
822 1101 920 1135 allata
932 1102 1108 1149 regerimus
1124 1127 1134 1142 ,
1158 1110 1194 1132 ut
1214 1097 1398 1147 intelligant
1422 1097 1506 1132 fide-

107 1147 155 1186 les
169 1149 304 1184 rationis
325 1148 436 1184 lumen
453 1151 661 1196 quantumvis
689 1148 855 1198 splendeat
869 1177 880 1193 ‚
901 1148 977 1184 fidei
997 1148 1051 1182 vel
1073 1146 1209 1181 obscuro
1229 1147 1345 1181 lumini
1366 1146 1503 1181 subdere

110 1209 265 1246 oportere
278 1214 288 1242 ·,
306 1211 378 1245 qua:
389 1197 473 1233 sacra
483 1199 644 1245 Scriptura
656 1227 666 1241 ,
678 1211 746 1246 quae
759 1193 866 1234 saneta
884 1197 981 1232 tradit
994 1194 1131 1231 Ecclesia
1143 1225 1152 1239 ‚
1170 1207 1283 1244 parato
1298 1201 1333 1232 &
1355 1193 1505 1230 submisso

109 1249 222 1281 animo
233 1245 294 1281 else
311 1247 518 1294 excipienda:
531 1258 602 1293 quae
615 1246 679 1294 ipsa
693 1248 806 1281 reticet
817 1258 872 1281 aut
892 1245 1035 1281 occultat
1046 1273 1056 1288 ,
1073 1257 1140 1279 non
1161 1243 1221 1278 else
1236 1243 1383 1279 curiosius
1397 1246 1506 1292 inqui-

109 1295 229 1338 renda;
245 1294 355 1330 frustra
365 1308 424 1330 nos
444 1307 482 1329 ea
496 1293 625 1329 scrutari
645 1307 702 1330 aut
719 1307 830 1330 mente
851 1294 1005 1342 consequi
1028 1292 1113 1329 velle
1127 1323 1136 1336 ‚
1156 1305 1226 1340 quae
1251 1305 1310 1327 nec
1323 1297 1505 1342 penetrari,

89 1372 91 1376 .
109 1356 171 1381 nec
183 1344 417 1393 comprehendi
427 1343 552 1393 poffiint
564 1358 572 1379 z
585 1342 665 1378 fides
683 1347 769 1379 enim
779 1344 801 1381 ὲ
816 1343 912 1380 nobis
924 1342 1116 1391 obsequium
1129 1344 1230 1390 exigit
1240 1370 1249 1384 ‚
1261 1355 1275 1377 r
1285 1356 1327 1378 on
1351 1342 1504 1378 curiosam

111 1390 340 1430 &instabilem
353 1395 486 1430 rationis
500 1392 761 1440 inquisitionem,
784 1405 822 1430 ut
831 1392 941 1442 pulcre
953 1393 1110 1428 admonet
1131 1390 1426 1439 S.Clirys0st0mus
1447 1391 1506 1426 ho-

109 1441 179 1479 mil.
198 1442 570 1491 28.in]oannem.1dem
585 1440 724 1478 scribens
736 1444 770 1478 in
787 1443 881 1492 Epist.
895 1456 917 1478 1.
938 1443 977 1477 ad
987 1439 1096 1477 Theff.
1111 1441 1175 1474 Ad
1190 1439 1266 1479 hoc,
1285 1442 1392 1487 inquit
1406 1470 1415 1484 ,
1433 1453 1505 1475 con-

100 1492 290 1540 fugiamus,
305 1491 391 1539 qnba'
404 1491 489 1525 nihil
499 1491 545 1537 fit
562 1491 650 1537 quod
663 1494 757 1527 Deus
769 1505 828 1527 non
841 1491 950 1541 poffit.
967 1491 1006 1526 ό·
1019 1489 1309 1536 nonfizcilefaciat.
1325 1492 1436 1525 Docet
1446 1502 1504 1524 eo-

113 1539 189 1575 dem
208 1541 281 1579 loco
294 1540 494 1576 obluctantis
515 1541 647 1575 rationis
659 1542 879 1588 reprimendas
898 1539 961 1576 effe
984 1541 1199 1589 cogitationes
1216 1568 1226 1582 ‚
1245 1543 1278 1576 ὅ(
1298 1538 1418 1574 divina:
1448 1551 1505 1574 au-

114 1588 278 1624 thoritatis
296 1590 439 1639 pondere
454 1587 515 1624 else
526 1588 719 1623 co'c'rcendas
735 1603 743 1624 :
759 1589 893 1637 Qando
905 1616 916 1632 ‚
933 1591 1039 1636 inquit
1054 1616 1065 1631 ,
1086 1590 1177 1621 Deus
1194 1587 1237 1632 est
1250 1587 1354 1636 opr'ftx
1364 1615 1374 1627 ,
1392 1589 1508 1624 cedam

111 1650 230 1673 omnla.

110 1691 113 1693 ’
149 1688 200 1722 Ut
221 1686 324 1724 verbo
342 1686 559 1735 commerita,
576 1700 649 1736 quae
663 1691 697 1724 in
709 1689 792 1724 hanc
815 1699 884 1722 rem
898 1685 1011 1735 scripta
1024 1685 1105 1727 sunt,
1122 1682 1258 1721 &scribi
1271 1683 1399 1732 possunt
1409 1683 1509 1733 pluri-

113 1748 167 1770 ma
181 1765 190 1778 ,
203 1737 234 1770 id
246 1736 424 1770 concedere
445 1734 602 1783 possumus
614 1736 760 1772 Cartefio
773 1735 994 1771 extensionem
1012 1734 1032 1770 ὲι
1045 1745 1180 1781 corpore
1191 1733 1304 1768 divelli
1322 1746 1386 1768 non
1404 1732 1502 1782 posse,

114 1783 137 1819 fi
156 1784 272 1822 starum
286 1783 372 1818 illius
386 1783 565 1819 naturalem
579 1785 755 1834 speritemus
768 1799 856 1830 ‚non
872 1787 951 1820 item
973 1782 994 1818 fi
1006 1783 1257 1830 omnipotentiae
1281 1783 1400 1817 divinae
1425 1786 1508 1817 ratio

112 1832 282 1871 habeatur.
310 1836 439 1868 Fatetur
454 1835 542 1868 enim
556 1835 755 1884 inRespons.
772 1835 812 1869 ad
825 1833 946 1883 object.
968 1848 1008 1879 4.
1028 1831 1131 1867 multa
1160 1831 1179 1867 ἐι
1205 1835 1280 1867 Deo
1293 1830 1376 1866 effici
1396 1830 1481 1878 posse
1495 1861 1506 1875 ,

116 1894 187 1929 quae
203 1882 256 1931 ipsi
270 1880 423 1929 consequi
432 1884 543 1917 animo
557 1897 622 1920 non
634 1883 794 1933 poffumus
804 1912 814 1927 ,
830 1896 926 1931 quam
951 1881 1053 1917 multa
1063 1879 1158 1916 nobis
1171 1880 1275 1915 videri
1286 1879 1508 1929 impossibilia,

115 1944 184 1979 quae
199 1943 410 1981 apparentem
424 1931 579 1967 duntaxat
590 1963 600 1977 ‚
612 1947 682 1969 non
692 1945 801 1969 veram
811 1933 988 1969 involvunt
998 1929 1302 1966 contradictionem.
1313 1930 1394 1965 Illud
1410 1933 1508 1965 etiam

70 2005 73 2007 -
117 1991 282 2027 utcunque
293 1980 471 2016 concedam
485 2009 494 2023 ,
504 1984 592 2028 quod
604 1983 722 2018 eodem
732 1983 806 2017 loco
818 1982 917 2018 tradit
928 2010 939 2024 ,
950 1993 1010 2016 nos
1049 1979 1154 2015 lenam
1167 1984 1200 2016 ὅ(
1209 1979 1391 2028 perfectam
1403 1992 1507 2014 rerum

119 2028 245 2076 aliquot
258 2029 378 2063 habere
392 2028 478 2077 posse
495 2034 716 2078 cognitionem
731 2046 738 2068 :
754 2044 830 2067 nam
840 2030 961 2067 adolioc
970 1993 1084 2065 sufficit
1095 2040 1131 2063 ut
1148 2031 1197 2063 vis
1212 2028 1427 2078 cognoscendi
1439 2041 1508 2063 rem

120 2077 220 2126 ipsam
243 2089 390 2123 exaequet
410 2092 418 2113 :
435 2079 522 2125 quod
543 2079 613 2115 fieri
647 2084 763 2129 utique
784 2081 888 2130 potest
909 2094 916 2115 ι
933 2079 984 2114 sed
1003 2081 1082 2114 certi
1099 2076 1159 2113 effe
1177 2091 1242 2114 non
1262 2076 1419 2127 possumus
1449 2090 1508 2113 nos

120 2138 192 2161 eam
205 2125 326 2161 habere
342 2128 574 2174 notitiam‚qtiae
583 2132 628 2164 rei
640 2129 696 2178 ipsi
719 2129 755 2165 fit
772 2132 1008 2178 adaequata‚aiit
1019 2129 1198 2176 quodDeus
1213 2127 1295 2162 nihil
1306 2130 1338 2162 in
1352 2139 1388 2161 ea
1402 2139 1434 2160 re
1450 2140 1509 2174 po-

120 2175 212 2210 suerit
229 2176 318 2223 quod
331 2174 425 2209 nobis
439 2188 504 2209 non
520 2175 556 2211 sit
570 2181 737 2227 cognitum
752 2195 760 2217 ι
774 2181 837 2216 hoc
850 2179 917 2215 fieri
931 2192 996 2213 non
1009 2177 1109 2226 poffe,
1126 2175 1182 2217 nisi
1200 2180 1289 2212 Deus
1304 2175 1508 2211 revelaverit:

121 2225 160 2259 ad
187 2225 250 2260 hoc
268 2226 356 2259 enim
374 2225 563 2271 requiritur,
580 2239 617 2262 ut
637 2231 685 2262 vis
703 2230 916 2278 cognoscendi
935 2230 999 2264 Dei
1032 2228 1188 2275 potentiae
1204 2237 1241 2259 ex
1267 2238 1358 2272 aequo
1377 2224 1506 2272 respon-

121 2275 206 2317 deat,
220 2277 336 2321 Itaque
349 2286 389 2308 eo
401 2273 524 2308 fatente
541 2275 609 2310 fieri
631 2278 736 2324 potest
749 2306 758 2320 ,
780 2290 816 2313 ut
831 2281 865 2314 in
880 2290 1016 2325 corpore
1032 2275 1067 2312 fit
1090 2275 1211 2321 aliquid
1234 2274 1297 2321 ipsa
1321 2273 1507 2308 extensione

113 2325 207 2371 ‘prius
220 2352 229 2365 ‚
245 2336 304 2358 nec
313 2324 391 2357 certi
401 2322 461 2360 effe
475 2322 631 2371 possumus
651 2324 814 2362 essentiam
827 2329 968 2376 corporis
988 2328 1017 2360 in
1034 2338 1072 2360 ea
1084 2322 1268 2359 extensione
1278 2320 1339 2357 effe
1354 2323 1509 2361 constitu-

116 2383 202 2410 tam.
213 2373 314 2421 ‘Qid
333 2385 409 2420 ergo
420 2371 456 2406 fit
466 2385 580 2423 corpus
592 2403 601 2418 ,
615 2374 792 2411 videamus.

1222 2422 1256 2457 N
1294 2422 1324 2468 iij
