1878 2724
537 120 860 162 TRACTATU'S
903 121 1223 162 SECUNDUS.
1489 134 1528 166 ¹33

176 173 210 214 ζ,
223 176 257 212 Si
268 175 331 210 duo
348 173 439 225 globi
450 172 657 222 fintaequales
671 204 681 219 ,
699 174 751 210 sed
762 174 911 222 inaequali
926 176 1101 211 velocitate
1122 176 1155 208 in
1173 170 1299 206 easdem
1314 177 1420 217 partes
1435 174 1531 212 mori,

142 225 214 275 post
223 224 385 260 occursum
400 224 548 259 manebit
559 224 672 259 eadem
685 224 795 259 morfis
811 226 989 272 quantitas,
1000 223 1086 259 Cum
1095 225 1181 258 enim
1193 230 1302 256 motus
1318 230 1385 253 non
1397 216 1456 253 sint
1468 231 1529 266 op..

142 273 253 323 positi,
271 276 293 308 ii
312 286 380 309 non
393 271 422 308 se
441 273 606 309 destruent
620 301 630 317 ‚
650 278 684 310 &
703 285 812 309 tamen
829 286 896 309 non
917 271 1064 308 manebit
1077 273 1193 307 eadem
1213 268 1367 304 velocitas
1380 296 1390 311 ‚
1409 265 1462 301 sed
1478 268 1529 301 di-

141 323 238 359 midia
247 325 309 358 erit
326 321 488 370 utriusque
503 322 686 357 velocitatis
703 322 792 357 limul
810 321 954 371 sumptae.
973 324 1061 358 Nam
1075 321 1095 356 fi
1108 320 1264 356 velocitas
1284 319 1425 365 corporis
1440 318 1469 352 A
1491 315 1527 352 fit

139 371 191 407 sex
200 373 357 421 graduum
368 401 378 416 ‚
401 377 435 408 δι
449 371 605 407 velocitas
622 374 765 420 corporis
783 373 807 406 13
821 383 959 419 quatuor
973 371 1128 420 graduum
1140 400 1149 414 ‚
1164 374 1198 406 ὅ(
1211 365 1312 403 ambo
1331 378 1526 402 moveantur

137 422 211 457 inC
222 450 233 465 ,
253 421 325 470 post
336 420 497 456 occursum
509 421 682 456 velocitate
696 423 842 468 quinque
855 421 1011 468 graduum
1025 420 1250 456 movebuntur.
1277 415 1378 460 Qod
1397 413 1418 449 fi
1436 418 1524 451 enim

137 471 214 505 duas
223 470 416 506 velocitates
435 468 522 505 fimul
536 471 697 518 junxeriS‚
712 468 764 503 sex
776 473 810 505 ὃ(
823 482 855 514 4.
876 468 1014 504 habebis
1032 470 1147 505 decem
1163 483 1170 505 :
1194 468 1288 514 hujus
1307 466 1432 500 numeri
1453 476 1525 513 pars

136 519 272 554 dimidia
284 521 346 554 erit
360 521 539 555 communis
552 516 711 565 utriusque
723 516 898 552 amborum
915 529 1086 566 corporum
1106 517 1267 554 velocitas
1288 529 1295 550 :
1313 513 1400 562 quod
1413 512 1524 549 utrius-

135 581 200 616 que
213 571 355 617 corporis
369 579 475 603 motus
489 569 648 614 quantitas
664 569 776 614 jamin
797 566 860 600 duo
871 578 926 600 cor
951 579 1006 601 ora
1015 566 1150 614 aequalia
1161 563 1381 600 distribuatur.

169 632 198 662 7.
219 619 253 651 Si
271 628 404 665 corpora
423 616 481 651 fiut
491 615 659 663 inaequalia
671 645 680 660 ‚
692 620 727 653 &
741 620 843 664 majus
854 617 883 651 A
896 579 1076 663 asl'equatur
1090 617 1195 650 minus
1207 616 1249 657 B,
1272 613 1342 661 post
1357 609 1523 647 occursum

133 667 316 702 communis
336 664 490 700 velocitas
505 664 612 701 versus
628 665 659 700 C
670 669 772 712 major
788 667 849 700 erit
865 665 1003 700 dimidio
1016 669 1183 714 aggregati
1198 676 1237 698 ex
1254 673 1391 709 utraque
1400 660 1523 696 veloci-

135 726 213 750 tate.
227 716 316 751 Nam
332 713 352 748 fi
370 726 506 763 corpora
525 713 625 749 effent
640 714 774 762 aequalia
785 742 795 757 ‚
814 717 997 750 communis
1011 714 1167 750 velocitas
1189 713 1259 762 post
1273 710 1434 746 occursum
1447 710 1523 745 effer

130 763 259 812 aequalis
269 763 407 799 dimidio
421 766 586 813 aggregati
597 776 635 798 ex
649 775 785 811 utraque
797 762 976 798 velocitate
986 793 995 807 ‚
1017 775 1050 798 ut
1060 776 1136 799 mox
1149 763 1364 797 ostendimus:
1383 757 1434 793 sed
1451 771 1521 794 cum

132 812 303 860 inaequalia
320 824 482 861 ponantur
494 841 502 852 ‚
522 819 556 850 &
575 815 602 847 A
620 812 655 848 fit
671 818 772 860 majus
783 841 792 856 ‚
810 812 849 845 >rid
870 812 942 847 sane
957 816 1061 847 minus
1081 812 1260 847 retardatur
1278 810 1298 846 a
1319 821 1457 856 corpore
1476 811 1498 843 Β
1511 838 1521 852 ‚

130 861 229 910 quam
244 859 264 896 fi
275 861 401 909 aequalis
417 861 493 897 effer
506 862 601 897 molis
621 876 629 897 z
651 863 736 898 unde
758 861 915 896 velocitas
932 863 995 896 erit
1010 865 1115 909 major
1126 860 1224 909 quam
1238 859 1258 895 fi
1269 870 1382 907 corpus
1403 859 1426 892 Β
1445 857 1519 892 effer

128 910 261 957 aequale.
279 911 404 946 Contra
423 913 554 947 eveniet
571 910 592 946 fi
609 924 724 960 corpus
739 912 769 946 A
783 921 921 959 ponatur
935 913 1041 946 minus
1055 940 1063 954 ‚
1081 916 1115 947 &
1131 908 1266 945 celerius
1282 919 1408 944 motum
1420 936 1428 950 ‚
1453 919 1520 942 tuni

128 962 218 995 enim
232 960 303 1008 plus
324 959 570 997 retardabitur&
583 973 718 1009 corpore
731 961 754 994 B
767 964 889 1008 majore
901 989 911 1003 ,
928 960 1028 1008 quam
1051 959 1072 994 fi
1090 959 1168 995 effer
1183 957 1307 1008 aequale
1323 971 1330 992 :
1351 969 1425 991 cum
1445 970 1517 991 mo-

127 1019 179 1044 tus
199 1012 456 1044 communicetur
483 1023 541 1058 pro
562 1014 688 1046 ratione
707 1009 803 1044 molis
821 1037 832 1052 ‚
855 1010 1075 1058 autponderis
1087 1024 1094 1045 :
1106 1009 1190 1044 uude
1204 1008 1271 1058 post
1281 1004 1445 1042 occursum
1463 1008 1520 1040 mi-

128 1070 188 1093 nor
199 1060 261 1093 erit
274 1057 428 1092 velocitas
444 1064 623 1095 communis
641 1057 806 1106 utriusque
820 1060 974 1108 corporis.
1001 1061 1107 1107 Atque
1124 1058 1170 1093 liae
1184 1057 1255 1094 sunt
1270 1069 1351 1094 verae
1368 1066 1518 1091 motuum

128 1105 217 1156 leges
230 1108 263 1142 in
279 1106 468 1154 corporibus
484 1121 552 1144 non
566 1109 709 1144 elasticis.

655 1208 686 1243 C
712 1208 740 1244 A
769 1208 792 1242 Ρ
816 1207 850 1244 U
878 1209 910 1243 T
950 1211 991 1243 V.

567 1305 622 1340 De
640 1306 676 1342 vi
686 1335 696 1351 ,
717 1305 755 1342 ό*
770 1303 925 1352 effi‘flibus
940 1303 1073 1338 elaterii.

127 1403 375 1490 PRiusquam
399 1414 519 1440 naturae
550 1404 636 1454 leges
670 1406 702 1439 in
733 1403 923 1452 corporibus
961 1401 1094 1438 clasticis
1127 1400 1314 1437 observatas
1360 1398 1518 1448 explicare

198 1454 414 1502 ingrediamur
426 1483 436 1498 ‚
459 1466 618 1503 perpauca
634 1455 674 1489 de
691 1455 724 1489 vi
744 1458 778 1491 &
790 1451 962 1488 effectibus
975 1451 1101 1486 elaterii
1115 1450 1253 1487 dicenda
1265 1449 1336 1486 sunt
1353 1450 1428 1485 ante
1442 1449 1516 1486 bre-

124 1512 219 1538 viter.

158 1550 302 1586 Primum
324 1554 433 1599 itaque
451 1553 483 1586 id
498 1553 672 1587 statuamus
685 1581 694 1595 ,
717 1552 890 1586 elaterium
903 1552 1018 1585 eadem
1040 1553 1073 1586 vi
1095 1549 1125 1584 se
1145 1550 1308 1583 restituere
1320 1577 1329 1591 ‚
1351 1559 1417 1595 qua
1431 1547 1517 1597 pres-

124 1597 192 1634 sum
207 1627 217 1643 ,
235 1611 292 1634 aut
305 1599 427 1635 tensum
447 1600 517 1637 fuit.
536 1603 624 1637 Nam
639 1614 707 1649 quae
724 1603 771 1636 vis
783 1600 928 1635 adhibita
951 1599 1010 1633 fuit
1028 1611 1063 1633 ut
1074 1610 1161 1632 arcus
1177 1598 1362 1631 tenderetur
1373 1625 1381 1639 ‚
1401 1599 1516 1632 eadem

122 1646 186 1682 sese
211 1648 345 1684 restituit
358 1651 392 1684 in
415 1650 594 1685 naturalem
612 1651 740 1686 starum.
758 1650 879 1685 Eadem
890 1649 1011 1696 quippe
1035 1648 1078 1682 est
1095 1649 1143 1681 vis
1161 1646 1224 1693 qua
1239 1645 1357 1680 chorda
1376 1645 1517 1681 adducka

122 1709 211 1731 arcus
223 1696 287 1745 ipse
304 1697 444 1733 fleffitur
459 1726 469 1741 ,
495 1698 569 1739 cum
584 1711 620 1733 ea
634 1712 706 1747 quae
724 1699 854 1734 flexioni
870 1698 941 1731 huic
952 1696 1068 1732 rcfistit.
1083 1699 1116 1731 Si
1133 1696 1268 1742 quidem
1283 1706 1323 1728 eo
1341 1693 1436 1740 usque
1454 1694 1517 1730 fle-

123 1747 220 1780 &itur
231 1775 239 1789 ,
253 1747 329 1781 dum
342 1749 389 1782 vis
401 1746 487 1781 illata
504 1776 513 1791 ‚
533 1754 611 1784 &ea
630 1760 700 1795 quae
716 1746 829 1782 resistit
841 1775 849 1789 ‚
869 1745 928 1780 fint
949 1745 1042 1780 velut
1056 1747 1088 1780 in
1100 1743 1294 1791 aequilibrio.
1316 1743 1380 1777 Sed
1393 1745 1439 1777 vis
1460 1743 1514 1779 illa

123 1807 188 1842 qua
203 1794 330 1839 resistit,
352 1796 467 1830 eadem
487 1797 532 1830 est
553 1809 624 1832 cum
642 1809 680 1831 ea
698 1798 760 1844 qu&
777 1796 888 1830 statum
911 1793 999 1830 suum
1020 1793 1200 1829 naturalem
1221 1803 1388 1839 recuperat
1408 1806 1416 1828 :
1438 1805 1516 1842 ergo

122 1843 291 1879 elaterium
308 1846 447 1893 quodvis
465 1847 578 1881 eadem
592 1849 624 1881 vi
644 1846 673 1882 se
692 1845 828 1880 restituit
840 1873 851 1888 ,
878 1857 940 1893 qua
952 1854 1063 1893 praeter
1075 1854 1223 1879 naturam
1234 1870 1246 1886 ,
1263 1852 1317 1876 aut
1335 1839 1490 1877 inflexum
1506 1871 1516 1886 ,

122 1904 178 1927 aut
199 1892 336 1942 pressum
351 1896 421 1930 fuir.

158 1943 258 1989 Qod
268 1946 381 1990 utique
394 1945 592 1992 experientia
603 1942 667 1992 ipsa
679 1944 888 1979 demonstrat.
906 1945 996 1979 Nam
1021 1941 1173 1992 globulus
1193 1940 1354 1976 eburneus
1370 1969 1380 1984 ,
1401 1944 1436 1977 δι
1459 1938 1516 1975 filo

123 1989 277 2037 suspensus
288 2020 297 2034 ‚
308 2005 372 2039 qua
383 1995 415 2027 vi
429 1995 461 2028 in
471 1992 624 2027 chordam
637 2006 677 2028 ex
692 1994 850 2029 intestinis
863 1992 1054 2028 animalium
1066 1991 1253 2029 confestam
1266 1989 1516 2025 horizontaliter

123 2039 313 2088 impingitur
321 2068 331 2084 ,
344 2042 458 2076 eadem
468 2042 653 2089 regreditur.
674 2045 726 2077 Sic
735 2042 885 2091 globulus
896 2042 1057 2078 eburneus
1068 2054 1122 2077 aut
1132 2040 1309 2089 chalybeus
1322 2042 1354 2075 in
1369 2039 1516 2074 incudem

122 2088 273 2123 decidens
285 2117 292 2127 ,
305 2090 344 2123 ad
358 2091 494 2124 eandem
510 2089 579 2124 fere
592 2090 797 2127 altitudinem
809 2121 819 2135 ,
839 2103 879 2126 ex
897 2104 959 2139 qua
979 2090 1121 2139 delapsus
1142 2090 1207 2133 est,
1225 2089 1417 2124 reflectitur.
1435 2089 1516 2123 Uno

121 2137 226 2173 verbo
236 2150 306 2184 quae
321 2151 428 2173 motus
444 2141 606 2186 quantitas
624 2139 772 2175 adhibita
792 2140 856 2176 fuit
875 2141 916 2176 ad
939 2140 1171 2177 infleistnfflun
1189 2138 1358 2174 elaterium
1373 2166 1383 2181 ,
1400 2137 1515 2171 eadem

120 2187 160 2220 ad
178 2185 314 2222 obvium
328 2201 440 2236 corpus
457 2187 680 2235 repellendum
698 2188 882 2226 adhibetur.

156 2251 181 2271 2.
194 2238 282 2270 Hinc
303 2235 442 2284 sequitur
456 2249 570 2286 corpus
584 2237 744 2272 elasticum
754 2240 806 2272 vix
823 2237 912 2274 fleffi
930 2237 1016 2287 posse
1027 2267 1037 2282 ‚
1051 2237 1105 2273 nisi
1116 2248 1223 2272 motus
1241 2235 1322 2269 illius
1335 2233 1443 2269 rotalis
1454 2235 1517 2268 im-

122 2285 340 2334 pediatunSic
352 2299 441 2320 arcus
455 2287 542 2321 tendi
554 2299 620 2321 non
631 2287 733 2334 potest
753 2285 807 2320 nifi
823 2300 922 2322 manu
936 2289 1118 2322 retineatur.
1138 2288 1225 2321 Nam
1248 2284 1302 2318 ille
1320 2294 1452 2317 conatus
1471 2282 1515 2316 est

123 2334 163 2368 ad
178 2333 373 2370 flectendum
389 2335 508 2370 inutilis
523 2364 530 2374 ,
552 2338 610 2383 qui
629 2338 659 2370 in
676 2346 801 2373 morum
815 2334 955 2372 localem
967 2339 1065 2370 totius
1076 2346 1117 2368 ar«
1131 2345 1165 2367 us
1177 2332 1380 2381 impenditur.
1394 2334 1443 2365 Sic
1457 2332 1517 2366 ho-

124 2381 243 2432 rologii
263 2384 422 2432 portatilis
434 2384 603 2420 elaterium
626 2396 784 2434 tympano
804 2384 961 2419 inclusum
975 2384 1068 2419 clavo
1089 2381 1247 2431 affigitur3
1267 2392 1365 2427 atque
1383 2382 1522 2416 inomni

1281 2432 1313 2464 R
1338 2431 1370 2477 iij
