1878 2724
586 127 733 169 PARS
767 131 1012 170 TERTIA.
1443 138 1491 171 611

105 185 195 224 *illius
213 181 328 220 intima
343 196 352 222 t
372 194 447 220 nam
461 180 565 219 lenius
588 181 800 218 contrahitur.
818 183 950 231 Sanguis
961 183 1048 216 enim
1063 190 1118 229 per
1139 178 1229 229 hujus
1246 179 1384 216 ramulos
1395 179 1489 217 velut

110 247 168 286 per
179 232 305 270 declive
319 235 352 269 in
364 245 418 268 cor
430 229 536 267 refluit
546 260 556 276 ,
568 243 721 278 tanquam
734 229 753 266 ὲ
767 231 878 267 rivulis
891 234 924 266 in
941 230 1069 265 alveum
1083 244 1091 266 ι
1109 241 1183 265 curn
1191 232 1224 265 in
1234 231 1347 264 arteria
1359 230 1379 266 ὲ.
1397 242 1487 267 trun-

111 298 151 320 co
162 290 196 320 in
211 295 277 318 ram
303 296 316 317 s
329 311 340 328 ,
358 281 400 316 ab
413 282 508 317 alveo
522 283 554 317 in
568 280 687 316 rivulos
703 292 776 315 cum
796 282 920 328 impetu
941 279 1149 327 propellatur.

142 332 274 380 Sanguis
300 333 410 378 itaque
434 329 475 366 ab
495 333 617 365 artenae
637 329 766 364 ramulis
787 331 820 364 in
837 327 1073 364 venaesurculos
1091 339 1236 376 permeat
1249 341 1256 363 :
1271 327 1323 362 sed
1337 330 1369 363 in
1381 325 1486 375 spatiis

108 381 284 430 interjeffis
302 393 376 415 cum
391 392 463 414 aere
474 379 626 426 inspirato
641 377 798 414 miscetur.
810 379 887 413 Hoc
898 389 969 412 aere
978 376 1099 425 sanguis
1116 376 1203 412 velut
1211 380 1370 412 animatus
1385 379 1416 412 in
1431 390 1488 412 ve..

102 433 156 467 nis
175 429 364 477 pulmonum
382 427 418 463 fit
438 431 622 463 coccineus:
641 428 758 462 cumin
770 429 887 462 arteria
900 426 1092 474 pulmonum
1105 430 1140 461 &
1152 426 1264 461 dextro
1288 427 1392 460 cordis
1420 424 1486 462 sinu

101 478 184 515 -elset
203 489 462 525 atro-purpureus
476 490 484 511 :
503 488 615 512 contra
625 486 720 523 arque
734 477 767 511 in
777 476 902 523 reliquo
917 486 1050 522 corpore
1066 476 1236 523 contingit.
1260 477 1346 511 Nam
1365 473 1487 523 sanguis

105 531 141 564 in
161 528 256 562 venis
266 526 312 560 est
324 528 464 574 nigrior,
483 527 519 560 in
534 527 658 560 arteriis
679 526 779 574 magis
797 523 911 560 rubet:
925 536 1025 571 quem
1040 523 1182 558 colorem
1200 523 1241 558 ab
1264 535 1339 557 aere
1355 524 1439 558 ducit
1455 527 1488 560 in

102 576 301 626 pulmonum
316 573 452 611 tranfitu.
481 574 582 609 Unde
607 573 763 622 sanguinis
787 572 887 609 emiffi
899 585 968 621 pars
986 571 1106 606 summa
1123 570 1236 615 rubet,
1249 571 1361 608 infima
1382 584 1488 610 atrum

104 638 170 670 prae
182 624 210 659 se
223 624 286 658 fert
298 623 452 660 colorem.
477 627 601 658 Verum
621 635 690 657 ater
714 622 767 657 ille
780 622 902 671 sanguis
915 623 979 656 aeri
988 619 1170 668 expositus,
1187 620 1374 657 dumadhuc
1393 621 1488 667 calet,

104 676 141 710 in
156 683 327 708 momento
339 684 422 720 pene
436 671 569 707 rubrum
578 684 634 706 aut
650 674 834 706 coccineum
846 671 949 707 induit
964 669 1242 718 coloremzmagno
1251 670 1385 717 quidem
1395 682 1486 719 argu-

101 734 219 759 mento
231 722 316 756 hunc
327 720 471 757 colorem
490 734 556 756 non
568 719 694 756 aliunde
705 733 804 767 quam
814 720 855 754 ab
869 731 942 754 aere
953 716 1120 767 proficisci.

140 771 220 805 Illud
232 781 363 817 quoque
377 781 467 805 venae
487 769 670 818 pulmonari
682 772 846 818 proprium
857 769 917 812 est,
933 768 1020 816 quod
1033 766 1167 802 valvulis
1180 779 1305 810 careat3
1320 765 1384 801 five
1404 779 1440 803 ut
1452 771 1486 804 in

104 819 282 869 passionum
303 818 447 853 motibus
469 818 591 866 sanguis
610 821 693 853 intra
705 820 872 866 pulmones
894 818 956 852 huc
972 815 1048 850 illuc
1061 814 1192 850 liberius
1212 827 1402 859 moveatur-3
1418 815 1487 853 sive

102 880 141 904 ut
156 868 277 916 sanguis
303 867 426 901 facilius
443 865 633 902 retrofluere
655 867 815 900 interdum
829 865 942 914 poffit,
957 876 998 899 ne
1012 877 1086 899 cum
1098 866 1224 912 impetu
1241 866 1275 898 in
1292 876 1349 898 cor
1367 867 1483 900 irruat:

104 917 187 952 adeo
206 927 241 950 ut
260 928 300 950 ne
313 927 368 949 cor
381 914 535 950 obruatur
547 943 557 958 ,
574 913 712 949 valvulis
721 926 793 961 quae
806 916 839 948 in
852 914 944 961 hujus
954 924 1045 948 venae
1059 914 1148 947 exitu
1160 911 1265 947 insunt
1274 911 1402 948 occlusis
1415 912 1485 950 san-

103 968 176 1015 guis
187 976 240 999 aut
254 963 316 998 sisti
326 992 336 1007 ,
347 975 402 998 aur
419 963 540 999 facilius
549 961 649 1011 poffit
658 961 806 998 refluere.

168 1016 289 1050 Praeter
306 1025 403 1048 venas
425 1018 459 1049 &
488 1015 617 1047 arterias
640 1011 710 1046 sunt
733 1011 875 1060 lymphae
895 1010 1009 1045 ἀιιέὶιις
1033 1009 1163 1058 plurimi
1191 1022 1263 1045 cum
1287 1010 1343 1045 suis
1370 1010 1485 1046 valvu-

102 1062 153 1100 lis.
183 1064 294 1108 Hique
306 1064 341 1096 in
352 1061 548 1095 thoracicum
562 1061 695 1095 ductum
707 1071 742 1094 ut
753 1059 873 1106 reliqua
887 1059 976 1107 hujus
986 1061 1110 1106 generis
1124 1058 1196 1093 vasa
1207 1057 1353 1093 desinunt.
1376 1061 1485 1107 Atque

102 1112 171 1147 haec
187 1109 258 1145 vasa
269 1109 312 1144 sui
329 1112 457 1157 copiam
474 1108 597 1144 faciunt
608 1138 619 1153 ,
643 1107 664 1143 si
679 1112 712 1143 in
729 1110 807 1142 vivo
827 1108 955 1141 animali
970 1119 1039 1155 pars
1061 1106 1180 1141 summa
1204 1106 1314 1142 duetus
1330 1107 1484 1142 thoracici

102 1161 208 1208 digito
220 1169 381 1207 prematur
402 1185 412 1200 ‚
429 1158 512 1192 adeo
526 1170 560 1193 ιιι
576 1157 719 1207 lympha,
731 1169 782 1191 aut
795 1156 900 1191 succus
911 1158 1058 1190 nutritius
1069 1157 1102 1190 in
1117 1168 1231 1190 venam
1248 1168 1317 1202 quae
1327 1155 1484 1191 subclavia

102 1209 236 1250 dicitur,
264 1206 325 1241 sese
341 1218 513 1241 exonerare
524 1219 589 1241 non
604 1205 710 1255 possit.
725 1207 809 1240 Tum
826 1207 914 1239 enim
925 1216 960 1238 ea
973 1203 1044 1238 vasa
1056 1204 1255 1252 lymphatica
1275 1207 1306 1240 in
1321 1204 1483 1253 superficie

101 1255 296 1305 potiffimum
310 1254 502 1303 pulmonum
519 1254 724 1302 subjiciuntur
738 1253 836 1288 oculis
850 1267 858 1288 ε
876 1254 963 1300 quod
975 1265 1013 1287 ea
1026 1265 1091 1287 non
1106 1253 1312 1287 mediocriter
1329 1255 1483 1288 intumes-

101 1317 186 1340 cant.
202 1307 282 1340 Haec
293 1306 407 1351 utique
424 1303 494 1341 vasa
510 1303 719 1352 pulmonibus
735 1303 909 1337 admodum
926 1301 996 1336 sunt
1008 1300 1193 1344 necesslm'a,
1213 1302 1301 1349 quod
1316 1301 1435 1350 sanguis
1449 1304 1482 1338 in

101 1356 141 1388 iis
159 1366 277 1401 magno
289 1365 361 1387 cum
374 1354 497 1400 impetu
511 1364 682 1388 moveatur
692 1381 701 1395 ‚
713 1364 772 1387 nec
785 1363 842 1400 per
853 1349 1066 1385 insensibilem
1086 1350 1363 1398 transpirationem
1376 1349 1482 1385 diffla-

101 1405 125 1436 ri
139 1401 232 1450 possit
245 1418 253 1444 3
272 1401 354 1435 adeo
371 1412 405 1435 ut
418 1401 586 1437 humorem
597 1399 787 1451 superfluum
801 1412 858 1448 per
876 1399 1015 1448 lymphae
1025 1399 1137 1434 duetus
1150 1401 1285 1434 omnino
1299 1399 1414 1447 expelli
1425 1412 1482 1435 ne-

101 1450 181 1486 ceffe
193 1449 238 1486 fit.
252 1450 352 1497 Qod
368 1448 389 1484 si
406 1449 463 1484 hos
478 1450 618 1495 obstrui,
634 1462 690 1485 aut
708 1448 857 1496 disrumpi
873 1450 1044 1496 contigerit
1060 1476 1070 1491 ,
1094 1459 1162 1483 tum
1177 1459 1231 1482 aut
1249 1447 1390 1496 hydrops
1409 1449 1481 1497 pul..

102 1512 236 1534 monum
250 1527 259 1541 ‚
272 1510 325 1533 aut
341 1497 425 1534 tuffis
440 1502 593 1534 continua
604 1528 614 1542 ,
638 1510 694 1533 aut
705 1497 758 1531 alii
769 1497 899 1533 asi-'estus
916 1496 1040 1545 phtisici
1051 1496 1188 1545 persaepe
1203 1499 1354 1532 oriuntur.

150 1548 317 1582 Postremo
330 1546 434 1595 plures
456 1560 630 1582 nervorum
658 1546 770 1582 surculi
788 1549 821 1581 in
858 1545 1003 1581 ulmones
1023 1545 1208 1593 sparguntur
1225 1574 1234 1588 ‚
1258 1548 1314 1592 qui
1330 1557 1396 1580 tum
1416 1557 1480 1582 tra-

101 1597 206 1639 cheae,
225 1607 290 1630 tum
310 1595 454 1630 vasorum
470 1598 594 1631 tunicas
607 1597 817 1643 stringunt,&
840 1596 947 1642 piritus
962 1593 1116 1630 animales
1130 1593 1342 1643 suppeditant.
1359 1596 1405 1630 Ac
1421 1597 1479 1631 de-

101 1658 191 1680 mum
202 1644 370 1693 pulmones
389 1647 566 1681 communis
582 1644 774 1680 membrana
788 1642 938 1679 involvit.

620 1741 650 1776 C
664 1743 691 1776 A
709 1744 732 1777 P
743 1741 776 1778 U
790 1743 820 1776 T
855 1743 869 1775 Ι
885 1742 930 1776 ll.

625 1841 680 1873 De
697 1836 953 1887 diaphragmate.

101 1939 355 2021 PRaecipuum
368 1937 583 1985 respirationis
599 1948 754 1985 organum
771 1933 813 1970 est
823 1934 1032 1982 diaphragma
1043 1962 1052 1976 ‚
1074 1934 1163 1981 quod
1181 1935 1324 1970 deorsum
1342 1949 1413 1973 cum
1429 1940 1480 1973 in-

170 1985 319 2033 spiramus
331 1985 538 2030 ‚indesinenti
555 1996 648 2020 motu
663 1988 812 2033 agitatur.
834 1983 966 2030 Duplici
979 1983 1103 2017 constat
1116 1983 1258 2019 musculo
1279 2012 1288 2026 ‚
1310 1985 1443 2020 inferior
1459 1987 1480 2021 a

102 2034 260 2069 vertebris
275 2034 459 2070 lumborum
471 2062 480 2076 ‚
493 2033 633 2080 superior
650 2032 670 2067 ἒι
687 2033 775 2067 costis
790 2033 889 2065 oritur
906 2044 914 2065 :
928 2042 1060 2077 uterque
1076 2033 1110 2065 in
1129 2033 1294 2067 tendinem
1306 2032 1405 2068 latum
1420 2035 1477 2068 de-

103 2082 173 2118 sinit
188 2112 196 2124 ‚
212 2086 267 2129 qui
282 2084 379 2118 instar
398 2080 594 2117 membranae
607 2079 774 2127 pellucidae
790 2083 824 2116 δε
843 2079 941 2114 firmae
961 2079 1104 2113 medium
1122 2080 1368 2128 diaphragmatis
1382 2095 1480 2116 occu-

102 2143 168 2180 pat.
179 2131 389 2180 Oesophagus
402 2160 411 2174 ‚
428 2130 479 2165 seu
495 2128 569 2178 gula
586 2128 792 2176 diaphragma
805 2139 973 2176 penetrat:
990 2127 1071 2161 adeo
1084 2139 1118 2162 ut
1137 2128 1285 2163 foramen
1302 2129 1381 2164 illius
1394 2130 1428 2165 fit
1444 2132 1479 2165 in

102 2192 194 2228 parre
212 2193 345 2225 carnea,
362 2179 415 2215 seu
431 2182 463 2214 in
483 2177 626 2213 musculo
645 2177 809 2220 inferiori,
830 2188 864 2211 ut
885 2188 971 2213 vena
985 2188 1062 2211 cava
1079 2189 1203 2224 partem
1221 2176 1476 2214 membranosam

102 2240 258 2276 penetrat.

135 2281 170 2312 In
180 2278 292 2313 avibus
312 2278 479 2326 pulmones
496 2289 562 2311 non
575 2274 677 2309 libere
689 2287 880 2317 moventur,
899 2274 949 2308 sed
964 2276 1058 2308 variis
1076 2273 1201 2309 sacculis
1226 2273 1362 2308 conclusi
1383 2274 1475 2309 dorso

102 2324 187 2372 quasi
201 2326 358 2375 illigantur
376 2342 384 2363 ς
400 2325 481 2360 adeo
498 2335 533 2358 ut
544 2336 596 2358 aer
612 2323 633 2359 ἔ).
654 2323 781 2359 trachea
792 2327 826 2359 in
842 2323 1009 2371 pulmones
1022 2352 1033 2367 ‚
1051 2329 1086 2360 δε
1106 2322 1222 2357 indein
1231 2321 1368 2356 sacculos
1385 2335 1475 2358 com-

102 2385 198 2411 tneet.
222 2377 336 2425 ltaque
359 2378 393 2412 in
407 2376 442 2409 iis
461 2371 659 2410 membranae
676 2373 821 2420 quaedam
855 2371 1104 2420 diaphragmaris
1131 2382 1263 2405 munere
1289 2371 1475 2420 funguntur,

1130 2418 1264 2454 Hhhh
1288 2421 1309 2464 ij
