1878 2724
582 122 726 161 PARS
759 122 1003 161 TERTIA.
1405 133 1440 169 '2

92 170 355 220 musculosos,qui
372 173 493 223 alligari
504 185 573 209 non
595 172 724 223 possunt
739 171 794 207 nisi
804 184 905 220 prope
918 182 1065 208 centrum
1077 173 1192 209 vectis.
1222 173 1311 209 Hinc
1331 140 1472 216 tendsinss

91 229 271 260 extremum
282 221 366 272 affigi
376 223 490 259 debuit
499 225 604 272 prope⁴
613 221 684 258 offis
697 220 828 256 mobilis
841 223 1136 269 principium.Nam
1145 220 1166 256 fi
1175 224 1208 257 in
1218 223 1320 260 altero
1330 226 1400 264 offis
1413 243 1472 266 ex-

91 280 196 309 tremo
213 272 452 321 praefigeretur,
468 285 534 307 non
573 270 675 307 offent
687 269 818 306 musculi
831 270 914 304 adeo
927 270 1073 306 contrahi
1092 282 1127 306 ut
1143 283 1179 306 os
1192 271 1316 308 mobile
1335 279 1472 315 circum-

86 322 243 358 ducerent
254 351 264 366 ‚
282 320 339 357 nifi
350 321 434 357 forte
443 320 543 370 quibu
558 322 632 356 darn
645 319 735 356 velut
748 319 851 354 fasciis
863 318 1072 366 illigarentur,
1081 331 1117 355 ut
1129 332 1244 357 munus
1255 322 1471 365 trochlearum

89 369 220 406 obirent
233 385 241 407 :
254 370 341 418 quod
352 371 463 418 utique
476 369 592 405 inutile
603 369 691 405 foret
702 397 713 413 ,
726 373 759 405 &
774 368 953 403 molestum.

128 422 167 455 In
181 419 326 455 musculis
339 421 474 467 quidem
487 420 545 466 qui
562 430 673 454 manus
685 423 718 455 δε
729 418 826 466 pedes
837 414 1010 452 infleerunt
1021 443 1032 459 ,
1043 419 1189 464 quaedam
1202 421 1292 456 velut
1302 420 1402 459 fasciae
1411 428 1473 460 cir-

86 480 123 504 ca
140 469 324 504 internodia
341 470 516 517 digitorum
532 468 678 502 tendines
689 466 822 515 alligant
838 493 849 510 ,
867 465 956 512 quod
971 466 993 499 ii
1005 466 1135 502 musculi
1147 480 1213 504 tarn
1226 471 1354 519 prolixi,
1366 485 1472 521 quan-

85 528 119 553 ta
133 518 176 552 est
187 517 289 553 cubiti
302 517 474 566 longitudo
486 546 497 561 ,
514 522 547 554 &
557 516 640 550 adeo
656 514 744 551 craffi
757 527 824 551 non
839 516 1006 563 potuerint
1017 518 1190 552 commode
1208 521 1292 554 intra
1311 534 1424 558 manus
1437 530 1472 561 δε

86 566 177 615 pedis
189 566 289 615 spatia
298 567 381 602 adeo
396 568 495 610 ardra,
504 564 684 613 cujusmodi
696 563 765 600 sunt
776 564 951 612 digitorum
973 565 1177 610 internodia,
1200 568 1362 606 collocari.
1381 574 1469 608 Nam

86 627 201 652 eorum
211 617 355 651 astiones
369 627 404 651 ut
420 615 593 650 commode
603 615 742 648 exerceri
759 624 890 660 queant,
910 624 1021 648 manus
1036 613 1106 662 ipsae
1118 629 1185 651 non
1194 617 1296 652 crassae
1308 630 1364 654 aut
1373 619 1471 655 tube-

86 666 181 708 rosae,
198 665 249 701 sed
261 664 364 714 planae
380 670 413 702 &
428 675 576 699 excarnes
593 661 868 697 fieri'debuerunt.

117 714 256 750 Musculi
269 715 351 750 adeo
361 725 474 749 omnes
487 710 691 760 qui'flestunt
705 716 739 747 ὅ(
750 710 927 746 extendunt
940 723 1065 747 crurum
1077 717 1111 749 &
1121 713 1295 762 digitorum
1306 718 1469 765 articulos,

84 770 142 811 per
154 764 379 810 trochleas,vel
390 759 714 809 annulos,aut>fasc1{as
725 771 905 804 excurrunt3
920 762 1006 807 iique
1016 772 1052 796 ut
1066 761 1243 809 plurimum
1261 765 1331 800 sunt
1343 767 1468 805 radiosi.

642 811 681 843 In
690 808 739 843 his
751 811 838 843 enirn
849 809 948 843 tendo
964 821 1020 844 aut
1031 811 1146 845 eadem
1159 814 1273 860 vagina
1290 817 1316 849 B
1331 818 1342 848 1
1368 817 1471 851 inclu-

602 858 708 900 ditur,
720 867 776 891 aut
793 856 941 891 trochleae
950 885 960 900 ,
969 869 1025 892 aut
1034 858 1200 895 fasciarum
1212 874 1275 909 ope
1290 865 1320 897 G
1331 869 1363 900 δι
1375 867 1421 908 O,
1438 868 1472 902 in

603 906 720 940 eodem
730 903 788 939 fitu
800 907 966 942 retinethr.
989 908 1078 941 Hinc
1087 910 1211 955 pondus
1233 922 1288 946 aut
1303 911 1473 949 resistentia

603 955 805 1003 pereandern
819 955 959 990 tendinis
969 955 1183 992 diceetionem
1202 971 1353 996 movetur
1374 977 1384 1004 ;
1407 961 1473 999 five

603 1001 817 1039 omnesvfibrae
833 1003 980 1039 laterales
992 1005 1020 1039 A
1030 1032 1041 1047 ,
1054 1007 1077 1039 E
1088 1004 1180 1047 ,sive
1195 1007 1311 1055 aliquae
1327 1012 1472 1048 tantuin.

603 1052 704 1086 modo
716 1050 943 1086 contrahantur
955 1063 990 1086 ut
999 1053 1043 1088 Ο.-
1058 1054 1094 1086 ld
1103 1057 1333 1092 cernereestin
1345 1059 1472 1094 muscu-

604 1099 642 1134 lis
655 1099 771 1135 tibiam
786 1098 1054 1136 extendentibus:
1075 1102 1198 1137 tametsi
1215 1106 1304 1140 enim
1325 1105 1415 1142 fibrae
1429 1111 1470 1145 ad

601 1148 704 1183 latera
716 1147 902 1196 sparguntur
911 1147 1048 1196 oblique
1060 1178 1069 1192 ,
1089 1155 1123 1187 &
1135 1164 1249 1187 omnes
1261 1181 1271 1195 ‚
1283 1165 1339 1189 aut
1353 1156 1470 1204 aliqua:

602 1197 830 1232 tantummodo
843 1197 1072 1239 contrahantur
1081 1226 1090 1239 ,
1100 1197 1222 1247 semper
1236 1213 1297 1235 una
1308 1207 1343 1239 &
1354 1206 1469 1242 eadem

600 1247 707 1280 motio
724 1245 846 1280 directa
856 1244 1036 1293 perficitur,
1050 1245 1139 1281 tibiae
1149 1251 1302 1284 nimirum
1315 1253 1468 1290 extensio.

601 1295 656 1328 Sic
673 1293 830 1329 musculus
853 1294 1060 1342 temporalis,
1081 1301 1169 1344 cujus
1184 1296 1273 1332 fibrae
1291 1301 1324 1333 in
1349 1300 1468 1338 orbem

600 1342 804 1391 sparguntur,
817 1354 913 1378 unam
926 1344 1081 1378 duntaxat
1090 1345 1226 1381 maxillae
1235 1347 1396 1385 inferioris
1408 1363 1470 1386 tra-

603 1393 745 1426 &ionem
761 1390 875 1427 efficit:
892 1404 969 1427 narn
983 1397 1048 1441 ejus
1068 1394 1213 1429 tendines
1224 1394 1280 1431 sub
1291 1395 1354 1431 offe
1370 1400 1467 1448 jugali

602 1439 738 1475 firmiter
756 1443 943 1476 retinentur.
959 1459 963 1461 ἡ

638 1488 782 1524 Κειάἰόίίε
793 1501 890 1538 porro
901 1488 1046 1524 musculis
1060 1492 1161 1525 utitur
1175 1491 1212 1526 sae
1238 1504 1255 1526 e
1267 1505 1467 1537 natura,cum

601 1535 734 1572 musculi
748 1540 912 1586 ingentem
926 1540 997 1573 virn
1012 1550 1160 1573 exercere
1171 1505 1310 1578 debent:
1329 1556 1405 1579 nam
1417 1550 1466 1580 vis

133 1623 136 1625 ‚
168 1620 171 1625 r
255 1621 259 1623 λ
602 1584 657 1619 illa
669 1585 777 1620 multis
787 1596 862 1633 eget
872 1585 972 1629 fibris,
986 1598 1057 1633 quae
1071 1599 1113 1622 ex
1124 1589 1160 1623 iis
1173 1589 1374 1635 machinulis,
1387 1606 1466 1641 quas

86 1629 298 1679 descripsimus
312 1661 322 1676 ‚
334 1631 530 1668 conflantur:
546 1643 615 1668 tum
632 1635 717 1668 enim
727 1632 850 1682 fingulae
863 1633 950 1669 fibrae
962 1635 1131 1683 particulas
1140 1638 1292 1684 ponderis
1304 1668 1314 1683 ‚
1331 1653 1386 1676 aut
1395 1643 1469 1677 resL‘

87 1681 206 1715 stentiae
214 1680 271 1715 fibi
286 1681 444 1729 oppositas
459 1682 588 1717 trahunt
602 1711 611 1725 ‚
629 1686 662 1718 ὃς
678 1695 794 1730 magna
810 1681 963 1718 fibrarum
980 1683 1155 1718 multitudo
1172 1697 1324 1734 magnum
1341 1692 1468 1737 pondus

86 1730 190 1775 potest
201 1729 361 1766 attollere.
376 1731 476 1777 Qod
491 1730 511 1765 si
530 1742 595 1765 ran-1
606 1731 780 1766 numerosae
798 1730 884 1766 fibrae
903 1730 960 1766 fibi
973 1731 1240 1780 essent-parallelae
1251 1763 1262 1778 ‚
1291 1741 1325 1772 δε
1342 1739 1380 1772 ad
1393 1752 1467 1787 per-

87 1778 294 1826 pendiculum
305 1778 367 1814 basi
387 1778 557 1815 insisterent
571 1808 581 1823 ‚
605 1790 676 1815 tum
698 1779 777 1814 bafis
796 1779 920 1815 craffior
931 1780 1074 1829 amplum
1092 1779 1227 1829 spatium
1249 1787 1393 1831 exigeret
1407 1817 1416 1831 ‚
1435 1792 1469 1826 in
1500 1799 1502 1802 ’

87 1838 154 1872 quo
163 1825 250 1861 suum
261 1831 423 1864 exerceret
435 1840 572 1863 motum:
583 1840 655 1862 cum
667 1839 776 1864 tamen
786 1831 817 1863 in
828 1830 864 1862 iis
875 1828 1066 1877 plerumque
1076 1829 1155 1864 locis·
1165 1830 1270 1878 plures
1280 1833 1334 1867 alii
1345 1837 1469 1872 muscu-

89 1874 113 1909 li
126 1875 166 1909 ad
181 1869 259 1910 alios
272 1888 378 1911 motus
389 1876 618 1912 fintneceisarii
633 1906 643 1921 ‚
664 1889 699 1912 ut
709 1877 840 1926 pulchre
853 1877 872 1912 a
887 1881 926 1914 D.
938 1879 982 1912 du
999 1881 1126 1926 Verney
1142 1891 1216 1914 ante
1226 1880 1353 1928 aliquot
1364 1897 1466 1922 annos

88 1923 154 1958 fuit
163 1923 379 1960 observatum.
401 1926 527 1960 Deinde
540 1925 654 1973 amplae
671 1932 706 1963 &
722 1925 824 1961 craffae
842 1926 1057 1963 musculorum
1077 1926 1167 1962 bases
1191 1929 1316 1978 amplos
1333 1943 1467 1981 quoque

91 1971 236 2007 tendines
250 2001 260 2015 ,
276 1979 308 2010 &
320 1972 412 2007 crass'a
423 1973 535 2008 offiurn
549 1973 716 2009 tubercula
736 1977 905 2022 exigerent
918 1991 925 2012 :
941 1976 1025 2010 unde
1035 1975 1087 2010 alii
1098 1975 1237 2023 ejusdem
1255 1981 1379 2016 articuli
1394 1994 1470 2018 mo.·

91 2031 140 2055 tus
158 2021 397 2067 impedirentur.
413 2024 499 2056 Hinc
509 2033 620 2056 natura
639 2024 675 2057 in
693 2024 833 2070 angustis
851 2024 930 2058 locis
963 2023 1122 2059 musculos
1143 2038 1291 2074 magnam
1311 2027 1466 2068 fibrarum

90 2070 218 2116 copiam
229 2068 384 2103 habentes
396 2069 570 2104 collocavit
583 2098 591 2112 ‚
619 2069 732 2105 strietis
746 2070 894 2105 lateribus
907 2101 916 2115 ‚
929 2078 963 2110 &
976 2071 1192 2108 subtilioribus
1215 2075 1398 2113 tendinibus
1416 2082 1466 2114 in-

93 2116 185 2151 sertas
197 2146 206 2158 ,
218 2130 282 2152 non
300 2120 331 2152 in
352 2120 444 2152 unica
463 2117 527 2152 bafi
538 2117 646 2166 ampla
657 2124 690 2155 &
704 2119 797 2153 crassa
809 2148 818 2162 ‚
836 2118 888 2154 sed
903 2122 935 2156 in
953 2132 1024 2156 toto
1037 2124 1170 2157 circuitu
1188 2123 1275 2158 funis
1297 2128 1469 2164 tendinofi.·

94 2165 287 2212 Hujusrnodi
298 2166 339 2200 est
355 2165 510 2201 musculus
520 2166 734 2214 pennifotrnis
745 2170 779 2202 H
792 2171 838 2212 K,
855 2172 942 2217 cujus
954 2170 1054 2205 tendo
1063 2171 1272 2206 intermedius
1287 2173 1314 2206 K
1327 2176 1349 2208 l.

128 2216 171 2248 Ex
182 2216 218 2248 iis
232 2214 376 2249 musculis
386 2214 499 2249 radiofi
519 2227 631 2263 magna
643 2227 681 2250 ex
694 2228 784 2263 parte
792 2223 1038 2266 componuntur.
1057 2220 1144 2254 Cum
1155 2221 1241 2254 enim
1256 2218 1344 2254 fibrae
1360 2223 1465 2257 tendi-

94 2262 178 2296 nosae
203 2262 223 2298 ὲ
243 2264 502 2298 circumferentia
521 2265 570 2298 AI
594 2264 697 2298 duetae
710 2263 799 2299 suam
809 2266 951 2302 habeant
976 2266 1178 2302 latitudinem
1192 2295 1202 2309 ,
1228 2268 1262 2301 in
1282 2269 1367 2303 idem
1385 2282 1463 2306 cen-

98 2320 182 2345 trum
206 2315 296 2394 co‘i'ge
318 2325 383 2347 non
401 2312 537 2360 poffunt.
563 2310 662 2347 Fibrae
681 2311 760 2350 vero
782 2313 996 2352 musculorum
1012 2327 1049 2353 ur
1074 2315 1246 2399 εοιῐιωιέιέε
1269 2315 1463 2364 dilatentur,

290 2374 348 2397 om.
362 2363 409 2395 II.
1235 2375 1257 2398 x
1269 2375 1290 2400 x
