1878 2724
164 161 166 163 ,
439 129 797 168 TRACTATUS
851 128 1175 168 SECUNDUS.
1455 148 1479 173 ιζ

143 184 218 220 Pars
235 178 441 217 conclusionis
453 184 541 230 prior
555 181 598 216 est
611 181 790 217 manifesta.
802 182 891 216 Nam
906 193 976 228 quae
987 193 1122 230 corpora
1135 182 1224 217 omni
1240 182 1271 217 vi
1288 180 1412 215 clastica
1431 150 1497 230 pri}

108 244 243 276 vantur,
260 242 396 278 quaeque
416 244 521 279 partes
535 230 660 266 habent
673 243 740 278 quae
764 229 853 266 flecti
871 230 998 279 poiliint
1010 260 1019 274 ,
1046 231 1097 265 sed
1123 230 1228 280 prcffie
1243 244 1310 267 non
1332 230 1497 277 resiliunt,

108 282 225 318 eadem
236 281 356 316 nullam
365 278 511 316 efficiunt
528 281 739 316 reflexionem
750 309 760 323 ,
773 279 911 328 utsupra
922 281 1138 316 ostendimus.
1159 281 1217 315 illa
1229 279 1309 315 vero
1323 293 1459 330 corpora
1473 285 1507 318 in

108 330 225 380 quibus
239 330 353 366 fortius
371 331 414 365 est
433 331 604 366 elaterium
618 359 628 374 ,
652 342 689 365 ea
707 342 841 377 quoque
855 332 888 363 vi
906 335 1029 380 majore
1045 329 1253 366 reflectuntur
1264 360 1272 374 ,
1286 342 1319 364 ut
1334 331 1445 365 videre
1458 333 1506 367 est

107 383 143 417 in
158 380 297 429 chalybe
317 391 503 429 temperato
519 394 527 414 :
547 393 625 429 ergo
644 379 778 414 reflexio
796 378 967 428 plurimum
990 380 1112 428 pendet
1132 379 1174 415 ab
1191 379 1338 415 elaterio.

146 430 299 476 Confirm.
310 429 459 473 Chalybs
471 440 669 478 temperatus
682 432 751 463 vim
764 428 926 463 clasticam
938 431 1077 476 acquirit
1087 434 1291 478 majorem‚&
1305 431 1336 464 in
1352 430 1507 466 incudem

108 479 262 515 decidens
277 478 374 514 altius
387 478 577 514 reflectitur.
600 480 719 525 Neque
732 476 816 511 aliud
830 475 930 511 efficit
945 489 1165 526 temperatura
1179 509 1187 522 ‚
1211 479 1311 526 quam
1324 479 1455 513 duritiei
1472 487 1507 517 δε

106 528 235 564 elaterii
250 540 462 578 augmentum
481 543 489 564 z
513 540 591 576 ergo
612 526 748 562 reflexio
777 525 950 573 plurimum
973 539 1009 561 ex
1030 526 1097 575 ipso
1111 528 1392 576 pendetelaterio.
1415 529 1504 564 Hinc

107 577 281 627 plumbum
293 581 345 612 vix
358 577 533 612 refleetitut
546 603 557 618 ,
581 581 615 612 &
628 575 795 623 pristinam
808 573 942 623 figuram
953 588 1018 610 non
1035 588 1205 625 recuperat
1221 592 1228 612 :
1251 576 1302 610 sed
1316 589 1389 623 quae
1405 576 1503 612 semel

108 630 152 662 im
178 626 254 662 ressa
264 627 309 661 est
323 655 333 670 ,
347 628 463 662 eadem
473 637 593 661 manet.
609 626 710 661 Unde
725 637 794 672 quae
806 623 1015 660 reflectuntur
1033 638 1186 674 corpora,
1207 638 1241 660 ut
1256 624 1419 660 folliculus
1434 630 1506 661 aere

108 641 254 718 infigatuS,
270 675 405 724 figuram
420 686 568 718 mutant,
590 673 642 710 sed
657 675 771 709 eadem
789 676 821 709 in
837 676 872 721 iis
883 687 958 709 mox
976 675 1146 710 restituitur
1171 689 1179 710 :
1205 675 1283 710 fides
1306 675 1508 710 instrumenti

108 723 217 761 mufici
235 723 423 772 percussioni
439 725 560 760 cedunt
573 754 583 767 ,
600 730 633 762 &
645 723 875 767 reflectuntur,
898 736 998 773 atque
1010 724 1066 759 ubi
1085 724 1171 761 suam
1193 736 1348 773 repetunt
1363 723 1508 772 figuram,

104 773 246 809 obvium
265 786 380 823 corpus
403 773 576 822 repellunt.

147 826 221 859 Pars
234 823 336 858 altera
351 823 560 859 conclusionis
573 826 675 858 minus
686 834 786 865 certa,
802 834 858 857 aut
871 822 1056 857 indubitata
1074 822 1171 858 nobis
1187 824 1337 858 videtur:
1353 836 1426 858 cum
1436 823 1510 861 nuk-

109 872 176 908 lum
196 872 266 907 fere
279 884 425 908 occurrat
447 885 562 921 corpus
581 874 664 907 adeo
685 873 818 915 durum,
839 876 924 920 cujus
946 884 1052 921 partes
1074 872 1314 920 aliquantulum
1331 872 1419 908 flecti
1442 886 1510 908 non

109 919 237 971 poffint.
257 922 360 968 Qod
377 921 397 956 ii
415 933 526 956 tamen
540 922 685 964 daretur,
700 922 730 956 id
743 921 813 956 satis
824 922 868 956 est
883 921 1056 970 probabile
1071 952 1080 965 ‚
1100 935 1218 970 corpus
1233 922 1321 956 aliud
1344 923 1456 957 durum
1475 928 1510 959 δέ

109 969 290 1007 inflexibile
304 974 336 1007 in
350 973 381 1006 id
393 973 571 1020 impaehim
585 1001 594 1015 ,
614 970 773 1005 reflexum
791 973 829 1005 iri
847 983 940 1007 :cum
956 974 1096 1019 impetus
1117 972 1199 1006 illius
1216 972 1401 1020 perseveret
1413 1000 1422 1014 ,
1450 984 1510 1006 nce

109 1021 267 1056 contraria
278 1020 509 1056 determinatio
523 1033 596 1056 eum
611 1023 758 1068 perimat.
781 1021 894 1070 Qare
909 1017 991 1056 ut'in
1006 1020 1236 1069 funependulis
1255 1020 1428 1070 plumbum
1441 1034 1509 1056 non

109 1068 236 1112 sistitur,
251 1081 325 1104 cum
343 1071 382 1104 ad
403 1070 511 1104 locum
529 1073 646 1117 quictis
670 1073 822 1119 pervenit
848 1085 855 1106 z
879 1069 918 1105 fic
935 1083 1049 1119 corpus
1064 1070 1140 1105 illud
1155 1070 1354 1106 duriffimum
1376 1074 1407 1105 in
1423 1069 1510 1104 aliud

110 1117 275 1154 consimile
291 1121 450 1154 incurrens
461 1132 527 1154 non
540 1120 683 1166 quiescet
696 1148 706 1162 ,
730 1119 781 1153 sed
800 1130 929 1154 motum
942 1118 1030 1155 suum
1047 1124 1136 1168 juxta
1146 1132 1269 1154 naturae
1284 1120 1371 1168 leges
1392 1122 1424 1153 in
1436 1131 1510 1167 par-

111 1178 181 1202 tem
190 1170 386 1203 contrariam
395 1167 602 1204 continuabit
625 1184 632 1206 ε
655 1179 807 1204 manente
820 1170 944 1218 quippe
967 1172 1092 1218 impetu
1107 1181 1233 1205 motum
1255 1171 1436 1205 continuari
1454 1180 1511 1203 ne-

111 1214 192 1253 ceffe
210 1216 264 1252 est.

623 1316 809 1351 Solvuntur
828 1314 1024 1361 objeniones.

147 1417 233 1467 Opp.
247 1428 358 1454 contra
381 1419 525 1466 priorem
543 1414 756 1451 conclusionis
779 1425 904 1462 partem
921 1443 930 1458 ‚
957 1425 1025 1448 non
1049 1410 1112 1446 esse
1129 1409 1302 1460 probabile
1329 1411 1508 1450 durissimos

114 1465 234 1514 lapides
247 1495 258 1511 ,
279 1478 314 1503 ut
333 1467 524 1502 adamantes
536 1496 545 1510 ,
564 1476 617 1501 aut
637 1464 708 1499 saxa
732 1463 865 1513 figuram
882 1464 967 1498 suam
982 1472 1108 1497 mutare
1124 1490 1134 1505 ,
1159 1462 1237 1495 dum
1258 1460 1374 1496 leviter
1396 1476 1509 1512 percu-

115 1517 237 1551 tiuntur
255 1528 263 1550 ε
293 1528 372 1564 ergo
392 1515 450 1550 ubi
470 1528 584 1564 corpus
605 1517 640 1550 in
663 1513 771 1549 saxum
792 1514 979 1562 impingitur
997 1541 1007 1556 ,
1038 1523 1107 1546 non
1133 1513 1165 1545 vi
1189 1509 1319 1545 clastica
1342 1511 1425 1548 illius
1445 1513 1510 1548 saxi

116 1563 244 1602 resiliet.

154 1613 243 1663 Resp.
258 1626 325 1649 non
341 1614 444 1661 magis
471 1611 558 1647 sensit
574 1613 698 1660 percipi
718 1609 826 1659 figurae
853 1611 1070 1645 mutationem
1091 1610 1124 1642 iri
1143 1606 1246 1655 globo
1259 1607 1423 1654 chalybeo
1442 1624 1450 1646 :
1476 1615 1511 1646 &

118 1673 308 1698 tamennon
328 1661 462 1697 dubium
478 1662 524 1696 est
541 1664 619 1709 quin
639 1663 671 1695 in
690 1662 729 1694 iis
746 1659 845 1708 figura
857 1673 895 1694 ex
907 1656 1105 1707 percussione
1133 1668 1274 1691 mutetur
1291 1670 1298 1691 :
1318 1656 1402 1692 secus
1423 1661 1510 1695 enim

117 1711 195 1757 quid
208 1714 239 1746 in
251 1710 391 1759 chalybe
402 1708 505 1745 efficit
517 1721 735 1758 temperatura
747 1739 757 1752 ‚
771 1709 827 1744 nisi
840 1709 885 1743 illi
897 1709 1048 1742 duritiem
1061 1737 1070 1751 ‚
1083 1712 1115 1743 &
1130 1708 1198 1740 vim
1216 1705 1375 1740 elasticam
1390 1710 1512 1756 imper-

118 1761 190 1797 tiat.
222 1761 324 1797 Unde
345 1759 366 1794 fi
386 1759 521 1795 annulus
542 1759 663 1794 ferreus
689 1758 807 1806 triplici
839 1757 896 1792 filo
919 1756 1124 1805 suspendatur
1141 1783 1151 1797 ,
1168 1759 1376 1802 quantumvis
1395 1756 1511 1792 leviter

116 1821 193 1844 eum
213 1811 373 1859 percutias
393 1838 403 1853 ,
427 1807 562 1858 figuram
583 1808 745 1850 mutabit,
765 1813 798 1845 &
815 1807 991 1856 ellipticam
1010 1804 1145 1853 figuram
1167 1804 1288 1838 induet.
1320 1807 1401 1842 Non
1420 1809 1511 1842 enim

117 1863 242 1907 peremi
260 1859 362 1908 potest
381 1870 451 1907 pars
477 1860 501 1893 B
515 1887 524 1902 ,
548 1860 628 1905 quin
649 1858 782 1892 accedat
801 1857 842 1891 ad
860 1857 1017 1905 punCRum
1036 1856 1085 1899 C,

118 1919 155 1941 ac
179 1907 266 1944 simul
288 1908 353 1943 duo
371 1909 490 1956 Ρυηᾶει
504 1910 532 1944 A
546 1913 580 1944 δε
597 1910 628 1942 D
654 1907 674 1942 ἐι
699 1905 729 1942 se
757 1908 895 1941 invicem
915 1904 1080 1940 recedant.

118 1957 263 1993 Mutatio
274 1956 354 1993 vero
373 1957 425 1993 illa
439 1957 545 2006 figurae
557 1968 595 1992 ex
608 1967 702 1993 rnotu
726 1955 867 1992 tremulo
878 1985 887 2000 ,
900 1960 933 1992 ὃ(
945 1954 1082 1990 undula-

121 2007 202 2040 tioni
217 2004 310 2042 simili
327 2008 443 2056 conjici
464 2006 581 2055 potest.

139 2055 238 2099 Sed,
264 2056 386 2102 inquies
407 2083 414 2093 ,
439 2056 480 2090 ad
498 2056 608 2091 sonum
628 2058 796 2105 tympani,
815 2068 871 2091 aut
891 2053 1082 2103 bombardae

121 2103 278 2145 durissima
300 2105 464 2144 interdum
480 2117 615 2153 corpora
630 2117 771 2141 tremunt
791 2136 800 2150 ,
826 2119 886 2141 nec
905 2117 1014 2140 tamen
1025 2116 1084 2138 ve-

122 2151 248 2189 rifimile
271 2154 319 2188 est
349 2155 380 2188 in
402 2155 439 2188 iis
455 2154 644 2203 corporibus
672 2154 808 2204 figuram
832 2156 950 2201 mutari
979 2166 1084 2201 :ergo

123 2215 166 2237 ex
190 2201 354 2238 duriorum
376 2215 549 2252 corporum
567 2203 703 2239 fremitu
719 2216 774 2239 aut
787 2207 907 2241 tinnitu
920 2217 988 2240 non
997 2205 1086 2239 reste

124 2254 191 2287 vim
205 2253 367 2288 elasticarn
383 2252 579 2302 colligimus.

158 2302 246 2351 Resp.
268 2303 347 2336 dura
373 2315 509 2350 quaeque
532 2315 667 2350 corpora
690 2304 723 2336 vi
745 2301 875 2336 elastica
892 2302 1026 2346 donari,
1043 2307 1076 2338 &
1095 2297 1231 2348 percussa
1241 2308 1380 2332 tremere
1397 2326 1406 2340 ,
1422 2297 1510 2344 quod

121 2362 225 2397 partes
252 2350 395 2386 habeant
420 2351 602 2395 flexibiles,
627 2350 690 2387 hoc
720 2349 907 2394 breviores,
934 2365 1000 2399 quo
1031 2349 1134 2399 preffae
1159 2346 1251 2382 citius
1282 2345 1311 2380 se
1332 2347 1509 2383 restituunt.

122 2400 196 2434 Sive
217 2399 341 2435 subtilis
360 2403 412 2436 a'c'r
431 2401 515 2437 hunc
545 2412 722 2436 tremorem
742 2397 865 2435 efficiat
880 2429 890 2444 ,
911 2403 1029 2435 cumin
1048 2397 1113 2447 ipsa
1127 2395 1290 2432 collisione
1307 2397 1424 2444 ejectus
1439 2407 1510 2444 par-

1296 1885 1345 1920 A
