1878 2724
71 221 146 246 cum
158 207 240 245 illius
253 219 410 258 organum
423 207 507 243 male
517 207 561 243 est
570 207 723 244 affectum
736 207 885 256 :objeisto
908 210 995 243 enim
1012 206 1068 244 suo
1082 206 1206 258 semper
1217 212 1359 248 concinit
1371 181 1455 251 2403?-v

70 259 192 308 jelstum
215 270 296 292 vero
313 258 447 292 dicimus
467 269 535 292 rem
550 269 622 305 quae
640 259 815 305 percipitur
828 287 837 300 ,
854 267 1009 303 quatenus
1020 268 1077 304 pet
1093 257 1157 292 tale
1175 260 1318 294 medium
1333 261 1455 300 sensum

69 304 181 342 afficit.
215 309 268 341 Sic
286 304 404 341 morbo
421 307 511 354 regio
525 305 687 340 laboranti
702 308 812 340 omnia
839 304 931 340 ssavo
949 304 1058 339 colore
1077 307 1181 341 t1n&a
1196 308 1299 343 videri
1320 310 1455 348 debent.

71 353 186 391 Sensus
196 366 304 390 autem
318 356 452 389 interior
468 367 537 390 tum
548 354 618 390 falli
629 355 743 388 dicitur
753 383 762 397 ‚
779 367 853 388 cum
868 356 1023 401 imagines
1036 366 1092 401 per
1102 358 1275 391 exteriores
1288 357 1386 395 sensus
1399 373 1454 395 ac-

70 414 180 452 ceptas
195 416 269 438 cum
284 404 350 439 aliis
362 407 426 451 jam
446 403 526 438 olim
545 403 687 449 exceptis
705 404 890 438 connefflt:
907 412 974 437 tum
989 406 1076 437 enim
1088 416 1138 438 res
1153 404 1237 439 male
1256 407 1455 445 cohaerentes

69 454 246 501 conjungit.

107 500 190 535 Illud
210 513 293 537 vero
307 499 349 534 est
366 498 554 536 discriminis
569 503 653 537 inter
669 503 834 549 proprium
845 529 854 544 ,
865 513 1038 535 commune
1054 529 1065 544 ,
1082 506 1115 537 δι
1131 513 1189 549 per
1204 503 1349 539 accidens
1361 505 1455 542 senii·-

70 547 138 584 bile
151 576 161 591 ,
174 551 260 597 quod
275 551 441 597 proprium
459 549 619 599 velut‘per
633 549 770 598 speciem
784 548 869 584 suam
883 555 916 586 ὃ(
928 549 1066 584 sormam
1082 549 1202 585 sensum
1213 550 1333 587 afficiat
1344 566 1454 598 3c0m-

71 609 171 633 mune
191 598 326 633 modurn
354 598 526 644 quemdam
541 604 574 635 δι
600 610 722 633 certam
743 599 1049 634 determinationem
1063 627 1072 641 ,
1091 611 1156 633 non
1178 599 1315 647 speciem
1331 614 1454 639 novam

70 647 200 694 adjiciat
216 658 323 683 :nam
340 659 390 681 res
404 658 495 682 mota
511 647 604 682 aliter
621 646 741 683 sensum
756 644 858 682 afficit
875 675 883 689 ,
901 660 997 694 quam
1016 646 1036 680 si
1053 647 1193 694 quiescat
1206 665 1216 691 ·‚
1231 648 1375 684 sensibile
1395 653 1454 686 de..

69 708 163 730 mum
175 707 232 744 per
246 696 393 730 accidens
408 695 599 731 nullomodo
613 696 651 730 ad
664 696 784 731 sensum
797 698 967 744 pertineat.
989 698 1040 730 Sic
1054 699 1164 730 nivem
1177 696 1328 746 frigidam
1341 701 1454 736 videre

70 743 228 788 dicimur,
239 756 310 779 curn
323 755 433 780 tamen
447 744 546 792 frigus
559 747 692 779 omnino
707 757 774 780 non
791 745 944 779 videatur.-
968 745 1029 779 Sed
1042 756 1083 779 ne
1096 744 1194 793 figura
1216 748 1349 792 quidem
1362 777 1370 788 ‚
1380 762 1454 784 mo-

69 802 137 836 ως,
148 794 239 839 quies
253 821 264 836 ,
280 805 431 828 numerus
443 821 453 835 ‚
469 798 501 830 &
513 792 781 828 aliae-affefflones
799 805 985 828 communes
998 796 1124 841 proprie
1139 794 1179 827 ad
1197 794 1297 829 sensus
1312 801 1455 834 exterio-

70 852 119 875 res
144 843 287 876 attinent
309 870 319 885 ‚
351 855 418 877 non
432 843 518 877 enim
540 854 608 876 rem
627 844 750 876 moveri
767 843 1070 884 animadvertimus,
1087 842 1141 877 mfi
1157 854 1261 890 partes
1286 844 1456 892 praesentes

72 901 142 936 quae
156 888 228 924 solae
244 888 364 925 sensum
379 901 516 925 movent
533 919 542 933 ,
561 903 632 924 cum
650 892 815 938 praeteritis
835 894 868 926 &
883 890 995 924 futuris
1012 891 1256 936 quodammodo
1269 905 1458 941 comparen-

72 949 135 972 tur.
150 939 224 973 Nec
237 940 328 985 quies
338 967 348 982 ‚
364 937 461 986 figura
472 967 481 981 ‚
493 951 647 987 magnum
664 944 696 975 &
713 951 851 986 parvum
866 967 874 982 ‚
886 940 1027 973 multum
1045 943 1078 975 &
1092 951 1203 986 parurn
1220 944 1297 976 citra
1311 942 1455 990 aliquam

70 988 368 1035 comparationem,
387 989 602 1035 quaetrationis
614 1015 624 1032 ‚
645 999 700 1022 aut
713 986 826 1023 saltem
845 989 1083 1036 imaginationis
1105 988 1151 1021 est
1161 1001 1257 1037 opus,
1275 993 1455 1040 percipiun-

72 1044 134 1070 tur.

107 1083 197 1129 Qae·
213 1081 272 1119 fint
286 1081 387 1119 sensus
398 1085 597 1126 communis,
612 1087 661 1119 vis
679 1085 905 1133 imaginatricis
923 1088 957 1121 δί
976 1085 1287 1133 niemoriae‘organa,
1299 1098 1370 1133 quae
1381 1089 1456 1126 fun,

73 1132 197 1167 &iones
209 1161 219 1176 ,
241 1135 378 1179 quaeque
393 1135 474 1167 inter
486 1144 536 1166 eas
554 1133 636 1166 vires
650 1132 684 1168 fit
693 1135 854 1168 connexio
865 1161 874 1175 ‚
886 1131 1020 1167 definire
1038 1144 1135 1166 nemo
1151 1135 1254 1181 potest
1284 1136 1373 1181 Qud
1396 1149 1456 1173 au·-

72 1191 140 1215 tem
159 1182 192 1215 in
215 1193 249 1215 re
264 1182 347 1216 adeo
364 1180 497 1216 obscura
515 1179 715 1228 probabilius
732 1180 837 1216 afferri
855 1193 954 1228 queat
972 1209 981 1223 ‚
1003 1182 1177 1215 dicendum
1197 1182 1289 1217 nobis
1315 1186 1367 1221 est,
1391 1188 1454 1222 Sed

71 1240 227 1276 perpauca
237 1230 277 1264 de
299 1232 465 1265 communi
486 1241 600 1264 eorum
614 1229 756 1267 sensuum
773 1242 916 1279 organo,
936 1228 988 1264 seu
1005 1229 1054 1264 de·
1070 1229 1225 1266 strudmra
1244 1231 1366 1268 cerebri
1387 1233 1468 1272 sunt·

71 1288 146 1313 ante
167 1279 415 1326 praemunienda.

571 1376 602 1412 C
624 1377 653 1412 A
676 1379 700 1413 Ρ
724 1379 758 1415 U
782 1376 817 1413 T*
855 1377 921 1413 IV:

561 1473 618 1507 De
633 1473 786 1522 (Iruflura
801 1473 924 1509 cerebri.
938 1494 941 1497 ·

82 1567 374 1656 CEteb‘rumut
391 1572 538 1619 princeps
552 1567 699 1607 animalis
717 1572 882 1618 regiminis
896 1572 1008 1606 civitas
1022 1573 1131 1606 crani'o
1141 1600 1151 1615 ,
1161 1582 1312 1620 tanquam
1322 1574 1450 1622 lapideo

169 1633 263 1655 muro
284 1621 424 1667 undique
442 1622 588 1668 cingitur.
620 1622 670 1656 Os
692 1620 807 1654 fronti-s
831 1621 973 1666 priorem
986 1618 1069 1653 illius
1089 1632 1213 1668 partem
1230 1651 1239 1665 ‚
1259 1635 1294 1656 os
1309 1626 1452 1672 occipitis

74 1670 285 1717 posteriorem
304 1679 440 1716 occupat
453 1686 463 1711 5
477 1671 561 1703 inter
578 1679 750 1715 utrumque
777 1669 947 1716 interjecta
969 1666 1037 1702 sunt
1048 1668 1115 1702 duo
1129 1667 1278 1719 sincipitis
1294 1701 1299 1706 .
1324 1677 1358 1708 &
1375 1676 1454 1708 toti.

73 1718 149 1752 dem
165 1729 348 1763 temporum
369 1715 450 1759 osta,
473 1719 654 1764 quaevariis
667 1720 751 1752 inter
768 1715 798 1750 se
817 1714 1024 1751 commiffiiris
1043 1727 1099 1751 aut
1117 1716 1225 1753 suturis
1242 1723 1454 1757 comnssitturr.

76 1776 139 1800 tur·
157 1768 295 1801 interior
310 1767 409 1799 cranii
419 1764 716 1813 superficiesmultis
730 1765 819 1800 velut
828 1764 924 1800 sulcis*
940 1763 1046 1812 aspera
1060 1768 1198 1801 cernitur
1211 1795 1221 1810 ‚
1233 1773 1289 1814 qui
1310 1769 1352 1803 ab
1368 1781 1454 1805 arte-

74 1815 126 1848 riis
143 1826 200 1863 per
219 1813 393 1860 subjectam
411 1813 733 1862 membranam,quae
744 1813 846 1862 vulgo
864 1814 939 1848 dura
961 1824 1072 1857 mater,
1091 1826 1145 1849 aut
1159 1818 1298 1852 meninx'
1313 1817 1455 1865 appella-

76 1873 144 1906 tur,
162 1861 265 1911 sparsis
280 1869 313 1899 &
326 1861 517 1908 pulsantibus
530 1873 729 1898 excavantur
743 1876 750 1898 :
764 1875 834 1897 cum
846 1867 933 1898 enim
952 1862 1083 1896 mollior
1098 1864 1146 1897 est'
1162 1867 1261 1899 cranii
1281 1865 1457 1903 substantia

75 1922 111 1946 ut
124 1911 433 1953 ininfantibus‚has
447 1913 557 1958 urique
577 1913 764 1946 arteriarum
785 1910 1003 1959 impressiones
1022 1910 1145 1946 facilius
1159 1915 1292 1961 excipit.

114 1962 218 2007 Hujus
240 1958 434 1995 membranae
452 1962 597 2008 praecipui
616 1959 684 1995 sunt
702 1958 767 1995 usus
780 1988 790 2003 ,
812 1971 848 1994 ut
861 1962 1027 1995 interiores
1042 1962 1141 1995 cranii
1161 1970 1266 2010 partes
1281 1962 1452 2012 succingat3

74 2007 248 2043 cerebrum
262 2008 282 2043 ὲ
301 2006 483 2050 cerebello,
498 2009 585 2054 quod
603 2008 722 2042 scilicet
756 2011 903 2056 occipitis
922 2007 985 2042 offe
1004 2008 1224 2054 concluditur3
1238 2011 1454 2056 discriminet'3

76 2069 249 2103 utrumque
260 2068 298 2090 ex
312 2057 501 2103 omniparte
520 2056 668 2090 involvar
680 2069 765 2103 5qt¹0
781 2056 820 2091 ab
836 2059 975 2092 externis
999 2067 1099 2091 tutum
1112 2056 1148 2092 fit
1159 2060 1277 2105 injuriis
1290 2089 1300 2104 ‚
1319 2072 1361 2094 ne
1380 2060 1453 2096 loco

74 2104 132 2140 suo
151 2106 278 2139 moveri
297 2115 351 2138 aut
371 2106 501 2138 concuti
518 2102 745 2151 facilepoffit‘3
764 2107 870 2138 nervis
891 2107 910 2140 ὲ
932 2104 1066 2139 cerebro
1086 2103 1278 2142 exeuntibus
1294 2108 1456 2143 membra-

79 2165 153 2189 nam
168 2155 326 2200 impertit3
346 2164 458 2186 omnes
471 2154 569 2187 cranii
581 2152 713 2187 recessus
727 2154 806 2193 adir,
819 2153 901 2188 illius
917 2154 1077 2188 foramina
1091 2155 1349 2205 &smusimplet¹
1361 2160 1454 2203 Qa-

80 2213 152 2236 ωσι·
165 2204 263 2235 etiam
277 2202 339 2236 haec
354 2199 541 2235 membrana
566 2202 660 2235 musta
676 2201 719 2234 est
735 2199 814 2236 finus
842 2202 1024 2237 reducendo
1041 2203 1181 2247 sanguini
1195 2206 1382 2249 destinatos,
1396 2209 1453 2252 qui

78 2250 157 2286 nihil
173 2250 240 2284 sunt
251 2249 333 2285 aliud
351 2262 449 2295 qu'm
473 2249 550 2283 dura
559 2251 689 2283 meninx
708 2247 753 2283 sui
779 2250 975 2299 duplicarura
987 2253 1025 2285 'in
1051 2242 1121 2286 vasi
1142 2281 1153 2295 ,
1169 2262 1224 2286 aut
1240 2252 1365 2288 canales
1386 2262 1454 2287 arn·-

80 2297 149 2346 plos
165 2298 350 2333 convoluta.
363 2298 499 2332 -Homni
519 2299 671 2332 maximus
691 2296 859 2334 secundum
881 2299 1002 2334 cerebri
1031 2299 1263 2348 longitudinm
1290 2301 1386 2348 usque
1410 2302 1452 2336 ad

79 2346 204 2381 cerebri
221 2345 414 2383 &cerebelli
431 2345 608 2380 confinium
628 2348 802 2394 porred'tus,
816 2347 905 2382 falcis
920 2360 1040 2383 nomen
1055 2347 1198 2383 obtinuit
1215 2363 1223 2383 ε
1241 2350 1305 2384 duo
1325 2349 1450 2386 suntla-

81 2394 212 2440 tetales,
228 2397 282 2442 qui
297 2394 478 2442 sanguinem
494 2394 604 2432 afalce
619 2406 655 2432 m
670 2407 766 2433 venas
780 2396 940 2447 jugulares
951 2397 1051 2434 dietas
1066 2396 1265 2481 ιπειηίὴιῐίΐῐιὲῐῐ
1276 2400 1464 2447 excipiunt..

247 2445 335 2480 Tom.
361 2446 408 2479 ll.
1252 2460 1264 2482 ι
1275 2455 1303 2481 t'
