1878 2724
424 133 486 175 428
734 128 991 165 PHYSICAE
1035 128 1175 163 PARS
1215 126 1515 166 SECUNDA.

421 180 586 225 gneticum
599 178 695 226 longe
707 177 851 213 subtilius
868 177 1004 216 aetherea
1015 177 1148 213 materia
1161 205 1171 220 ‚
1188 176 1270 216 hanc
1285 176 1358 211 loco
1372 178 1540 214 dimovere
1549 181 1653 227 potest
1665 210 1673 224 ,
1685 180 1737 217 sed
1753 193 1809 230 per

420 227 502 262 illins
517 227 681 261 interstitia
691 225 787 270 subit3
800 238 898 274 atque
911 225 1012 261 :ether
1027 225 1077 260 vel
1089 237 1144 260 aer
1156 237 1221 260 tam
1237 224 1346 260 refistit
1363 230 1547 276 magnerico
1559 226 1808 277 effluvio‚quam

419 275 543 322 lignum
555 286 610 310 aut
620 275 704 310 aliud
715 287 837 323 corpus.
858 275 942 311 Illud
956 273 1036 311 vero
1048 277 1265 323 magneticum
1284 273 1451 311 effluvium
1468 279 1535 311 acui
1548 280 1681 314 nauticae
1698 291 1806 327 aptam

419 325 633 359 directionem
643 326 806 371 impertit,
828 330 998 362 &motum
1008 324 1081 359 huic
1094 325 1260 372 proprium
1270 325 1430 372 imprimit
1449 342 1460 371 3
1477 338 1549 364 cum
1567 329 1603 362 in
1626 340 1716 377 aquae
1737 341 1808 365 cot.

417 372 545 419 puscula
561 401 571 415 ‚
594 384 650 407 aut
662 373 723 408 alia
737 376 858 421 quaevis
876 372 976 409 obvia
993 373 1194 409 vimnullam
1211 385 1333 408 exerat.

454 422 539 470 Opp.
566 435 590 465 ς.
607 423 640 456 Si
659 422 778 457 ferrum
797 426 832 458 in
849 434 1035 472 magnetem
1047 433 1118 456 ruat
1130 421 1219 469 quod
1232 420 1274 457 ab
1286 434 1359 458 aere
1369 432 1456 457 retro
1467 421 1610 470 pellente
1625 436 1807 470 moveatur,

414 470 498 504 nihil
511 470 557 504 est
569 469 667 509 cansae
684 483 737 505 cur
749 484 881 521 magnes
895 474 928 507 in
940 483 1078 519 utroque
1088 470 1165 518 polo
1179 469 1318 519 chalybe
1333 482 1471 505 armatus
1483 472 1605 519 pondus
1621 473 1726 509 decies
1737 488 1808 511 ma..

411 523 463 564 jus
479 518 609 554 attollat
623 548 632 563 ,
645 523 809 555 nonenim
828 521 933 570 plures
956 518 1092 555 effluxus
1107 521 1279 568 magnerici
1303 531 1488 568 erumpunt.

455 569 541 616 Refp.
561 569 753 616 Amagnete
768 572 823 618 qui
844 569 985 619 chalybe
1006 567 1086 604 terso
1104 574 1137 606 &
1189 568 1272 603 olito
1286 580 1425 603 armatur
1440 596 1450 611 ,
1472 572 1572 615 majus
1592 568 1668 604 ferri
1680 571 1806 618 pondus

414 616 522 656 attolli
543 635 553 661 ·,
569 616 656 665 quod
667 630 724 666 per
758 618 840 653 lures
853 631 960 667 partes
977 618 1026 653 illi
1037 618 1159 653 adhaere
1175 629 1225 652 cat
1239 635 1249 661 3
1262 619 1348 653 unde
1365 620 1575 655 &contaetus
1595 617 1632 654 fit
1647 623 1751 668 major
1769 633 1807 656 ac

413 668 568 702 tenacior.
628 679 702 701 uate
726 631 754 702 (i,
772 667 906 717 chalybs
923 666 1108 716 rubiginem
1123 668 1320 702 contraxerit
1337 695 1347 710 ‚
1361 672 1394 703 &
1418 665 1526 702 mimis
1543 665 1579 702 fit
1599 667 1695 702 tersus
1709 697 1720 712 ‚
1738 682 1807 706 non

414 726 538 750 tanturn
553 717 684 750 attollet
703 717 847 764 pondus,
865 729 925 751 nec
936 718 984 751 vis
998 718 1155 765 magnetis
1175 728 1214 750 ex
1227 715 1377 764 adjuncto
1398 714 1536 764 chalybe
1551 714 1609 751 fiet
1637 720 1782 766 vegetior
1797 732 1807 755 :

412 763 465 799 sed
478 776 582 812 neque
597 765 614 801 ὲ
627 764 774 813 longiore
795 765 897 814 spatio
914 766 955 800 ad
972 765 1002 801 se
1017 765 1113 800 trahit
1127 776 1260 813 magnes
1280 776 1420 800 armatus
1445 778 1453 799 :
1485 768 1551 800 imo
1568 770 1601 801 &
1618 766 1805 815 interposita

412 813 522 848 charta
531 812 651 849 efficiet
661 842 670 857 ,
685 826 720 849 ut
733 827 865 863 magnes
876 826 1015 850 armatus
1027 816 1083 850 vix
1097 819 1197 862 majus
1210 813 1335 861 pondus
1352 812 1498 849 sustinere
1512 812 1615 862 poffit,
1628 813 1728 862 quam
1742 828 1805 852 nu-

412 862 525 897 dus.1d
538 861 616 897 vero
630 862 816 898 addendum
833 875 904 898 cum
917 865 1078 912 Hugenio
1091 891 1100 907 ‚
1127 861 1336 899 substantiam
1355 865 1570 909 magneticam
1585 863 1719 899 celeritis
1738 865 1804 900 fer.

409 912 437 944 ri
450 923 507 958 per
518 910 709 959 chalybem,
726 916 813 959 cujus
825 923 950 947 meatus
961 912 1220 948 commodiorem
1242 910 1388 959 praebent
1401 912 1523 946 aditum
1540 915 1654 947 vortici
1664 942 1674 956 ,
1700 913 1802 959 quam

401 971 465 994 ⁴aer
479 962 675 1007 interjectus.
684 961 783 997 Unde
799 960 866 996 liaec
875 963 1010 996 materia
1021 963 1053 996 in
1064 973 1136 995 eam
1152 958 1244 994 velut
1254 971 1448 995 armaturam
1463 971 1531 995 tota
1544 972 1629 1008 pene
1647 961 1800 1007 confluit;

409 1006 449 1043 fic
464 1011 551 1044 enim
561 1008 764 1044 celeritatem
785 1010 828 1044 iiii
842 1010 952 1045 motfis
968 1012 1070 1058 magis
1087 1020 1205 1044 tuetur.

452 1057 516 1092 Sed
531 1085 542 1100 ,
560 1059 702 1103 inquies,
732 1058 820 1093 unde
840 1058 879 1093 fit
905 1070 941 1093 ut
963 1057 1103 1092 debilior
1130 1067 1272 1105 magnes*
1291 1055 1413 1092 ferrum
1438 1057 1525 1105 quod
1560 1062 1719 1107 vegetiori
1745 1062 1802 1097 ad-

408 1104 570 1150 haerebat,
593 1106 633 1140 ad
645 1103 675 1141 se
696 1110 800 1156 rapiat
816 1136 828 1151 ,
846 1119 921 1143 cum
943 1104 1079 1142 effluxus
1096 1106 1274 1155 magnetici
1288 1108 1322 1141 in
1338 1108 1504 1156 vegetiore
1525 1105 1584 1142 sint
1598 1108 1712 1144 itidem
1728 1110 1798 1146 for.

411 1165 520 1191 tiores.
1667 1169 1670 1173 ’

456 1206 546 1253 Refp.
559 1204 593 1240 Id
609 1203 678 1239 fieri
693 1204 783 1250 quod
795 1203 932 1239 debilior
941 1217 1072 1254 magnes
1087 1206 1250 1253 vegetiori
1274 1205 1423 1240 admotus
1451 1203 1535 1241 illius
1556 1208 1590 1242 vi
1616 1205 1796 1245 roboretur:

408 1252 447 1287 sic
456 1265 526 1300 pars
537 1254 612 1288 accis
628 1254 765 1288 nautica:
778 1265 850 1300 quoe
862 1254 901 1287 ad
913 1256 1175 1302 Septentrionem
1195 1254 1312 1297 tendi-t,
1327 1251 1445 1288 fortiils
1462 1255 1502 1288 ad
1517 1255 1548 1289 se
1558 1255 1655 1290 trahit
1664 1256 1798 1302 ferrum,

406 1302 509 1348 quam
522 1301 687 1350 opposita:
708 1302 797 1349 quod
809 1301 862 1337 illa
879 1301 898 1338 a
916 1303 994 1351 polo
1008 1314 1098 1338 terrae
1110 1302 1365 1352 Septentrionali
1379 1299 1513 1338 effluxus
1533 1305 1674 1352 excipiat
1692 1332 1703 1348 ,
1730 1319 1799 1342 non

407 1352 488 1386 item
499 1363 570 1398 pars
584 1350 698 1386 altera.
1680 1355 1686 1358 “

441 1402 505 1434 His
519 1400 686 1448 explicatis
708 1413 774 1435 non
790 1402 851 1435 erit
868 1400 1037 1437 intellefihi
1060 1400 1189 1437 difficile
1204 1431 1214 1445 ,
1235 1401 1407 1449 quomodo
1431 1400 1550 1437 ferrum
1565 1404 1598 1437 v'i
1615 1404 1798 1452 magnetica

403 1447 720 1485 imbuaturPrinuim
730 1450 816 1484 enim
826 1450 856 1483 id
867 1449 971 1497 liquet
982 1452 1223 1500 magnaminter
1231 1462 1402 1497 utrumque
1414 1448 1475 1485 effe
1482 1454 1795 1500 cognationemzcum

403 1509 442 1532 ex
453 1497 564 1532 iisdem
574 1498 695 1533 fodinis
707 1509 1007 1546 eruantur,cumque
1019 1512 1056 1534 ex
1068 1511 1219 1548 magnete
1228 1499 1723 1548 chalybsoptimus,utGilbertus
1736 1502 1796 1535 do..

402 1558 454 1581 cet
465 1576 473 1590 ,
484 1545 644 1582 efficiatur.
660 1546 888 1595 Qamobrem
904 1547 1040 1583 effluxus
1054 1547 1294 1593 substantiales,
1313 1547 1551 1597 quiconfertim
1566 1551 1582 1585 ὲ
1595 1561 1749 1598 magnete
1761 1552 1796 1586 in

403 1595 668 1641 ferrumirruunt‚
680 1596 759 1631 ferri
777 1595 909 1632 fibrillas
922 1608 1108 1641 mutant,ut
1125 1603 1190 1646 jam
1213 1600 1389 1633 innuimus.
1416 1596 1480 1632 Sed
1497 1610 1602 1646 partes
1621 1598 1698 1633 ferri
1722 1597 1794 1634 sunt

403 1644 610 1680 flexibiliores
627 1674 636 1688 ‚
654 1658 828 1693 earumque
842 1658 990 1682 extantes
1015 1645 1158 1690 fibrillae,
1180 1652 1215 1683 &
1231 1646 1316 1694 quali
1331 1646 1403 1683 villi
1428 1646 1528 1683 modo
1550 1649 1584 1683 in
1603 1660 1700 1682 unam
1721 1660 1793 1696 pat..

404 1705 471 1728 tem
483 1723 492 1737 ,
507 1693 608 1729 modo
620 1697 651 1728 in
662 1694 797 1729 alteram
810 1695 947 1743 deprimi
958 1695 1061 1731 solent
1076 1697 1180 1731 :adeo
1194 1707 1229 1731 ut
1245 1708 1344 1744 quam
1363 1696 1481 1731 ferrum
1491 1708 1529 1731 ex
1542 1698 1700 1742 magnetis
1713 1709 1792 1732 con-

402 1743 491 1777 tac‘tu
504 1745 569 1778 vim
584 1742 682 1779 hausit
699 1773 707 1787 ‚
726 1744 862 1778 eandem
875 1744 975 1779 ductu
985 1747 1146 1779 contrario
1155 1746 1286 1779 amittat
1298 1758 1305 1778 :
1320 1745 1408 1791 quod
1418 1745 1503 1780 illius
1517 1744 1640 1780 fibrillae
1651 1745 1791 1780 eundern

401 1790 491 1826 fitnm
501 1804 701 1840 recuperent,
712 1804 810 1838 quem
823 1791 964 1827 habuere
978 1805 1152 1841 antequam
1166 1795 1308 1841 ungneti
1319 1793 1438 1828 ferrum
1450 1794 1689 1829 admoveretur.
1700 1796 1789 1830 Nam

401 1840 476 1875 ferri
490 1852 614 1876 meatus
634 1840 825 1876 recluserant
834 1840 971 1876 effluxus
989 1845 1159 1890 magnerici
1174 1871 1182 1884 ,
1206 1848 1239 1878 &
1257 1840 1389 1876 fibrillas
1404 1841 1589 1877 transversas
1615 1844 1647 1876 in
1666 1854 1788 1877 certam

401 1900 524 1937 partem
536 1888 732 1927 inflexerant
748 1904 755 1924 ε
769 1889 818 1923 sed
840 1890 954 1924 eadem
965 1892 1150 1936 magnetica
1166 1889 1342 1925 substantia
1360 1892 1521 1924 contrario
1540 1891 1636 1924 ἀυᾶυ
1653 1891 1787 1926 admota

401 1940 597 1973 contrarium
609 1937 762 1971 effecsbnm
775 1949 924 1985 procreat
935 1967 944 1980 ‚
962 1943 994 1974 δ(
1006 1937 1138 1972 fibrillas
1148 1938 1273 1973 metalli
1288 1940 1319 1973 in
1331 1939 1494 1984 pristinum
1512 1940 1624 1973 statum
1637 1968 1646 1982 ‚
1662 1951 1718 1974 aut
1733 1952 1788 1974 or.

400 1986 510 2023 dinem
521 1987 665 2021 restituit.
688 1988 738 2021 Sic
749 1997 882 2032 magnes
894 1987 1009 2021 chartae
1021 2016 1030 2030 ,
1047 1990 1096 2021 cui
1113 1987 1260 2022 limatura
1272 1986 1419 2034 chalybis
1441 1988 1484 2022 est
1501 1986 1648 2036 imposita
1660 2016 1670 2031 ‚
1684 1987 1789 2039 subje-

401 2036 469 2071 etus
480 2035 575 2070 velut
591 2046 703 2070 omnes
715 2034 850 2068 aciculas
864 2033 1016 2070 suomotn
1030 2037 1062 2070 in
1079 2049 1176 2071 unam
1190 2048 1314 2085 partem
1331 2035 1491 2081 inflectit,
1509 2050 1580 2086 quae
1599 2048 1691 2072 motu
1704 2048 1786 2073 con-

400 2086 499 2121 trario
509 2085 670 2133 magnetis
687 2086 852 2131 inpartem
867 2083 1047 2132 oppositam
1062 2085 1266 2122 reclinantur.

445 2133 552 2169 Multa
564 2135 742 2168 omittimus
757 2146 765 2167 τ
783 2137 990 2178 nequeenim
1004 2137 1113 2169 omnia
1136 2148 1206 2182 quae
1218 2135 1257 2169 ad
1271 2145 1457 2182 magnetem
1477 2136 1639 2182 pertinent
1650 2164 1660 2178 ,
1678 2136 1783 2183 expli.

398 2184 461 2216 cari
474 2193 531 2218 aut
540 2183 621 2216 tradi
639 2180 874 2229 poffunucfim
897 2195 982 2218 nova
993 2184 1138 2229 qnotidie
1160 2184 1242 2219 illius
1259 2184 1471 2230 phaenomena
1494 2184 1694 2230 detegantur.
1728 2187 1781 2219 Sic

398 2233 557 2279 magnetis
567 2229 703 2266 effluvia
718 2232 832 2266 cuncta
842 2231 910 2265 fere
922 2245 1053 2275 corpora
1065 2245 1256 2280 penetrant:
1276 2238 1308 2271 ὅ(
1319 2232 1433 2267 rnensae
1452 2246 1481 2268 v,
1495 2245 1527 2284 g.
1543 2231 1700 2280 san'evstus
1711 2246 1781 2267 ma..

397 2277 473 2327 gnes
491 2279 871 2328 impofimmlimamram
881 2281 1024 2329 chalybis
1045 2281 1106 2315 huc
1119 2282 1196 2317 illuc
1205 2293 1337 2324 movet,
1356 2294 1422 2317 non
1436 2283 1513 2315 item
1531 2281 1550 2315 fi
1566 2282 1667 2316 ferrea
1684 2287 1717 2318 &
1736 2281 1781 2316 la-

399 2340 430 2363 ta
444 2328 561 2364 lamina
576 2332 764 2376 interjaceat
779 2342 786 2364 :
803 2340 870 2364 tuni
883 2342 968 2364 enim
982 2333 1030 2364 vis
1048 2334 1228 2380 magnetica
1241 2334 1271 2366 in
1290 2331 1430 2365 ferream
1444 2329 1596 2368 laminam
1617 2333 1684 2365 vim
1705 2344 1779 2365 orn-

399 2377 567 2414 nemsuam
580 2389 779 2423 exeret1‚nec
789 2378 941 2427 chalybis
958 2380 1141 2416 limaturam
1170 2380 1285 2416 trahet.
1312 2382 1385 2417 Nec
1406 2378 1538 2414 dubium
1564 2380 1608 2414 est
1628 2382 1706 2427 quin
1727 2382 1780 2415 in..
