1878 2724
371 143 430 175 230
687 122 945 162 PHYSICAE
990 124 1330 163 GENERALIS

371 189 490 227 aquam
502 177 697 222 interceptus
720 186 773 208 eas
784 173 1031 221 quodammodo
1046 173 1217 218 sustineat,
1230 175 1319 223 isque
1333 172 1370 209 fit
1393 173 1487 210 instar
1501 173 1642 222 aggeris,
1658 185 1696 210 ur
1713 173 1764 210 lo..

372 230 484 277 quitur
498 223 648 259 Galilaeus
661 222 764 257 :unde
778 234 853 256 acus
865 223 973 257 vitreae
991 225 1026 258 &
1038 222 1137 257 exiles
1154 235 1246 270 aquae
1261 236 1326 259 non
1353 226 1500 260 innatant
1511 251 1520 266 ‚
1535 222 1627 270 quod
1643 227 1764 259 vitrum

374 288 491 337 qquam
505 271 694 307 immediate
706 281 827 319 tangat.
846 271 958 317 Qare
980 270 1032 305 hic
1051 270 1186 307 effeetus
1203 283 1247 306 ex·
1262 284 1303 307 eo
1316 275 1401 308 -otiri
1425 285 1491 307 non
1506 272 1655 317 videtur,
1672 272 1765 321 quod

395 336 462 371 quae
476 318 656 369 superficies
668 318 866 369 situliginosa
878 347 888 363 ,
903 325 937 356 &
949 318 1095 355 divisioni
1108 319 1215 355 obstet
1233 333 1241 356 ι
1263 319 1314 355 sed
1333 333 1373 356 ex
1388 322 1657 370 aere‘intercepto
1669 350 1679 366 ,
1704 323 1765 369 qui

374 338 449 417 {um
459 382 578 416 aquam
592 369 755 418 deprimat
765 398 775 412 ,
786 382 855 405 non
867 371 986 404 mirum
1002 369 1044 404 cst
1056 368 1077 403 si
1088 369 1161 404 aliz
1169 368 1349 404 consimiles
1366 381 1439 405 acus
1452 370 1695 406 eundem-velut
1711 371 1764 406 lo-

373 418 449 455 cum
461 418 635 462 affectent,
653 423 687 455 &
705 416 767 453 sese
782 429 897 453 mutuo
912 418 1040 454 trahere
1053 419 1236 455 videantur.
1262 419 1414 466 Cumque
1437 430 1554 466 aquam
1578 421 1768 455 immediate

375 481 444 507 non
462 477 598 517 tangant
609 496 620 511 ‚
635 480 703 503 non
716 469 793 502 vitri
803 467 904 502 latera
914 467 1028 502 altiora
1039 496 1048 510 ,
1065 466 1118 502 sed
1134 468 1275 502 medium
1289 479 1378 515 aquae
1391 466 1500 502 locum
1513 496 1523 510 ‚
1543 472 1577 504 &
1592 468 1632 502 de
1658 467 1769 506 reffioe

374 529 446 553 rem
455 527 605 565 quaerunt
616 531 625 552 :
638 528 710 552 cum
722 516 843 551 scilicet
853 515 988 565 scyphus
1003 518 1121 551 vitreus
1131 529 1198 552 non
1213 517 1257 551 est
1273 528 1355 564 aqua
1372 515 1498 565 plenus,
1512 518 1601 552 Nam
1617 529 1637 552 u
1664 520 1676 553 i
1694 531 1769 554 oni-¹

376 569 457 605 nino
469 566 612 615 repletur
623 595 634 611 ,
658 577 727 601 tum
739 578 819 601 -acus
829 564 997 614 chalybeae
1011 594 1020 609 ‚
1041 571 1075 603 δε
1086 578 1223 614 corpora
1239 578 1493 614 quaevaquanon
1505 565 1657 610 madent,
1674 569 1715 602 ad
1724 569 1770 604 νὴ

377 618 419 652 tri
429 618 589 664 margines
604 614 810 664 depreffiores
826 613 987 651 feruntur.
1004 617 1057 650 Sic
1070 613 1127 650 ubi
1144 615 1516 651 calamus·attamentum
1533 616 1666 663 attingit
1678 644 1687 659 ,
1710 616 1772 651 sta*

377 667 439 700 tim
459 664 512 700 sua
535 664 649 713 sponte
664 663 806 700 ascendit
819 660 1058 699 zittamentuma·
1070 666 1151 700 Non
1166 663 1261 698 aliter
1273 674 1373 711 atque
1384 676 1502 711 aquam
1513 666 1546 698 in
1566 662 1696 699 tubulos
1717 666 1772 700 vi-

377 724 466 750 treos
479 713 594 762 sponte
603 713 711 750 attolli
723 714 861 748 diximus
875 741 887 756 ‚
910 712 988 747 dum
1002 724 1058 747 eos
1078 712 1293 757 madefaciat,
1308 718 1342 749 &
1358 711 1508 747 ab'omni
1524 710 1774 762 fintzpinguedh-

376 776 420 801 ne
436 762 542 800 liberi.
569 765 667 798 Secus
680 764 768 798 enim
781 773 890 809 neque
911 773 998 808 aqua
1014 761 1148 797 tubulos
1159 789 1169 804 ,
1187 773 1295 808 neque
1309 772 1528 796 atramentum
1551 763 1669 796 rimam
1687 761 1774 796 calar.

379 814 426 849 mi
436 811 538 849 subit:
554 811 607 847 sed
621 814 723 861 magis
735 810 821 847 infra
836 810 952 845 calami
963 813 1092 858 apicem
1105 809 1283 847 descendit.
1303 812 1393 846 Nam
1410 810 1442 844 id
1460 809 1584 859 semper
1595 812 1774 847 tenendum

351 888 353 891 .
379 862 425 898 est
437 874 497 906 ‚eo
507 861 537 897 se
548 863 694 910 recipere
708 873 826 908 aquam
836 888 846 903 ‚
859 858 917 895 ubi
931 861 1038 895 minor
1048 859 1090 894 est
1099 858 1225 907 preffi0.
1243 861 1295 894 Sic
1311 871 1421 894 autem
1441 870 1611 908 apparatus
1629 860 1672 894 est
1687 859 1775 896 cala.

380 923 450 947 mus
467 940 477 954 ,
497 922 533 945 ur
544 909 628 946 illius
638 910 729 944 velut
746 909 879 944 rostrum
893 907 1012 942 multos
1033 907 1197 956 preffionis
1212 908 1324 943 radios
1336 909 1548 956 intercipiats,
1573 919 1674 956 atque
1691 919 1778 944 atra*

382 972 532 996 mentum
547 962 638 995 rimae
647 957 739 1007 ipsius
762 955 916 992 lateribus
931 955 1126 994 sustineatur.
1149 959 1202 992 Sic
1226 969 1311 1004 aqua
1335 956 1476 1003 subjecta
1491 956 1632 1006 spongiae
1649 967 1777 995 meatus
1793 979 1798 983 -

381 1008 467 1045 subit
479 1037 489 1053 ‚
509 1008 689 1045 dummodo
700 1018 773 1042 eam
784 1008 964 1055 contingat.
981 1007 1034 1040 Sic
1046 1007 1080 1041 in
1099 1005 1203 1050 filtro,
1223 1005 1277 1040 seu
1290 1007 1325 1041 in
1341 1006 1439 1054 panni
1461 1004 1576 1041 lacinia
1599 1018 1658 1055 per
1675 1019 1777 1054 quam

383 1070 469 1106 aqua
481 1060 636 1105 trajicitur
645 1085 656 1101 ,
666 1055 812 1091 infinitos
827 1055 903 1090 licet
915 1054 1056 1103 spestare
1070 1054 1328 1097 vel-ut‘tubulos‚
1345 1066 1407 1089 *aut
1420 1053 1587 1102 *syphones
1602 1084 1611 1099 ,
1623 1067 1680 1103 per
1693 1065 1777 1102 quos

383 1119 470 1154 aqua
485 1105 527 1140 ab
539 1118 674 1142 externo
689 1118 762 1142 aere
773 1103 872 1154 press'a
909 1138 912 1145 ,
931 1104 1044 1139 ulatim
1063 1103 1228 1140 eluckarurz
1244 1103 1384 1140 A'clicet
1401 1102 1632 1152 pannilacinia‘
1642 1102 1778 1140 infinitis

381 1157 472 1205 poris
485 1153 520 1189 sit
529 1156 638 1204 pervia
651 1183 661 1198 ,
684 1154 748 1189 hoc
763 1153 846 1190 nihil
862 1166 883 1188 o
912 1153 978 1189 stat
985 1154 1161 1200 quominus
1174 1166 1259 1201 aqua
1272 1151 1410 1202 petillos
1420 1151 1510 1187 velut
1521 1151 1652 1189 tubulos
1670 1155 1778 1189 conti:

385 1215 506 1247 uenter
517 1204 675 1240 ascendam
690 1205 780 1240 Nam
793 1201 851 1238 ubi
866 1213 955 1237 extra
965 1202 1038 1237 illos
1049 1214 1174 1238 meatus
1189 1205 1276 1238 exire
1291 1203 1402 1238 nititur
1419 1231 1428 1245 ‚
1448 1201 1469 1237 {a
1493 1201 1687 1238 circumfuso
1704 1213 1779 1237 aere

386 1252 552 1300 repellitur
566 1267 573 1288 ι
586 1265 651 1287 nen
664 1252 761 1286 aliter
771 1262 869 1298 atque
886 1250 1312 1298 aquaesgutnflasecundum
1334 1250 1440 1287 tubuli
1458 1251 1553 1285 vitrei
1575 1250 1778 1300 superficiem

386 1301 556 1344 decidens,
573 1313 647 1335 cum
663 1300 704 1333 ad
717 1301 817 1334 imam
826 1309 950 1347 partem
962 1299 1167 1348 per-venerii,
1185 1300 1205 1335 ἐι
1217 1301 1424 1347 circumjesto
1439 1310 1514 1333 aere
1528 1301 1613 1335 intra
1628 1299 1778 1337 tubulum

388 1348 562 1398 repellitur.
594 1351 667 1385 Nec
679 1347 767 1385 forti:
775 1348 869 1382 aliter
884 1346 995 1382 succus
1010 1359 1069 1396 per
1088 1346 1184 1382 fibras
1199 1348 1380 1398 plantarum
1396 1346 1549 1385 aseendit:
1566 1351 1622 1384 Sic
1633 1351 1671 1384 -in
1695 1348 1779 1385 tubo

388 1400 496 1433 vitreo
507 1428 515 1442 ,
527 1399 583 1445 qui
596 1399 698 1432 minio
710 1396 761 1432 seu
782 1396 870 1431 calce
880 1395 1006 1444 plumbi
1033 1397 1183 1445 impletur
1195 1427 1205 1442 ,
1223 1397 1366 1445 subjecta
1380 1408 1462 1444 aqua
1475 1398 1514 1432 ad
1529 1410 1682 1447 magnam
1699 1408 1779 1434 (οιν-

389 1446 510 1483 stendit
519 1446 793 1482 altitudinem:ac
814 1444 900 1481 forte
916 1444 1018 1493 sypho
1038 1456 1075 1479 ea
1097 1447 1224 1482 ratione
1238 1448 1342 1495 parati
1359 1446 1464 1494 potest
1475 1445 1485 1489 ς
1509 1459 1566 1495 per
1578 1459 1678 1495 quem
1692 1459 1778 1495 aqua

390 1498 470 1531 citra
491 1495 670 1531 sufflonem
695 1492 1016 1544 paulatim-ascendat
1028 1507 1043 1529 :v
1057 1491 1130 1530 sunt
1148 1497 1243 1531 -enim
1257 1506 1380 1530 meanis
1399 1506 1554 1543 tanquam
1571 1495 1676 1532 tubuli
1694 1507 1778 1545 quos

390 1557 476 1592 aqua
492 1544 578 1579 ultro
593 1543 690 1580 subit.

429 1595 514 1628 Haec
522 1595 635 1640 utique
647 1592 719 1628 satis
729 1591 894 1641 ingeniose
910 1590 932 1627 ὲ
944 1590 1187 1628 recentioribus*
1196 1591 1360 1631 nonnullis
1372 1591 1442 1629 sunt
1454 1596 1636 1642 excogitata
1646 1607 1660 1630 ,-
1677 1592 1731 1629 sed
1744 1604 1779 1629 re

390 1642 455 1691 ipsa
474 1645 659 1691 nuperrime
674 1644 705 1677 in
716 1641 893 1677 Academia
901 1642 1006 1690 Regia
1015 1641 1156 1685 emulsa,
1173 1656 1244 1690 quae
1262 1645 1311 1679 vir
1329 1641 1453 1680 doctiss.
1463 1647 1505 1681 D.
1518 1645 1686 1680 Marione
1701 1654 1782 1693 prog

391 1691 516 1741 posuit,
532 1703 568 1725 ea
580 1691 661 1726 mihi
672 1691 823 1726 videntur
839 1690 943 1724 adhuc
961 1702 1040 1725 vero
1054 1693 1215 1738 propiora.

432 1754 454 1775 1.
471 1747 488 1773 ,ἢ
496 1752 561 1785 qua
576 1740 768 1787 vitto',ligno
779 1738 987 1786 &plerisque
1001 1739 1071 1772 aliis
1088 1751 1162 1773 cor-
1244 1770 1251 1774 ⁷

395 1787 531 1836 poribus
556 1786 650 1822 facile
672 1785 857 1822 adhaerescit
881 1814 891 1829 ‚
909 1799 975 1820 non
1002 1788 1083 1820 item
1108 1799 1163 1820 ce·

396 1848 440 1870 rae
455 1866 465 1880 ,
483 1847 540 1870 aur
561 1834 680 1870 viscoso
702 1835 760 1870 vel
783 1837 895 1882 pingui*
917 1836 1045 1883 corpori
1064 1846 1163 1878 :qua-
1392 1833 1395 1836 ’

397 1897 434 1919 re
460 1897 546 1931 aqua
570 1882 690 1932 scypho
715 1886 821 1920 vitreo
841 1882 946 1918 infusa
975 1886 1059 1918 circa
1081 1883 1165 1918 illius

397 1936 562 1981 margines
580 1932 713 1982 assurgit
728 1962 737 1976 ‚
763 1945 899 1980 cumque
920 1931 1078 1982 scyphum
1105 1935 1166 1968 im-

398 1982 539 2031 pleverit
557 2011 565 2025 ‚
588 1985 671 2017 circa
699 1981 784 2016 illius
807 1983 973 2030 margines
994 1981 1165 2029 paululum

400 2031 581 2066 intumescit
602 2044 610 2066 ε
632 2033 783 2078 quamvis
806 2032 840 2064 in
858 2031 973 2066 medio
989 2030 1166 2078 utrobique

401 2078 437 2115 fit
451 2077 491 2115 id
501 2078 647 2114 libellam
660 2080 846 2115 constitura..

440 2141 472 2163 2.
513 2127 651 2163 Globuli
672 2131 770 2164 vitrei
792 2139 828 2163 ut
843 2130 864 2162 F
878 2133 911 2163 δέ
934 2130 963 2162 G
987 2130 1020 2163 in
1045 2129 1165 2177 scypho

398 2179 425 2214 E
436 2208 446 2222 ,
460 2189 514 2212 aut
526 2176 547 2211 b
562 2205 571 2220 ,
595 2182 628 2214 &
646 2178 666 2212 d
682 2206 691 2221 ‚
707 2190 795 2224 aqua:
811 2177 931 2225 scypho
945 2189 1104 2213 contenta·
1123 2178 1162 2213 sic

399 2231 554 2262 innatant
569 2255 578 2269 ‚
592 2238 627 2261 ut
645 2238 728 2273 aqua
746 2229 830 2261 circa
845 2238 901 2259 cos
914 2226 1082 2261 attollatur
1096 2256 1104 2269 ,
1117 2231 1165 2261 id..

399 2288 465 2324 que
475 2275 576 2310 oculis
589 2277 761 2324 dijudicare
778 2275 950 2323 possumus,
976 2276 1089 2322 Qffiare
1103 2278 1166 2311 duo

399 2324 587 2371 illiglobuli
604 2327 698 2360 vitrei
719 2326 752 2359 in
765 2336 895 2359 mutuos
918 2336 1012 2358 ruunt
1039 2325 1167 2410 ample-

407 2384 484 2409 xus:
502 2374 593 2422 quod
610 2387 693 2424 aqua
705 2374 790 2422 inter
804 2385 978 2422 utrumque
995 2372 1096 2424 globu
1112 2387 1167 2411 utu
