1930 2766
220 151 325 189 intelli
349 152 430 188 imus
439 180 449 195 ,
458 161 495 186 ut
510 148 664 187 assensum
677 151 818 186 nostrum
833 150 988 186 cohibere
1000 164 1066 186 non
1076 150 1236 200 poffimus.
1248 153 1358 201 Atque
1369 154 1463 204 hujus
1483 125 1610 206 generi}⁷

219 214 322 252 propo
335 203 452 237 itiones
464 203 553 237 redte
570 200 804 237 intellectuales
820 203 1003 236 vocitantur
1017 213 1103 237 :non
1113 203 1203 237 enim
1213 201 1357 239 sensuum
1367 206 1546 244 ministerio
1559 212 1610 245 in-

220 252 366 300 digemus
380 279 390 294 ‚
410 262 445 286 ut
466 251 507 286 de
522 263 634 286 earum
652 253 789 286 veritate
801 250 992 298 judicemuS.

254 314 282 338 2.
315 302 521 350 Experientia
538 298 602 349 ipsa
620 299 795 349 generalis,
818 298 871 334 vel
896 297 1124 335 intelle&ualis
1149 298 1300 336 affensum
1319 314 1454 352 quoque
1477 308 1617 346 nostrum

216 360 387 398 extorquet
409 350 657 399 quodammodo
672 378 682 392 ,
703 355 737 386 &
758 348 885 384 firmam
908 348 1124 385 adhaesionem
1141 353 1258 386 mentis
1271 349 1386 389 efficit.
1415 356 1465 389 Sic
1480 369 1532 391 me
1543 359 1616 403 effe,

216 411 272 434 aut
283 402 426 448 cogitare
438 410 505 434 tam
524 398 604 434 mihi
618 410 742 433 certum
759 398 825 440 est,
837 409 873 432 ut
886 396 1035 433 dubitare
1057 411 1126 434 non
1148 398 1273 447 possim.
1306 404 1396 437 Nam
1412 404 1613 453 impoffibile

215 448 303 484 estin
322 449 368 484 his
380 448 628 483 circumstantiis
641 476 651 490 ,
666 449 697 482 in
709 448 772 482 hoc
787 447 888 488 statu,
903 448 938 480 in
950 458 1016 493 quo
1031 447 1114 490 sum,
1134 460 1187 483 me
1201 462 1269 485 non
1283 449 1355 486 effe.
1375 454 1426 486 Sic
1447 454 1529 490 mihi
1545 469 1613 492 cer-

215 509 284 533 tum
298 498 341 532 est
351 498 431 532 alios
449 496 596 531 homines
606 495 748 537 ,coelum
759 506 891 542 quoque
901 523 910 537 ,
925 505 1044 530 terram
1054 494 1171 538 ‚sidera
1187 499 1335 535 existere.
1355 501 1406 534 Ac
1416 500 1526 538 frustra
1539 510 1612 553 quis

214 559 267 583 me
289 545 330 581 ab
350 559 388 582 ea
407 546 566 581 sententia
579 546 751 579 dimovere
767 542 1059 592 conabitur,quod
1077 543 1179 582 sensus
1199 545 1257 582 sint
1272 547 1403 584 fallaces
1417 579 1427 593 ,
1447 563 1501 587 aut
1521 557 1611 601 quod

212 596 299 632 forte
313 595 482 632 somniem.
504 596 592 630 Nam
611 597 690 629 citra
704 593 806 628 ullum
820 591 989 629 discursum
1003 593 1088 629 clare
1097 597 1242 644 percipio
1257 609 1311 632 me
1320 600 1464 647 cogitare
1478 630 1487 644 ,
1508 607 1541 638 δε
1560 607 1609 640 in-

212 644 359 680 tellectus
368 644 492 693 judicat
510 642 591 678 alios
606 644 756 679 homines
775 644 890 679 itidem
900 643 1055 688 existere,
1081 648 1115 681 δε
1133 647 1291 694 cogitare.
1311 648 1365 681 Sic
1383 660 1453 695 quae
1470 649 1526 685 sub
1541 650 1604 689 sen.

209 692 255 728 sus
277 695 412 729 veniunt
425 722 435 737 ,
461 692 549 729 ssiam
572 692 698 728 habent
717 693 929 729 evidentiam.
958 694 1048 729 Nam
1063 692 1083 728 fi
1102 693 1189 729 forte
1204 695 1357 731 dubitem
1379 696 1516 735 obscuro
1536 701 1610 739 loco

209 741 342 778 inclusus
355 754 396 778 an
415 741 459 778 sol
478 741 656 787 illucescat,
674 744 794 791 apertis
809 742 959 778 fenestris
972 741 1120 778 dubitare
1139 744 1278 794 amplius
1296 759 1364 782 non
1379 746 1515 796 peffum.

247 806 273 837 3.
298 792 375 826 Fide
389 794 491 828 etiam
511 792 594 827 mihi
607 804 699 828 certo
713 790 893 841 persuasum
906 791 951 826 est
964 793 1109 827 Romam
1129 795 1274 839 existere,
1302 796 1400 844 idque
1421 798 1608 837 indubitate

207 843 313 889 judico
328 840 442 878 falsum
465 841 526 878 effe
544 855 610 877 non
629 839 734 891 poise:
751 841 814 877 hoc
835 844 960 891 quippe
980 841 1124 890 generali
1146 847 1366 891 experientia,
1405 851 1441 883 δε
1459 852 1607 887 omnium

207 892 390 926 testimonio
400 903 467 927 tam
483 891 664 926 constanter
673 893 856 940 accepimus
868 903 922 936 ,ut
931 888 1128 940 impoffibile
1138 893 1285 928 videatur
1300 897 1334 930 in
1348 897 1386 929 iis
1398 898 1607 936 circumstan-

206 942 256 976 tiis
274 952 390 976 omnes
409 941 537 990 decipi,
555 951 612 975 aut
633 941 793 990 decipere.

238 993 282 1026 Ex
300 989 348 1025 his
357 989 538 1040 colligimus
557 1002 615 1025 nos
629 1002 738 1025 mente
755 992 802 1025 rei
818 987 1085 1027 alicuiadhaerere
1098 1020 1108 1034 ,
1126 996 1160 1028 &
1187 992 1388 1040 intelligere,
1408 993 1463 1030 seu
1476 999 1605 1047 remip-

204 1037 268 1074 sam
277 1039 361 1074 clare
378 1041 495 1074 intueri
507 1069 517 1085 ,
534 1038 594 1074 ess'e
606 1052 706 1074 unum
726 1040 858 1076 &idem
871 1040 989 1089 ;idque
1004 1054 1070 1076 non
1085 1041 1155 1077 fieri
1167 1043 1245 1076 citra
1256 1034 1409 1079 alsensum
1421 1074 1431 1088 ,
1455 1057 1510 1080 aut
1521 1049 1603 1096 judi-

202 1090 298 1125 cium.
317 1090 369 1124 Ut
383 1100 457 1123 cum
470 1088 680 1136 intelligimus
694 1100 802 1124 totum
820 1086 882 1122 effe
897 1094 1001 1138 majus
1013 1089 1064 1125 sua
1076 1101 1168 1138 parte
1182 1105 1189 1126 :
1206 1104 1272 1126 non
1283 1091 1446 1140 possumus
1457 1098 1546 1130 enim
1561 1099 1600 1131 iis

201 1149 269 1172 non
286 1135 443 1181 affendri,
460 1149 531 1185 quae
551 1137 636 1171 clare
652 1136 873 1186 intelligimus.
890 1140 1006 1185 Itaque
1019 1151 1109 1174 error
1119 1151 1184 1174 non
1197 1139 1273 1174 hinc
1294 1143 1418 1185 oritur,
1436 1145 1526 1191 quod
1551 1147 1601 1180 in-

202 1185 351 1222 tellectus
365 1187 410 1220 rei
428 1186 516 1221 male
527 1186 711 1221 adhaereat:
735 1185 801 1220 haec
817 1188 905 1220 enim
923 1187 1061 1221 adhaefio
1080 1186 1142 1222 esse
1155 1200 1219 1222 non
1239 1190 1360 1236 potest,
1378 1193 1455 1238 quin
1474 1191 1510 1227 fit
1526 1206 1599 1230 cum

200 1235 365 1270 evidentia
383 1237 556 1284 conjunffli
571 1249 579 1271 :
597 1246 667 1269 rem
676 1237 799 1283 quippe
811 1233 1014 1283 intelligere,
1030 1235 1077 1270 est
1087 1248 1156 1270 rem
1183 1235 1282 1284 ipsam
1302 1239 1427 1275 videre.
1448 1241 1517 1287 Qi
1541 1254 1600 1277 ve-

200 1295 239 1318 ro
250 1295 353 1328 errat,
377 1296 443 1319 non
464 1284 644 1333 intelligit,
674 1284 772 1331 idque
790 1281 827 1319 fit
852 1295 928 1318 cum
947 1284 1010 1320 alia
1036 1285 1184 1334 adjtingit
1207 1289 1349 1331 animus,
1372 1300 1442 1336 quae
1464 1303 1530 1326 non
1549 1294 1600 1328 in-

201 1332 333 1382 telligit,
350 1333 402 1369 vel
411 1345 486 1369 cum
498 1332 541 1368 ab
560 1334 795 1382 imaginatione
817 1333 972 1381 deceptus
984 1362 993 1377 ‚
1007 1335 1039 1369 id
1050 1333 1080 1369 se
1096 1333 1281 1384 intelligere
1293 1335 1488 1383 arbitratur,
1506 1343 1598 1388 quod

198 1394 312 1417 revera
329 1396 396 1418 non
411 1382 580 1433 intelligit:
593 1383 676 1417 adeo
686 1394 722 1417 ut
735 1382 799 1431 ipsa
809 1384 999 1431 imaginatio
1009 1383 1183 1427 adhaereat,
1195 1397 1262 1420 non
1274 1386 1459 1423 intellectus
1473 1404 1481 1425 ε
1496 1402 1531 1424 ut
1548 1393 1596 1426 vi-

198 1431 276 1466 dere
289 1432 374 1468 estin
397 1431 656 1475 dormientibus,
675 1436 709 1468 &
729 1429 928 1469 amentibus,
950 1435 1040 1469 Nam
1059 1435 1186 1468 animus
1205 1435 1292 1469 inter
1309 1435 1540 1474 dormiendum
1559 1438 1591 1475 se

196 1492 237 1515 co
261 1482 341 1516 itare
351 1493 463 1530 putat:
477 1494 537 1517 nec
552 1494 620 1517 tum
630 1483 755 1516 animus
770 1480 799 1515 se
808 1480 942 1530 vigilare
955 1481 1060 1518 intelli
1087 1485 1130 1526 it,
1150 1481 1202 1518 sed
1221 1485 1460 1533 imaginationis
1486 1488 1590 1536 phin-

197 1493 335 1565 tagnata
343 1529 430 1578 quasi
440 1529 541 1566 effent
558 1531 647 1565 clarae
661 1533 886 1579 perceptiones
899 1558 908 1572 ,
928 1535 1032 1567 menti
1047 1532 1068 1566 il
1084 1532 1192 1567 udunt.
1208 1533 1299 1568 Idem
1323 1535 1367 1568 est
1388 1536 1430 1570 de
1452 1541 1594 1573 amenti-

197 1576 257 1612 bus
276 1580 432 1626 judicium
452 1608 462 1622 ,
477 1582 536 1626 qui
563 1578 593 1613 se
610 1579 694 1613 clare
714 1590 829 1627 putant
857 1579 1058 1628 intelligere,
1070 1592 1142 1625 quae
1161 1579 1225 1628 ipsa
1250 1581 1371 1618 format
1389 1586 1590 1634 imaginatio.

196 1630 256 1661 Vis
266 1630 355 1662 enirn
367 1629 572 1676 imaginatrix
587 1627 640 1662 sua
654 1626 780 1675 semper
790 1628 955 1675 praemittit
966 1627 1190 1676 phantasmata
1204 1657 1212 1670 ,
1233 1634 1267 1665 &
1279 1630 1360 1665 nibil
1377 1636 1521 1682 concipit
1539 1638 1591 1671 in-

195 1675 344 1711 telleelzus
356 1705 365 1719 ‚
379 1681 466 1722 cujus
485 1688 522 1710 ea
541 1677 667 1711 idolum
684 1706 693 1719 ‚
706 1687 762 1710 aut
773 1677 950 1723 imaginem
961 1690 1026 1712 non
1036 1677 1139 1711 statim
1149 1675 1282 1726 effingat
1293 1682 1356 1722 ‚uti
1371 1679 1426 1715 suo
1444 1681 1518 1717 loco
1537 1684 1591 1720 fu·

193 1722 252 1760 sius
267 1725 418 1761 diximus.
438 1726 540 1773 quue
554 1726 734 1761 identidem
747 1724 907 1760 inculcare
923 1738 990 1761 non
1009 1725 1054 1760 est
1066 1726 1191 1768 inutile,
1204 1727 1292 1773 quod
1309 1728 1374 1763 haec
1385 1733 1484 1766 animi
1503 1744 1590 1769 ατο-

193 1777 305 1809 nomia
315 1777 375 1809 rite
387 1774 554 1811 intellecta
562 1787 715 1823 magnam
726 1774 864 1810 scientiis
876 1775 1028 1810 omnibus
1042 1775 1146 1810 lucem
1158 1775 1280 1811 afferat.
1322 1780 1411 1813 Hinc
1428 1784 1515 1817 enim
1537 1796 1588 1817 er-

193 1834 302 1858 rorum
315 1824 424 1859 fontes
433 1827 637 1873 aperiuntur,
657 1829 690 1861 δε
709 1824 981 1860 Academicorum
996 1827 1127 1874 argutia:
1158 1823 1366 1864 dilsolvuntur
1385 1845 1395 1873 i
1418 1842 1512 1867 certa:
1532 1834 1589 1868 de·

192 1885 283 1910 mum
295 1875 438 1910 veritatis
453 1886 539 1910 notae
551 1903 560 1919 ‚
570 1879 603 1912 &
615 1872 700 1923 quafi
720 1875 848 1910 criteria
865 1885 1104 1924 proponuntur.

704 1974 887 2011 Solvuntur
906 1973 959 2021 obj
961 1974 1101 2011 eniones‘.

231 2068 379 2117 Opponet
397 2071 538 2116 aliquis:
554 2073 611 2117 qui
626 2072 673 2106 rei
687 2084 801 2110 mente
815 2075 954 2111 adhaeret
973 2102 981 2116 ,
994 2075 1020 2107 is
1034 2074 1168 2122 quidem
1185 2074 1307 2123 judicat
1325 2086 1393 2111 rem
1407 2077 1500 2112 aliter
1520 2077 1583 2115 effe

191 2130 256 2153 non
274 2117 360 2166 poss‘e
371 2137 379 2164 3
391 2119 443 2154 sed
457 2118 543 2154 forte
561 2119 792 2173 falliturzErgo
803 2123 936 2160 adhaesio
950 2122 1133 2160 intellecms
1143 2138 1212 2159 non
1230 2124 1274 2159 est
1286 2137 1378 2159 certa.

235 2169 321 2217 Κεφ.
340 2168 545 2203 intellectum
556 2180 593 2203 ex
603 2169 667 2217 ipsa
683 2174 728 2206 rei
744 2175 907 2210 evidentia
919 2175 992 2224 cogi
1004 2186 1070 2209 non
1092 2173 1178 2222 poffe
1190 2175 1229 2208 ad
1252 2172 1482 2211 aisentiendum
1495 2205 1505 2219 ,
1525 2175 1580 2212 nifi

188 2217 221 2252 id
239 2229 350 2253 verum
371 2217 494 2262 samec
509 2216 706 2265 poffitah'ter
722 2220 751 2256 se
775 2223 905 2261 habere.

232 2267 381 2311 Vrgnbfs.
401 2269 462 2302 Sed
479 2270 531 2314 qui
548 2265 658 2302 falstm
668 2267 772 2305 efficit
788 2273 1096 2318 demonstrationem
1110 2303 1120 2317 ,
1150 2285 1186 2308 ut
1206 2276 1262 2321 qui
1278 2285 1371 2320 putat
1394 2272 1424 2307 se
1441 2273 1580 2310 demon-

187 2314 288 2350 strasse
301 2318 526 2362 quadraturam
539 2317 644 2352 circuli
659 2348 667 2358 ,
687 2331 740 2353 aut
755 2333 882 2356 motum
903 2334 1097 2371 perpetuum
1118 2335 1184 2357 tam
1207 2324 1331 2369 cogitur
1348 2322 1386 2355 ad
1403 2321 1577 2359 afl'cntien-

188 2365 264 2399 dum
276 2393 285 2408 ‚
297 2367 458 2414 &judicat
473 2378 542 2400 rem
556 2366 647 2401 aliter
664 2366 724 2403 effe
742 2383 811 2404 non
823 2370 909 2418 poffe
924 2401 933 2416 ,
947 2372 1047 2419 qaum
1058 2373 1113 2418 qui
1135 2372 1253 2406 demon
1260 2371 1335 2406 strat
1363 2384 1424 2406 tres
1443 2373 1577 2421 angulos
