1878 2724
511 121 580 161 DE
613 123 964 161 METEO‘RIS.
1194 124 1197 126 ’
1364 138 1443 175 3)-ς’

41 173 244 212 minei-alium
255 171 324 219 quae
334 170 501 220 sulphurea
517 172 606 218 sunt,
624 171 815 208 dissolutioni
832 172 946 208 serviat
966 201 974 217 ‚
992 185 1029 208 ac
1049 175 1226 222 praecipitet
1243 186 1422 225 argentum,

40 223 206 272 plumbum
221 250 230 264 ,
246 223 443 256 Mercurium
458 223 490 256 in
509 234 595 270 aqua
612 220 691 256 forti
705 220 869 257 diffoluta:
889 221 941 256 sed
960 234 1067 257 tamen
1079 234 1143 256 non
1156 225 1245 259 omni
1254 235 1347 260 vacat
1359 223 1422 260 sale

41 271 144 316 acido,
155 277 198 309 -&
210 268 408 314 M-..curiali‚
420 272 540 318 quique
553 274 573 308 a
585 269 749 308 vitriolico
762 283 831 306 non
846 270 1019 319 plurimum
1040 268 1200 313 abhorret

551 367 583 402 C
608 369 637 404 A
662 369 686 402 Ρ
711 368 746 404 U
768 369 800 402 T
853 371 897 403 V.

272 459 327 498 De
343 468 435 501 vario
445 466 564 501 Oceani
572 475 657 499 motu
668 493 676 504 ‚
688 466 731 500 ἔθ’·
740 467 881 500 maxime
902 464 941 499 de
954 463 1019 510 aestu
1031 466 1193 515 reciproco,

43 560 218 648 NUnc
228 562 268 597 de
279 561 447 609 multiplici
460 563 555 597 maris
565 572 659 596 motu
667 591 677 606 ,
689 564 745 610 qui
759 559 1023 608 Philosophorum
1034 563 1161 609 ingenia
1175 564 1256 598 adeo
1275 574 1402 598 exercet
1413 592 1423 606 ,

143 612 249 645 dicere
263 613 412 658 incipiam
424 624 431 645 :
443 609 566 644 tametsi
584 614 680 645 tutius
694 610 769 646 effet
780 617 812 648 δε
826 610 932 645 utilius
947 610 1034 655 hujus
1052 624 1157 646 motus
1173 641 1182 655 ‚
1204 618 1237 648 &
1250 610 1422 660 praesettim
1439 626 1441 631 ¹

40 660 127 694 aestus
140 661 297 708 reciproci
323 659 484 694 historiam
511 670 676 706 pertexere
688 689 698 703 ‚
723 660 824 706 quarn
853 661 886 692 in
907 658 990 692 illius
1011 658 1104 692 causis
1128 662 1315 708 indagandis
1341 671 1424 696 tem-

41 720 100 756 pus
118 719 304 742 conterere:
318 706 370 742 sed
386 709 420 742 in
435 707 481 741 his
495 719 616 742 naturae
631 710 750 742 arcanis
768 708 879 742 saltem
899 708 977 753 quid
1003 706 1038 741 sit
1057 709 1232 744 verifimile
1244 738 1254 753 ‚
1281 711 1425 744 invenire

43 756 203 791 volumus.
228 758 307 804 Qo
329 767 438 790 autem
459 768 526 791 non
550 768 672 791 temere
689 762 721 793 &
736 756 941 804 perturbate,
963 755 1014 790 sed
1031 767 1115 791 certa
1128 761 1252 792 ratione
1265 763 1298 794 &
1311 759 1428 794 ordine

41 805 301 853 progrediamur,
318 807 424 839 varios
445 806 539 839 maris
557 816 661 840 motus
675 805 924 854 distinguamuS,
938 815 1007 839 tum
1025 807 1057 839 in
1070 816 1182 842 eorum
1199 806 1302 841 causas
1320 810 1427 855 inqui⁴²
1441 822 1443 824 ·

42 864 174 889 remus,-

79 904 189 937 Motus
203 907 298 938 maris
315 901 368 938 vel
382 900 451 936 fiint
463 901 629 950 generales
645 931 654 946 ,
675 905 730 951 qui
744 905 833 938 omni
851 913 1017 951 tempore,
1036 908 1070 940 &
1083 903 1152 938 fere
1163 905 1196 937 in
1211 901 1364 938 omnibus
1376 903 1426 938 lo·
1440 921 1444 923 -

40 952 85 984 cis
95 951 374 999 deprehenduntur
387 967 395 992 ;
407 951 459 985 vel
474 950 540 985 sunt
549 953 669 999 proprii
683 981 692 994 ,
705 958 738 988 δε
753 951 900 1000 speciales
911 980 921 994 ,
939 951 1057 999 quibus
1074 964 1167 986 certae
1181 954 1308 987 Oceani
1319 964 1425 1000 partes
1440 968 1443 971 ·

44 1011 217 1035 moventur
230 1017 238 1042 3
250 1002 335 1048 iique
347 999 399 1035 vel
412 998 481 1034 sunt
491 1002 656 1047 perpetui,
680 1006 713 1037 &
725 1001 905 1035 constantes
915 1028 927 1043 ‚
941 1001 995 1035 vel
1005 1002 1098 1035 certis
1108 1003 1183 1036 anni
1193 1000 1337 1049 partibus
1349 1028 1358 1042 ,
1371 1012 1427 1035 aut
1442 1023 1445 1025 Δ

45 1047 155 1082 diebus
167 1060 329 1084 recurrunt
345 1065 354 1091 3
373 1047 426 1082 vel
441 1049 580 1093 denique
594 1049 662 1083 sunt
672 1052 897 1097 contingentes
912 1076 922 1091 ,
933 1060 1003 1083 rnec
1019 1061 1105 1083 certa
1119 1049 1190 1096 lege
1204 1051 1428 1097 incipiunt,aut

42 1095 187 1130 defluunt
199 1125 208 1139 ‚
220 1096 327 1144 ⁴bique
340 1097 361 1131 ὲ
371 1098 476 1130 ventis
488 1097 643 1143 originem
655 1097 739 1130 suam
756 1098 878 1131 ducunt
886 1104 900 1138 ²,
912 1097 951 1130 de
960 1095 1077 1142 quibus
1091 1098 1214 1144 postea.¹

76 1147 190 1180 Motus
199 1145 354 1193 generalis
371 1145 413 1178 est
425 1143 564 1192 duplex,
577 1156 656 1179 unus
670 1147 836 1180 continuus
855 1143 896 1178 ab
909 1156 982 1178 ortu
998 1148 1032 1180 in
1048 1144 1190 1179 occasum
1202 1173 1211 1188 ,
1235 1144 1316 1179 alter
1337 1147 1427 1181 velut

43 1192 236 1241 compositus
246 1205 286 1227 ex
296 1195 459 1228 contrariis
473 1192 616 1227 motibus
630 1222 639 1235 ,
659 1193 774 1240 hicque
789 1194 873 1228 :estus
890 1195 1070 1241 reciprocus
1083 1209 1094 1237 ·‚
1116 1205 1170 1228 aut
1182 1192 1288 1228 fluxus
1300 1222 1311 1237 ,
1328 1200 1361 1232 &
1373 1207 1421 1231 re5

43 1239 145 1277 fluxus
161 1244 256 1276 maris
269 1241 460 1290 appellatur.
481 1243 533 1275 De
545 1252 684 1287 utroque
697 1240 792 1276 nobis
803 1241 972 1290 agendum.
1204 1285 1207 1287 Ι

85 1291 132 1325 Ac
142 1288 280 1327 orimum
292 1290 428 1337 quidem·
436 1299 542 1323 motus
555 1291 648 1323 maris
660 1292 830 1324 continuus
844 1289 887 1324 ab
897 1291 1037 1325 Oriente
1058 1292 1090 1326 in
1105 1290 1322 1326 Occidentem
1342 1303 1426 1339 pene

45 1334 166 1385 ubique
186 1367 195 1381 ,
212 1337 263 1372 sed
281 1340 419 1373 maxime
439 1339 472 1372 in
487 1340 578 1373 Zona
600 1339 717 1372 torrida
731 1341 814 1373 inter
828 1339 968 1386 tropicos
981 1338 1011 1373 se
1024 1341 1130 1386 prodit
1145 1355 1154 1381 3
1173 1339 1257 1386 isque
1273 1339 1357 1374 adeo
1368 1353 1426 1374 va-

45 1386 126 1422 lidus
137 1398 174 1421 ut
181 1387 233 1421 alii
243 1398 350 1422 motus
364 1397 436 1429 ‚aut
446 1388 534 1420 v'enti
546 1398 619 1420 eum
635 1399 701 1421 non
715 1388 904 1434 impediant.
918 1388 1005 1421 Hinc
1021 1390 1210 1436 navigantes
1224 1386 1271 1422 abi
1289 1388 1380 1422 lndia
1392 1391 1426 1423 in
1440 1402 1444 1405 ’

46 1435 189 1471 Africam
199 1465 208 1479 ,
230 1436 282 1470 vel
294 1434 335 1469 ab
350 1434 459 1470 Africa
473 1436 506 1468 in
520 1434 678 1468 Brafiliam
701 1435 798 1483 longe
813 1434 945 1469 celerius
966 1447 1218 1483 promoventur,
1233 1435 1333 1483 quam
1346 1435 1366 1470 si
1383 1435 1427 1471 ab

46 1484 155 1520 Africa
169 1487 200 1519 in
212 1485 317 1519 Indias
328 1512 337 1527 ,
353 1485 369 1519 ὲ
384 1481 507 1517 Brasilia
519 1484 553 1517 in
574 1483 715 1518 Africam
729 1495 883 1519 remeent.
895 1486 945 1518 Sic
957 1484 1014 1518 ubi
1024 1484 1106 1519 freta
1117 1513 1127 1527 ,
1149 1484 1201 1519 seu
1213 1487 1307 1519 maris
1323 1498 1424 1534 angu-

47 1533 108 1569 stiae
123 1531 165 1566 ab
178 1544 253 1567 ortu
264 1536 296 1567 in
309 1530 453 1567 occasum
468 1533 689 1579 porriguntur,
716 1544 751 1566 ut
775 1531 893 1566 fretum
909 1532 1180 1580 Magellanicum‚
1199 1545 1255 1581 per
1273 1535 1361 1580 quod
1384 1546 1424 1568 ex
1439 1540 1442 1541 ’

47 1583 185 1616 Oceano
198 1581 362 1616 Atlantico
377 1582 410 1614 in
429 1578 601 1614 Pacificum
620 1583 680 1613 iter
694 1591 785 1628 patet
797 1609 806 1623 ,
831 1591 899 1615 tum
922 1590 1029 1614 motus
1058 1580 1112 1614 ille
1140 1583 1233 1616 maris
1255 1583 1424 1616 continuus
1440 1596 1446 1602 ⁴

47 1628 145 1677 longe
157 1631 319 1663 incitatior
332 1628 388 1664 est.
409 1628 509 1674 ldque
521 1629 552 1661 in
564 1627 708 1675 plurimis
719 1630 870 1662 Americae
884 1657 894 1671 ‚
904 1633 937 1664 &
949 1629 1045 1663 lndiae
1057 1628 1134 1663 locis
1145 1631 1343 1677 contingere,
1356 1633 1425 1664 imo
1441 1644 1445 1648 ’

48 1683 81 1714 &
93 1677 180 1712 hunc
192 1688 316 1712 motum
326 1679 356 1711 in
368 1676 617 1724 septentrionali
628 1679 765 1712 Oceano
789 1676 850 1711 effe
868 1676 1076 1724 conspicuum·
1096 1676 1247 1712 observat
1259 1681 1426 1714 Varenius,
1441 1692 1446 1702 ³

46 1728 134 1762 Nam
148 1728 318 1761 Oceanum
336 1727 536 1761 Tartaricum
554 1737 610 1772 per
627 1725 748 1759 fretum
762 1737 855 1760 novae
866 1724 1012 1760 zemblae
1023 1755 1031 1767 ,
1045 1731 1079 1762 &
1092 1725 1209 1761 fretum
1223 1728 1342 1774 Veigas
1357 1727 1426 1762 fer-

47 1776 73 1808 ri
90 1786 128 1808 ex
136 1773 261 1822 copiosa
275 1774 376 1822 glacie
391 1786 488 1821 quam
497 1776 649 1808 Oceanus
659 1776 841 1809 Tartaricus
860 1776 946 1822 ejicit
962 1776 994 1808 in
1011 1773 1129 1809 fretum
1145 1774 1291 1809 Zemblae
1307 1804 1315 1817 ‚
1340 1781 1422 1812 &ex

48 1822 114 1870 ipso
123 1825 217 1857 maris
232 1834 320 1857 motu
333 1821 527 1858 observatur.
548 1824 598 1856 Sic
608 1823 648 1856 ad
665 1822 771 1857 littora
783 1821 1058 1870 Septentrionalia
1068 1825 1224 1858 Americae
1239 1826 1272 1858 in
1285 1823 1425 1859 Pacifico

48 1873 127 1905 mari
140 1883 245 1905 motus
258 1871 294 1905 fit
304 1870 408 1906 versus
420 1871 537 1905 fretum
551 1872 655 1906 Anian
668 1889 676 1915 3
693 1873 772 1905 item
787 1870 951 1919 aJaponia
969 1870 1077 1906 versus
1090 1872 1253 1915 Chinam‚
1262 1877 1294 1908 δέ
1303 1871 1437 1919 ubique*

49 1918 118 1952 fere
130 1917 206 1954 :nisi
217 1921 307 1966 quod
319 1920 479 1954 interdum
490 1918 532 1951 ab
540 1918 689 1966 oppositis
704 1919 869 1954 littoribus
881 1922 913 1954 in
925 1922 1117 1955 contrariam
1134 1930 1260 1968 partem
1277 1933 1365 1955 mare
1376 1933 1428 1955 re..

51 1965 250 2015 pellatur,ut
267 1970 299 2002 in
316 1970 396 2002 mari
408 1965 546 2002 Pacifico
558 1969 630 2001 :uti
643 1971 726 2003 inter
739 1971 911 2003 Panamam
925 1973 982 2011 ‚¹&
1000 1970 1127 2004 Limam
1141 1997 1151 2012 ‚
1177 1970 1211 2003 in
1222 1968 1294 2003 loco
1311 1981 1427 2016 quern,

53 2013 138 2048 Cabo
153 2014 184 2048 d³
193 2026 345 2048 correntes
372 2026 503 2050 vocant.
524 2016 633 2060 Atque
650 2016 733 2051 hunc
761 2028 887 2051 motum
911 2019 1005 2051 maris
1028 2017 1211 2064 generalem
1236 2017 1425 2065 plerumque

51 2062 246 2097 conturbant
258 2065 347 2098 venti
359 2092 369 2106 ,
383 2065 439 2107 qui
447 2062 489 2097 ab
500 2063 611 2097 Austro
622 2069 655 2100 &
665 2066 766 2099 Borea
775 2093 783 2108 ‚
806 2065 858 2099 vel
870 2064 998 2114 aplagis
1016 2065 1251 2100 collateralibus
1264 2064 1401 2113 perflant
1412 2094 1425 2108 ‚

52 2112 136 2145 unde
153 2112 186 2145 in
202 2110 249 2145 his
272 2110 458 2157 regionibus
481 2113 535 2144 vix
557 2110 612 2145 ille
630 2124 737 2148 motus
752 2113 908 2158 generalis
923 2114 1187 2161 deprehenditur.
1219 2115 1308 2148 Hinc
1324 2126 1426 2161 nuper

54 2161 113 2194 Vir
131 2172 195 2194 non
205 2159 399 2195 doetiffimus
409 2157 528 2201 modo,
545 2158 596 2193 sed
613 2160 840 2208 expertiffimus
865 2165 908 2197 D.
925 2162 1063 2195 Blondel
1089 2165 1122 2197 in
1136 2163 1309 2196 Academia
1320 2163 1427 2209 Regia

54 2207 238 2255 exponebat
253 2210 411 2242 rationem
423 2219 475 2241 cur
493 2209 571 2240 citra
585 2211 742 2255 tropicum
756 2211 871 2244 Cancri
894 2213 1044 2246 Oceanus
1072 2210 1117 2244 ob
1139 2209 1246 2244 occasu
1266 2212 1298 2243 in
1318 2220 1425 2244 ortum

55 2258 259 2291 continenter
276 2256 357 2292 fluat
367 2286 376 2299 ,
401 2262 434 2292 &
445 2268 542 2289 naves
554 2254 680 2291 facilius
698 2259 730 2290 vi
739 2261 935 2293 currentium
948 2287 956 2300 ,
970 2270 1006 2293 ut
1019 2257 1193 2304 loquuntur
1205 2284 1213 2298 ‚
1224 2268 1370 2292 remeent
1381 2257 1424 2291 ab

56 2304 195 2338 occiduis
209 2305 366 2352 partibus.
387 2303 550 2340 Existimat
563 2307 682 2352 quippe
695 2307 864 2340 Oceanum
883 2318 975 2342 motu
991 2308 1069 2340 aeris
1087 2304 1128 2338 ab
1142 2316 1215 2339 ortu
1234 2306 1265 2340 in
1279 2304 1428 2340 occasum

57 2354 258 2389 continenter
267 2354 346 2390 ferri
358 2369 366 2391 :
377 2354 461 2389 Cum
470 2363 580 2390 autern
589 2354 625 2391 in
634 2354 720 2391 vasto
734 2353 790 2390 illo
809 2359 830 2392 A
837 2356 959 2393 mericae
968 2354 1296 2400 finu‚quiMex1canus
1309 2354 1427 2391 dicitur

1155 2403 1262 2450 Yyii
