1878 2724
392 122 461 166 344
689 116 943 155 PHYSICAE
975 115 1122 151 PARS
1159 115 1464 154 SECUNDA.

393 179 474 204 neca
489 195 498 211 ,
515 167 640 203 Pluvia
650 191 659 204 ,
679 168 782 213 inquit
792 193 801 208 ,
810 163 1013 212 potelifizcere
1027 174 1194 198 torrentem
1225 178 1283 199 non
1293 165 1390 213 potest
1402 177 1509 200 autem
1521 163 1665 211 fluvium
1680 177 1784 215 aqua-

394 217 419 251 li
436 217 604 261 intersitas
615 216 701 261 ripas
713 225 816 248 tenore
831 211 894 246 Iab2
904 223 1000 249 ntem,
1027 214 1112 247 Rem
1130 209 1228 260 ipsam
1240 214 1301 249 Vir
1315 211 1425 251 clariis.
1439 213 1480 249 ab
1496 213 1603 249 altiori
1625 217 1786 264 principio

395 264 526 299 deducit
538 291 549 306 ‚
567 267 601 299 &
616 262 655 295 ad
668 262 823 296 calculum
842 264 940 295 ctiam
963 273 1102 295 revocat.

433 315 480 348 Ac
492 309 636 359 primum
651 311 783 357 quidem
798 310 828 344 id
842 309 1036 354 considerat,
1055 322 1213 357 quantum
1223 309 1341 358 pluviae
1351 340 1361 355 ,
1385 324 1423 346 ac
1433 314 1516 347 nivis
1532 314 1565 348 iii
1585 313 1632 348 his
1644 315 1788 361 regioni-

395 361 454 395 bus
470 371 668 407 unoquoque
682 373 769 395 anno
784 359 924 396 decidat.
939 362 1034 395 Hanc
1058 359 1127 394 fere
1142 359 1183 394 ad
1208 373 1240 406 ¹9
1256 361 1432 408 digitorum
1448 360 1655 398 altitudinem
1671 375 1788 410 perve-

394 411 464 445 nire
479 410 651 456 comperit.
1785 416 1788 419 ’

433 458 564 493 Deinde
579 457 648 492 aliis
661 455 938 492 observationibus
951 460 994 504 84
1009 457 1133 492 modios
1144 456 1479 506 Parifienses‚quorum
1490 457 1600 507 finguli
1610 459 1687 493 duos
1699 471 1790 506 aquae

396 507 494 556 pedes
508 505 641 543 cubicos
655 509 846 549 continent,
856 519 912 554 per
922 506 1035 541 tubum
1052 509 1144 541 unius
1159 507 1284 554 pollicis
1297 506 1397 542 latum
1412 521 1459 554 24
1470 507 1619 542 horarum
1632 509 1790 543 interval-

397 557 431 591 lo
440 554 570 591 effluere
582 560 752 604 comperit.
767 559 879 602 Itaque
889 568 927 589 ex
937 554 1010 590 vase
1020 567 1076 589 aut
1085 556 1287 603 receptaculo
1298 585 1307 600 ‚
1316 558 1405 603 quod
1419 556 1488 590 fere
1501 570 1604 601 30000
1613 569 1703 603 aquae
1714 569 1791 592 ttici>-⁴

397 606 466 640 dios
479 606 683 649 contineret,
702 618 786 653 aqua
799 617 856 653 per
876 615 982 639 totum
996 611 1117 641 annum
1132 605 1173 638 ad
1189 607 1279 640 unius
1307 606 1400 653 digiti
1420 606 1624 642 latitudinem
1642 604 1805 653 aequabili·

397 666 491 690 motu
515 653 699 701 proflueret.
1046 682 1049 685 -

434 704 499 737 His
508 705 566 737 rite
577 704 749 752 exploratis
762 714 919 750 quantum
930 702 1021 751 spatii
1033 713 1193 751 percurrat
1208 704 1357 750 Sequana
1369 716 1398 738 v.
1409 715 1440 751 g.
1449 700 1492 736 ab
1506 702 1573 751 ipso
1587 703 1680 738 fonte
1692 702 1791 752 prius-

398 764 496 800 quam
513 754 617 787 tivum
641 753 770 787 aliunde
789 755 927 800 excipiat
945 780 952 795 ,
972 753 1115 787 dimetiri
1129 751 1253 787 voluit:
1273 752 1361 798 quod
1379 763 1440 786 tres
1455 750 1525 786 fere
1538 751 1644 786 leucas
1665 753 1698 787 in
1714 752 1806 788 lon-·

398 815 476 851 gum
488 830 497 844 ,
516 806 547 837 ὃ(
557 803 634 836 duas
649 804 683 837 in
700 802 801 836 latum
813 813 922 849 patere
931 801 1162 836 animadvertit
1172 815 1180 835 :
1191 801 1273 835 adeo
1283 812 1319 835 ut
1333 800 1442 848 pluvia
1456 812 1526 847 quae
1545 801 1608 835 hoc
1625 812 1713 835 terrae
1722 800 1791 850 spa-

401 854 481 886 tium
500 853 673 897 quotannis
692 853 801 899 irrigat
812 879 820 892 ,
833 848 982 885 multosit
999 849 1126 884 uberior
1137 878 1147 892 ,
1163 848 1262 896 quesn
1273 851 1410 897 primum
1432 849 1522 899 hujus
1542 849 1682 885 fluminis
1695 861 1807 886 exer--

400 901 490 934 dium
503 899 647 947 postulet
662 915 670 936 ε
686 900 773 947 quod
784 902 896 946 utique
909 901 993 934 inito
1003 898 1126 933 calculo
1139 899 1344 935 demonstrat.
1803 927 1806 931 .

436 949 548 996 Qire
560 947 580 984 si
595 961 701 984 totum
722 948 801 983 illud
814 960 900 982 terrae
910 947 1045 995 spatium
1056 946 1140 982 lacus
1155 945 1228 981 effet
1243 976 1253 990 ,
1272 951 1361 993 cujus
1378 947 1579 996 profunditas
1595 947 1683 982 foret
1698 960 1731 992 19
1744 947 1793 982 di.

401 999 544 1046 gitorum
556 1011 563 1032 :
577 1010 736 1044 quantum
755 995 872 1032 scilicet
892 1008 1092 1043 unoquoque
1105 1008 1191 1030 anno
1211 995 1328 1043 pluviae
1345 998 1377 1030 in
1401 1009 1499 1031 unum
1514 995 1636 1031 collatae
1645 996 1793 1044 suppedi-

404 1058 499 1091 tant,
515 1046 611 1095 longe
625 1052 727 1096 major
737 1058 892 1092 aquarum
907 1049 999 1092 copia
1009 1057 1047 1079 ex
1061 1048 1097 1079 iis
1111 1045 1254 1092 prodiret
1265 1073 1274 1087 ,
1297 1044 1396 1092 quam
1412 1058 1467 1092 per
1478 1045 1612 1080 fluvium
1623 1047 1686 1093 jugi
1703 1045 1794 1080 fluxu

404 1095 575 1130 delabatur
595 1109 603 1130 z
622 1097 704 1131 adeo
722 1108 757 1130 ut
776 1096 864 1142 quod
879 1094 1036 1142 reliquum
1062 1094 1125 1138 est,
1144 1105 1176 1128 in
1202 1093 1263 1128 alia
1276 1093 1346 1129 loca
1360 1092 1566 1129 subterranea
1586 1092 1615 1129 se
1635 1096 1792 1143 recipiat,

404 1146 503 1179 autin
527 1156 661 1192 vapores
675 1144 781 1181 abeat.
1806 1171 1809 1174 -

451 1196 493 1228 Ex
506 1193 623 1239 quibus
639 1194 671 1227 id
684 1194 787 1240 liquet
800 1222 809 1236 ,
830 1193 966 1236 imbres,
986 1198 1020 1230 δε
1034 1196 1144 1229 nivern
1154 1192 1337 1230 fluminibus
1349 1222 1359 1237 ,
1377 1198 1410 1230 ὅ(
1422 1192 1569 1229 fontibus
1578 1204 1677 1241 aquas
1690 1191 1793 1228 abun·
1808 1211 1809 1214 ¹

406 1242 445 1276 de
456 1241 688 1275 subministrare
703 1259 711 1285 ·,
730 1254 836 1288 neque
847 1243 929 1276 adeo
939 1240 1063 1276 necesse
1074 1244 1117 1277 est
1130 1255 1184 1277 aut
1194 1246 1271 1278 a'e'ris
1287 1245 1319 1277 in
1336 1255 1453 1289 aquam
1469 1242 1709 1277 conversionem
1720 1254 1792 1277 cum
1808 1270 1810 1273 .

405 1289 576 1326 Aristotele
587 1319 597 1333 ,
611 1303 664 1325 aut
679 1303 835 1339 vaporum
845 1290 1004 1324 ascensum
1021 1303 1092 1324 cum
1100 1291 1258 1339 plerisque
1270 1321 1279 1334 ,
1291 1291 1344 1325 vel
1357 1302 1452 1337 aquas
1463 1294 1559 1326 maris
1572 1303 1628 1338 per
1638 1289 1794 1325 subterra-

405 1351 482 1374 neas
501 1338 610 1386 specus
628 1338 796 1374 subeuntes
811 1352 882 1373 cum
892 1338 961 1373 aliis
978 1339 1192 1375 comminisci:
1206 1353 1276 1374 cum
1289 1352 1337 1374 res
1348 1338 1383 1374 fit
1393 1339 1486 1387 plana
1501 1345 1533 1376 &
1543 1351 1653 1387 aperta
1667 1368 1676 1381 ,
1691 1351 1793 1387 eaque
1837 1357 1842 1363 ⁶
1875 1331 1878 1369 1,

405 1399 483 1421 vera
493 1387 629 1422 effectus
641 1387 728 1422 causa
742 1387 888 1422 habenda
903 1386 938 1422 fit
952 1416 960 1430 ,
984 1401 1049 1434 qua
1063 1388 1161 1436 posita
1174 1388 1309 1424 effeetus
1326 1391 1454 1435 ponitur
1467 1417 1477 1431 ,
1500 1386 1623 1423 sublata
1646 1387 1770 1423 tollitur
1783 1405 1793 1432 ;
1807 1416 1809 1419 Α

406 1439 519 1480 mista,
540 1437 593 1470 vel
611 1439 780 1471 imminuta
793 1435 925 1472 effectus
939 1437 1052 1471 itidem
1070 1449 1205 1486 augetur
1217 1466 1227 1480 ,
1246 1449 1299 1472 aut
1316 1440 1480 1474 minuitur.
1498 1438 1561 1471 Sed
1585 1437 1702 1485 pluviae
1720 1436 1795 1472 fon-

407 1484 490 1519 tibus
502 1515 510 1529 ,
525 1491 557 1522 δε
568 1484 672 1520 fluviis
685 1485 725 1520 fic
740 1488 917 1534 originem,
929 1491 961 1522 ὃ(
978 1487 1177 1521 incrementa
1196 1486 1350 1533 praebent,
1364 1498 1398 1520 ut
1414 1499 1481 1533 quo
1492 1485 1608 1534 largior
1618 1484 1722 1519 imber
1735 1486 1792 1520 de-

407 1535 487 1568 cidit
497 1563 506 1577 ,
517 1534 624 1569 fontes
639 1546 692 1569 aut
706 1535 840 1570 flumina
853 1535 968 1569 eadem
981 1537 1107 1569 ratione
1127 1534 1266 1570 crescant
1278 1564 1288 1577 ,
1309 1536 1413 1570 aestate
1437 1537 1565 1569 interim
1581 1533 1773 1569 exficcentur
1786 1548 1794 1569 :

407 1583 623 1632 frustraigitur
634 1584 736 1619 causas
747 1584 947 1627 reconditas,
966 1588 999 1620 &
1013 1585 1117 1619 invias
1128 1586 1312 1631 quaerimus,
1334 1597 1405 1619 cum
1416 1583 1583 1619 manifesta
1607 1581 1706 1617 oculis
1724 1581 1794 1631 ipsis

405 1631 595 1681 subjicimur.

451 1690 493 1720 40
507 1680 588 1715 Illud
604 1683 703 1715 etiam
716 1679 873 1716 attentius
885 1680 1097 1716 consideranti
1108 1680 1249 1727 liquebit
1267 1693 1338 1716 eam
1350 1680 1410 1716 effe
1424 1682 1583 1716 montium
1596 1681 1796 1725 structuram,-

409 1743 444 1765 tit
459 1733 489 1764 in
505 1732 541 1763 iis
556 1729 683 1764 resedtis
696 1730 808 1764 diversi
823 1731 949 1764 ordines
963 1742 1051 1764 terrae
1068 1730 1219 1777 argillosa:
1233 1732 1323 1766 varie
1345 1729 1484 1777 dispositi
1506 1741 1681 1778 appareant
1695 1743 1702 1764 :
1727 1741 1794 1765 tum

410 1777 650 1814 huicincumbit
661 1790 763 1822 terra,
781 1791 836 1813 aur
848 1777 977 1812 arenosa
987 1807 995 1820 ,
1010 1790 1065 1812 aut
1082 1778 1185 1824 topho
1199 1776 1305 1813 similis
1319 1807 1328 1820 ,
1342 1777 1534 1824 plerumque
1543 1791 1610 1813 non
1625 1777 1734 1821 solida,
1743 1777 1796 1813 sed

410 1841 447 1862 ex
465 1827 627 1874 lapidibus
648 1827 734 1860 male
752 1828 984 1873 coagmentatis
1007 1824 1046 1860 sic
1067 1825 1261 1873 composita,
1288 1838 1324 1860 ut
1341 1825 1485 1860 subeunti
1502 1829 1567 1860 aeri
1585 1826 1693 1860 locum
1713 1838 1795 1874 prae-

409 1876 519 1910 beant.
537 1875 650 1909 Multae
664 1877 792 1910 interim
809 1875 913 1922 specus
927 1903 936 1917 ‚
953 1874 1058 1922 plures
1077 1873 1272 1909 subterranei
1289 1874 1415 1908 canales
1433 1876 1526 1909 variis
1539 1875 1645 1909 modis
1663 1875 1795 1910 aroino-

410 1924 476 1959 sam
488 1953 496 1966 ‚
509 1930 540 1960 δι
557 1923 683 1958 firmam
695 1935 812 1958 terram
825 1934 1006 1971 penetrant.
1032 1925 1084 1957 Sic
1097 1922 1207 1957 infima
1226 1935 1316 1957 terrae
1330 1935 1400 1970 pars
1412 1952 1422 1966 ,
1442 1936 1509 1970 quae
1520 1925 1596 1957 rivis
1613 1951 1623 1967 ,
1647 1904 1810 1959 &diulus-

411 1972 587 2020 subjicitur,
614 1971 682 2006 fere
694 1971 817 2020 semper
828 1971 874 2006 est
887 1971 1050 2020 argillosa,
1065 1977 1098 2008 ὅ(
1113 1973 1236 2021 pinguis
1257 2000 1267 2016 ,
1289 1974 1337 2007 cui
1357 1984 1410 2007 aut
1427 1972 1542 2020 tophus
1553 2001 1565 2016 ,
1592 1983 1647 2007 aut
1663 1972 1809 2009 arenosa·

413 2034 496 2056 terra
523 2020 691 2056 incumbit.

446 2073 489 2105 Ex
509 2069 624 2116 quibus
641 2067 789 2103 omnibus
805 2070 834 2103 id
850 2069 926 2103 licet
940 2068 1110 2117 colligere,
1128 2082 1166 2104 ex
1178 2069 1339 2105 montibus
1350 2069 1492 2117 pluviam
1503 2099 1512 2113 ,
1530 2075 1564 2107 δε
1585 2072 1695 2104 nivern
1707 2069 1810 2105 exso-·

415 2119 557 2154 lutimin
572 2117 704 2152 flumina
715 2116 844 2160 delabi3
863 2130 924 2153 nec
943 2130 1100 2153 torrentes
1119 2118 1236 2154 modo.
1260 2119 1312 2153 sed
1324 2122 1420 2153 etiam
1433 2122 1518 2154 rivos
1534 2120 1648 2166 jugiter
1657 2118 1794 2153 fluentes

415 2169 491 2203 hinc
511 2169 670 2215 originem
684 2165 766 2200 suam
779 2179 934 2213 repetere.
955 2170 1042 2202 Nam
1056 2168 1086 2201 in
1097 2167 1175 2201 locis
1188 2167 1338 2202 montosis
1351 2167 1475 2215 semper
1494 2170 1576 2201 inter
1589 2167 1720 2201 collium
1735 2179 1794 2202 an-

414 2217 532 2263 gustiis
548 2226 703 2262 perennes
721 2217 782 2249 rivi
796 2228 982 2258 occurrunt,
1008 2229 1072 2250 non
1092 2216 1213 2250 turbidi
1229 2229 1282 2251 aut
1301 2216 1446 2251 lutulenti
1471 2216 1561 2249 instar
1581 2215 1793 2259 torrentium,

416 2265 467 2298 sed
482 2265 624 2310 plerique
640 2263 785 2312 limpidi,
797 2277 877 2310 quos
891 2278 955 2299 nou
973 2264 1093 2298 imbres
1110 2277 1232 2300 tanturn
1253 2279 1309 2312 per
1327 2267 1446 2299 devexa
1460 2264 1591 2297 collium
1607 2263 1721 2312 delapsi
1739 2264 1808 2298 fo-⁴

417 2326 496 2347 vent
506 2343 514 2356 ‚
540 2313 590 2346 scd
607 2315 703 2347 etism
723 2326 805 2360 aqua
821 2325 891 2360 quae
906 2326 959 2361 per
968 2313 1157 2348 occultiores
1167 2327 1288 2349 meatus
1299 2320 1329 2350 δε
1341 2317 1473 2360 primam
1485 2341 1494 2355 ,
1512 2325 1546 2347 ut
1557 2313 1691 2347 diximus
1705 2342 1714 2355 ‚
1728 2322 1793 2347 ter-

417 2373 457 2395 ra:
472 2363 606 2399 crustam
625 2360 733 2398 sensim
752 2361 931 2408 delabitur,
950 2364 1083 2399 omnino
1102 2374 1208 2400 tuetur
1225 2391 1236 2408 ‚
1270 2368 1304 2400 δε
1320 2362 1496 2399 conservat.
1522 2363 1608 2399 Hinc
1633 2361 1709 2409 saepc
1725 2361 1806 2445 §1³0st

1675 2420 1790 2447 mutos
