1878 2724
407 146 468 180 ³40
640 156 645 159 .
732 126 989 165 PHYSICAE
1025 124 1168 162 PARS
1206 123 1481 164 SECUNDA:

906 225 960 258 De
978 224 1080 258 calore
1089 215 1305 270 fitbterrineo.

446 326 604 374 Qaeritur
621 324 717 371 igitur
741 327 776 357 10
804 334 845 358 an
870 324 951 371 ignis
979 320 1198 357 subterraneus
1218 319 1342 368 ubique
1363 320 1494 364 ardeat,
1518 323 1574 370 qui
1588 319 1624 357 iit
1644 321 1789 362 effectrix

406 376 496 411 causa
515 375 662 409 omnium
678 373 747 407 fere
766 384 834 418 quae
850 373 884 406 in
902 383 985 405 terra
1000 374 1183 420 gignuntur.
1783 391 1787 394 -

443 426 529 472 Reffi.
549 430 589 459 1⁰.
606 424 674 457 Vix
685 421 792 455 illuda
803 420 898 456 nobis
912 422 1041 467 concipi
1055 417 1112 466 qui
1124 417 1194 455 ,fieri
1213 417 1312 467 possit
1330 430 1366 453 ut
1383 420 1464 466 ignis
1475 417 1528 453 ille
1541 421 1573 455 in
1585 418 1664 456 locis
1678 423 1789 458 occlu-

404 473 439 508 sis
451 473 525 516 ‚ubi
542 471 645 507 nullus
656 470 724 505 fere
737 471 801 503 aeri
818 470 860 503 est
872 469 960 504 locus
973 497 982 512 ‚
993 469 1128 516 perstare
1145 479 1242 515 queat
1257 481 1265 504 :
1284 480 1357 502 cum
1381 472 1414 504 δε
1427 466 1619 504 alimentum
1635 471 1740 515 desit„
1754 477 1790 508 δε

405 520 557 570 spiracula
571 534 636 556 non
647 530 799 568 pateant,
817 516 932 566 quibus
945 517 1025 552 fumi
1038 545 1049 560 ,
1062 522 1095 554 δέ
1110 516 1258 565 fuligines
1279 515 1454 560 exhalent3
1471 518 1525 550 vix
1542 519 1631 552 enirn
1650 529 1716 556 tam
1734 533 1792 555 ac.

405 571 533 606 tuosum
546 599 555 614 ,
572 576 604 606 δε
623 568 746 603 mobile
766 568 964 602 elementum
983 567 1106 601 tamdiu
1123 568 1207 600 intra
1225 563 1444 600 subterraneas
1456 563 1564 614 specus
1575 571 1716 603 coerceri
1728 581 1791 618 po-

406 620 484 663 test,
504 622 582 666 quin
594 617 740 666 seipsum
756 617 866 664 aliquo
881 616 1001 651 indicio
1020 615 1145 664 prodat.

442 669 508 703 Sed
522 698 531 711 ,
545 669 695 715 inquiunt
710 695 720 711 ,
736 667 821 701 unde
835 677 913 713 ergo
926 676 976 699 tot
993 675 1128 712 vapores
1140 668 1173 700 &
1191 662 1292 700 fumi?
1306 676 1374 698 non
1391 661 1411 699 a
1431 662 1504 698 solis
1518 664 1623 700 calore
1639 694 1649 708 ‚
1667 678 1740 701 cum
1763 669 1791 703 is

405 731 473 753 non
489 729 554 752 tam
573 717 638 751 alte
647 715 802 764 pervadat
813 729 821 750 2
834 727 912 762 ergo
925 726 991 748 non
1007 712 1136 748 aliunde
1148 725 1244 759 quam
1256 712 1298 746 ab
1316 714 1402 759 igne,
1414 725 1480 759 quo
1496 724 1583 747 terrae
1599 714 1712 750 ardent
1727 714 1790 751 vis-

404 779 477 811 cera
490 795 499 809 ,
510 766 699 801 evehuntur.
729 766 850 810 Neque
868 764 954 797 enim
972 761 1025 798 vel
1043 762 1150 797 media
1163 761 1283 809 hyeme
1295 761 1382 796 calor
1398 761 1467 795 solis
1485 772 1609 797 tantam
1631 775 1789 811 vaporum

406 818 533 863 copiam
549 813 680 850 attollit.
698 812 754 847 Sol
773 812 933 859 quideme
948 810 1067 846 summa
1086 809 1200 844 tellure
1212 809 1328 844 multos
1342 809 1460 845 halitus
1477 809 1589 846 efferat
1603 839 1612 854 ,
1625 811 1723 860 longe
1741 825 1791 849 taq

405 877 482 900 men
497 864 600 912 plures
614 865 694 911 ignis
706 861 927 897 subterraneus
945 859 1074 894 attollat
1091 858 1215 894 necelse
1225 858 1277 894 est.
1294 860 1383 893 Hinc
1401 871 1473 893 cum
1486 871 1620 906 repente
1634 873 1722 896 mare
1738 864 1790 898 in-

408 912 553 948 tumescit
570 912 623 948 vel
647 912 755 946 media
767 909 892 957 hyeme
907 937 916 951 ,
933 913 966 944 ὅ(
978 906 1065 942 crassi
1082 919 1217 954 vapores
1232 906 1336 941 subito
1355 907 1566 951 attolluntur,
1587 910 1790 956 atquein·lo-

407 964 450 996 cis
467 960 686 1010 frigidioribus
704 957 850 1007 copiosus
871 956 975 992 imber
992 956 1111 991 decidit
1123 984 1132 999 ,
1149 955 1247 1003 longe
1270 955 1471 1004 probabilius
1482 991 1484 993 ,
1495 957 1542 991 est
1557 956 1698 994 calorem
1714 959 1792 995 sub.⁴

408 1023 593 1046 terraneum
604 1008 664 1044 esse
675 1009 791 1043 horum
811 1006 935 1041 causam
951 1008 1130 1053 principem
1145 1033 1154 1047 ‚
1176 1017 1274 1051 quam
1292 1003 1393 1039 solem
1410 1004 1521 1053 ipsum.
1735 1041 1739 1043 ,
1759 1025 1790 1045 η

441 1061 529 1107 Resp.
545 1061 617 1094 Nos
636 1060 748 1104 utique
758 1069 826 1091 non
843 1054 975 1089 inficiari
991 1057 1068 1101 quin
1079 1052 1197 1087 multus
1212 1054 1371 1089 interdum
1381 1052 1416 1088 sit
1430 1054 1517 1088 calor
1532 1056 1564 1089 in
1583 1066 1673 1090 terrae
1688 1068 1791 1103 peneq

408 1107 577 1147 trabilibus
590 1105 662 1142 :sed
679 1108 704 1140 is
715 1118 783 1140 non
800 1117 838 1138 ex
853 1106 926 1152 igne
941 1101 1092 1145 accenso,
1111 1107 1144 1138 &
1159 1100 1248 1136 velut
1265 1104 1396 1150 captivo
1424 1102 1632 1150 proficiscitur
1648 1118 1656 1140 :
1675 1117 1792 1142 verum

405 1169 460 1192 aut
478 1169 519 1192 ex
538 1156 699 1191 succorum
714 1183 723 1198 ,
740 1159 774 1190 &
791 1151 902 1188 salium
912 1151 1132 1200 permistione,
1145 1161 1199 1184 aut
1209 1162 1248 1185 ex
1262 1152 1337 1198 igne
1349 1150 1417 1197 ipso
1430 1152 1574 1187 dimanat
1581 1155 1689 1200 qui„in
1707 1155 1789 1189 mix-s

407 1210 445 1241 tis
457 1204 644 1253 corporibus
658 1203 803 1251 plurimis
819 1203 861 1236 est
878 1229 887 1243 ‚
907 1213 964 1235 aut
976 1213 1015 1235 ex
1026 1198 1184 1234 subtiliori
1200 1200 1353 1243 materia,
1364 1212 1434 1247 quae
1451 1201 1565 1236 cuneta
1578 1213 1742 1250 penetrat:
1754 1213 1790 1240 ut·

407 1257 439 1290 in
451 1256 487 1288 iis
507 1266 576 1300 quae
588 1255 746 1287 cernimus
762 1249 959 1297 corporibus.
1652 1287 1654 1289 v
1783 1261 1790 1288 '.

473 1305 579 1349 Atque
596 1301 672 1335 illud
684 1311 761 1334 vero
776 1301 959 1347 proximum
971 1298 1098 1334 videtur
1113 1297 1252 1333 eundem
1270 1296 1338 1331 fere
1348 1324 1356 1338 ‚
1367 1301 1400 1332 &
1415 1294 1457 1330 sui
1473 1297 1606 1334 similem
1622 1301 1655 1334 in
1668 1301 1787 1348 'cryptis

407 1351 617 1387 subterraneis
649 1348 789 1383 calorem
805 1350 914 1395 vigere
935 1360 943 1381 z
968 1345 1090 1382 tametfi
1113 1347 1232 1394 hyeme
1246 1357 1283 1380 ea
1298 1344 1369 1379 loca
1384 1345 1525 1392 impense
1541 1347 1643 1382 calida
1656 1376 1664 1386 ‚
1684 1350 1788 1386 :estate

407 1400 564 1449 gelidiora
577 1398 671 1433 nobis
683 1398 833 1432 videntur
848 1399 956 1443 3cujus
968 1394 1110 1430 reicausa
1127 1395 1174 1429 est
1188 1392 1252 1441 ipsa
1271 1395 1411 1441 corporis
1425 1395 1521 1428 nostri
1544 1395 1675 1431 affectio
1691 1425 1700 1440 ‚
1719 1410 1788 1436 non

407 1449 520 1488 caloris
536 1449 684 1483 mutatio.
709 1448 795 1481 Cum
811 1446 900 1480 enim
912 1445 945 1477 in
966 1443 1060 1492 specu
1072 1442 1273 1481 subterranea
1290 1443 1387 1490 Regii
1412 1442 1636 1489 Observatorii
1664 1449 1720 1491 84·
1735 1458 1789 1494 pee

407 1498 462 1532 cles
479 1497 542 1531 alta
554 1509 609 1544 per
627 1495 795 1530 biennium
808 1494 870 1528 duo
885 1491 1115 1527 thermometra
1130 1490 1227 1526 essent
1240 1490 1396 1525 collocata
1407 1519 1415 1533 ‚
1427 1490 1550 1539 spiritus
1575 1496 1640 1528 vini
1650 1494 1788 1530 eandem

406 1559 491 1594 pene
503 1546 710 1580 altitudinem
723 1546 755 1578 in
772 1541 927 1590 qualibet¹
936 1544 1011 1576 anni
1027 1541 1223 1589 tempestate
1235 1541 1387 1574 retinuit:
1410 1539 1466 1574 nifi
1476 1541 1564 1587 quod
1586 1542 1694 1576 aestate
1710 1555 1788 1590 pau-

407 1596 441 1630 lo
455 1595 548 1630 altius
567 1593 703 1629 sublatus
715 1592 898 1640 apparuerit
911 1604 919 1626 ε
932 1602 1005 1626 cum
1016 1588 1135 1625 scilicet
1149 1600 1203 1623 aer
1220 1587 1436 1623 subterraneus
1447 1589 1530 1624 adeo
1551 1590 1673 1638 gelidus
1693 1591 1787 1627 nobis

406 1645 545 1679 videtur.
834 1651 836 1653 ’
1200 1646 1204 1648 ’
1305 1648 1307 1650 ’
1344 1646 1346 1649 “
1492 1648 1508 1676 'e

442 1695 540 1728 Dicet
555 1691 671 1739 aliquis
682 1690 836 1738 plurimos
847 1701 974 1725 montes
983 1687 1113 1733 ardere,
1124 1691 1203 1724 utin
1217 1687 1310 1723 Italia
1321 1686 1496 1722 Vesuvium
1506 1715 1516 1730 ,
1539 1689 1571 1721 in
1595 1686 1701 1722 Sicilia
1717 1691 1792 1727 AEtq
1838 1716 1843 1724 .

407 1754 483 1776 nam
493 1770 502 1784 ,
514 1740 726 1787 qui'flammas
738 1768 748 1782 ,
770 1741 837 1773 imo
851 1744 885 1775 &
900 1739 1021 1785 lapides
1044 1739 1141 1787 longe
1154 1739 1283 1783 lateque
1297 1735 1474 1771 vibrat.'Et
1483 1736 1616 1781 quidem
1628 1738 1664 1771 -in
1677 1736 1785 1776 Hecla

405 1789 546 1824 lssandiae
558 1800 668 1823 monte
685 1789 830 1822 continui
844 1786 1013 1834 suntignes
1026 1789 1098 1832 ,qui
1116 1799 1188 1821 cum
1210 1787 1297 1818 exitu
1314 1795 1442 1818 careant
1456 1813 1464 1826 ‚
1489 1784 1581 1818 sonos
1605 1784 1706 1822 edunt
1732 1787 1789 1819 tri·

408 1838 467 1871 stes
484 1866 493 1880 ‚
522 1843 555 1873 ὃς
581 1835 863 1873 lamentationibus
887 1834 1016 1870 similes,
1038 1834 1161 1869 Multos
1184 1833 1262 1871 alios
1281 1831 1382 1865 refert
1404 1834 1560 1866 Varenius
1584 1834 1616 1866 in
1639 1834 1788 1881 Geogra,

406 1887 480 1934 phia
490 1885 652 1933 generali,
667 1895 859 1918 utmontem
881 1885 1004 1931 iana
1023 1883 1120 1917 insula
1133 1912 1142 1924 ‚
1161 1884 1216 1928 qui
1235 1893 1320 1915 anno
1347 1883 1420 1929 1586
1435 1909 1443 1923 ,
1457 1893 1530 1914 cum
1549 1891 1641 1914 antea
1650 1895 1718 1916 non
1735 1894 1787 1919 arq

407 1934 485 1971 iisset
499 1963 507 1977 ‚
530 1936 669 1981 primum
687 1932 841 1978 disruptus
861 1932 903 1964 est
936 1932 1095 1979 flagrantis
1122 1929 1274 1978 sulphuris
1295 1931 1461 1976 eruptione
1479 1943 1486 1964 :
1505 1929 1587 1965 adeo
1612 1941 1646 1964 ut
1670 1930 1786 1969 decem

407 1983 703 2018 millia,hominum
714 1982 746 2013 in
763 1981 845 2027 agris
872 1982 1034 2027 perierint.
1061 1982 1111 2014 Sic
1128 1991 1222 2014 mons
1238 1981 1268 2013 in
1287 1979 1431 2011 Sumatra
1448 1976 1545 2012 insula
1560 1980 1662 2016 AEtnae
1679 1977 1789 2017 [imilis

407 2032 534 2070 fumum
548 2058 557 2071 ,
574 2035 605 2066 δ(
618 2028 764 2063 flammas
783 2031 919 2063 evomit.
940 2031 1041 2063 Mitto
1055 2028 1134 2063 alios
1156 2027 1240 2062 bene
1257 2025 1374 2061 multos
1389 2038 1527 2072 quorum
1547 2026 1737 2073 Maphaeusss
1751 2028 1786 2064 ὃς

407 2080 463 2116 alii
477 2092 578 2114 rerum
591 2078 771 2112 Indicarum
793 2074 959 2124 scriptores
979 2080 1217 2111 meminerunt:
1232 2087 1267 2110 ut
1290 2077 1324 2109 in
1341 2074 1505 2115 vMoluccis
1525 2073 1628 2110 insulis
1641 2103 1649 2114 ,
1665 2077 1695 2110 in
1709 2076 1786 2114 ΡΜ·τ

409 2128 536 2176 lippinis
551 2157 559 2170 ‚
577 2128 709 2174 Japonia
725 2153 733 2167 ,
750 2128 782 2159 in
792 2128 928 2160 Peruvra
953 2138 1081 2172 quoque
1093 2155 1102 2168 ‚
1121 2128 1150 2160 in
1170 2126 1264 2164 variis
1281 2125 1524 2171 Ameticaejugis
1541 2135 1549 2156 ι
1569 2124 1649 2156 adeo
1660 2124 1784 2164 utnihil

408 2190 492 2225 pene
511 2176 590 2212 sitin
609 2187 728 2210 naturae
743 2173 866 2208 historia
876 2176 991 2208 certius
1007 2187 1105 2221 quam
1123 2175 1202 2223 ignis
1217 2172 1443 2208 subterraneus
1461 2173 1514 2219 qui
1532 2170 1646 2218 passim
1665 2171 1694 2206 se
1709 2185 1786 2221 pro,-

411 2226 472 2261 dit.

428 2275 529 2322 Reffp.
549 2275 620 2313 Nos
640 2272 671 2306 id
694 2273 826 2306 minime
848 2270 982 2305 inficiari
1000 2299 1009 2313 ‚
1031 2270 1182 2318 pluribusv
1195 2274 1227 2305 in
1243 2270 1320 2304 locis
1341 2282 1412 2316 qua:
1433 2266 1603 2315 sulphureis
1621 2267 1783 2308 abundant

407 2322 615 2370 corporibus,
640 2324 749 2368 ignem
763 2320 940 2360 identidem
961 2321 1112 2354 accendi:
1133 2318 1183 2352 sed
1195 2332 1268 2353 eum
1281 2319 1312 2352 id
1323 2317 1384 2360 fit,
1403 2329 1468 2352 tum
1489 2316 1530 2351 sui
1546 2319 1682 2365 copiam,
1695 2317 1784 2357 facin.

408 2375 528 2406 Verum
552 2382 707 2418 negamus
726 2371 832 2417 ignem
848 2367 1084 2403 subterraneum
1101 2367 1220 2415 ubique
1231 2367 1364 2401 ardere(
