1878 2724
380 169 435 211 5¹5
891 146 1285 192 PHYSICAE-

377 215 433 248 oni
451 208 579 246 interest
589 203 739 242 utambae
757 210 864 250 partes
875 229 884 245 ,
896 201 936 235 ad
950 212 1030 248 quas
1049 199 1171 235 summa
1187 208 1293 234 rerum
1304 197 1467 245 pertinet,
1485 196 1647 235 viressuas
1662 198 1776 235 consol

378 244 464 297 ῗίειπ
477 290 486 303 ,
500 267 663 293 utnaturae
683 252 843 287 instinCtus
860 249 1030 285 cerebrum
1041 262 1108 284 non
1125 248 1224 283 lateat
1237 276 1247 291 ,
1266 257 1323 281 aut
1343 244 1481 282 viciffim
1495 247 1568 281 idea
1593 249 1626 282 in
1638 246 1775 284 cerebro

379 312 537 349 formata,
552 305 605 340 vel
621 303 782 350 appetitus
799 300 840 334 ad
852 299 1027 348 praecordia
1049 297 1145 346 usque
1167 309 1225 346 pet
1238 297 1447 343 interjeckum
1462 294 1658 331 cerebellum
1678 296 1777 333 trans-

378 362 534 394 mittatur.
553 355 662 400 Qare
675 351 765 399 hujus
785 361 986 384 commeatus
1001 350 1105 397 gratia
1118 346 1373 396 protuberantiae
1383 345 1533 394 quaedam
1546 345 1696 382 medullae
1714 345 1777 382 ob-

378 408 517 454 longatae
531 404 640 448 ‚velut
650 401 815 449 spirituum
824 397 1034 440 diverticula,
1050 408 1105 432 aut
1126 396 1257 431 castella
1268 394 1339 430 sunt
1359 394 1379 430 ὲ
1401 406 1515 430 namra
1531 394 1700 430 destinata.
1723 397 1777 432 Sic

378 456 465 491 forte
478 451 728 502 protuberantiae
745 447 1076 483 cerebriorbiculares
1092 444 1272 495 passionum
1283 445 1370 479 ideas
1392 447 1426 479 in
1439 443 1580 479 -cerebro
1602 456 1776 493 conceptas

379 508 413 540 in
423 501 620 539 cerebellum
630 512 686 548 per
703 498 828 546 spiritus
842 497 1072 540 transmittunt,
1083 508 1179 542 atque
1190 496 1265 530 hinc
1280 497 1313 530 in
1329 495 1498 543 praecordia
1513 494 1713 529 deducuntur
1724 508 1732 530 :
1742 505 1778 529 ut
1825 498 1830 504 ”

377 551 517 590 viciffim
533 562 652 586 naturae
668 549 831 583 instinctus
843 576 853 590 ,
871 559 926 582 aut
941 547 1098 581 viscerum
1116 543 1306 580 affectiones
1332 546 1471 591 primum
1488 543 1528 576 ad
1546 542 1746 578 cerebellum
1765 572 1778 586 ,
1828 556 1832 564 ·

380 615 448 638 tum
469 600 488 636 si
501 599 597 649 paulo
606 598 664 635 sint
683 597 942 632 vehementiores
956 626 966 639 ,
978 598 1010 631 in
1021 608 1058 630 ea
1071 593 1197 629 cerebri
1216 592 1532 636 tubercula,tandem
1544 593 1578 626 in
1595 594 1778 628 communis

381 651 491 688 sensus
507 662 663 698 organum
675 647 874 682 deferuntur.
889 646 990 692 Qod
1005 643 1026 679 sl
1038 659 1071 680 v.
1081 657 1127 693 gr.
1145 655 1280 693 magnus
1294 641 1330 677 sit
1337 643 1426 677 aestus
1436 645 1469 676 in
1486 642 1663 689 praecordiis
1676 671 1686 686 ‚
1707 641 1779 676 sen-

381 701 428 736 sus
441 701 492 735 hic
507 699 674 734 molestior
685 708 739 744 per
754 708 891 731 nervum
905 697 962 742 qui
972 707 1011 730 va

380 749 525 786 funditur
539 778 548 792 ‚
569 745 767 783 cerebellum
783 743 906 780 afficit:
925 743 999 779 hinc
1013 708 1136 792 {irritus
1153 754 1208 790 per
1228 743 1380 790 praediola
1397 739 1580 783 tubercula,
1601 746 1634 777 &
1655 752 1769 776 eorum
1818 762 1822 769 ,

383 797 552 847 epiphyses
568 798 608 831 ad
622 795 748 831 cerebri
767 793 906 829 tribunal
916 795 1112 841 perveniunt
1123 821 1133 835 ,
1154 791 1210 826 ubi
1224 803 1315 839 aquae
1329 793 1484 827 excitatur
1496 792 1656 839 appetitus
1676 806 1686 834 ·‚
1709 801 1780 826 tum

385 860 492 884 motus
512 857 686 896 imperatur
698 873 709 888 ‚
728 842 795 891 quo
806 856 843 878 ea
858 843 1001 879 molestia
1021 842 1093 877 tolli
1107 839 1219 890 poffit.

914 941 944 975 C
969 942 998 975 A
1025 942 1049 975 P
1072 942 1107 978 U
1127 941 1158 975 T
1203 941 1262 976 ΙΙ.

771 1038 811 1072 N
816 1050 962 1072 ervorum
979 1039 1115 1086 origines
1131 1037 1397 1086 perstringuntur.

1036 706 1069 728 us
1084 695 1199 727 dicitur
1215 722 1224 736 ‚
1238 694 1405 740 quiquein
1421 690 1537 726 viscera
1549 692 1704 726 interiora
1717 690 1781 726 dif-
1827 712 1839 731 ι,
1854 717 1860 728 „

441 1144 559 1191 Eptem
577 1149 752 1174 nervorum
772 1139 1016 1185 conjugationes
1032 1149 1104 1184 quae
1118 1134 1293 1178 ecerebro²
1303 1139 1338 1171 &
1351 1131 1518 1169 cerebello
1532 1133 1701 1182 prodeunt,
1713 1137 1783 1168 Ve-
1834 1147 1840 1150 ·
1854 1167 1855 1174 ,

446 1203 528 1226 teres
547 1186 742 1223 recensuere.
760 1187 823 1221 Sed
832 1187 979 1221 Thomas
993 1187 1030 1219 V
1026 1187 1133 1228 villis,
1143 1184 1266 1233 Anglus
1278 1186 1334 1232 qui
1350 1185 1548 1218 anatomiam
1569 1181 1693 1217 cerebri
1710 1183 1784 1217 dili-

386 1239 517 1290 gentius
531 1238 576 1273 est
588 1234 798 1284 persequutus
811 1264 820 1277 ‚
832 1236 945 1269 decem
959 1245 1128 1278 numerat3
1146 1245 1323 1280 eorumque
1344 1234 1483 1280 origines
1504 1231 1640 1266 cerebro
1657 1232 1785 1266 inverso

387 1289 485 1326 facile.
502 1285 797 1335 deprehenduntur.
813 1285 912 1319 Primi
928 1281 998 1318 sunt
1009 1282 1173 1318 olfackotii
1187 1311 1196 1325 ,
1219 1284 1276 1330 qui
1291 1294 1329 1316 ex
1342 1280 1490 1315 medullce
1503 1280 1688 1328 oblongatae
1698 1281 1785 1315 radi-

387 1338 477 1374 cibus
493 1338 533 1371 ad
546 1347 596 1371 eas
609 1345 714 1383 partes
727 1332 853 1366 cerebri
864 1334 1041 1368 anteriores
1051 1331 1299 1367 mammillarum
1310 1329 1437 1378 papillis
1449 1344 1514 1365 non
1524 1329 1685 1364 absimiles
1696 1329 1785 1364 delat-

390 1391 415 1424 ti
427 1417 435 1431 ‚
451 1390 483 1422 in
496 1385 600 1434 plures
616 1382 741 1417 abeunt
753 1381 885 1417 fibnllas
898 1411 908 1425 ,
919 1394 990 1429 quae
1001 1383 1125 1416 narium
1135 1383 1290 1415 cavitates
1301 1379 1471 1414 obducunt
1483 1394 1490 1416 ς
1504 1391 1688 1427 quanquam
1700 1379 1784 1414 rnul-

391 1440 430 1473 tis
446 1438 604 1471 incertum
623 1434 665 1467 est
677 1443 718 1467 an
731 1433 752 1465 ii
763 1431 994 1466 nervidicendi
1015 1430 1092 1474 lint,
1110 1432 1166 1478 qui
1190 1430 1278 1465 forte
1297 1428 1379 1464 nihil
1393 1426 1463 1464 sunt
1481 1440 1592 1476 praeter
1615 1439 1786 1475 utrumque

390 1485 517 1521 cerebri
527 1481 742 1519 ventriculum
760 1479 906 1527 eousque
920 1482 1143 1515 continuatum
1153 1507 1163 1522 ‚
1175 1479 1302 1514 acnihil
1313 1477 1463 1512 videntur
1477 1476 1596 1512 habere
1611 1477 1651 1511 de
1665 1489 1786 1512 nervo-

390 1549 461 1570 rum
473 1545 592 1569 natura.
611 1531 760 1565 Hinervi
779 1533 811 1564 in
825 1531 928 1577 prima
943 1528 1065 1563 tabella
1079 1525 1149 1563 sunt
1160 1542 1170 1563 1
1181 1558 1189 1571 ‚
1205 1542 1227 1564 1.
1241 1529 1275 1562 Id
1291 1525 1371 1562 vero
1383 1525 1588 1561 observatum
1600 1525 1662 1561 fuit
1674 1526 1692 1561 a
1705 1530 1788 1561 Ver·

390 1598 459 1621 naeo
468 1583 564 1617 aliam
576 1579 636 1617 effe
650 1580 765 1614 horum
777 1590 951 1613 nervorum
969 1580 1001 1612 in
1013 1577 1112 1612 brutis
1122 1606 1132 1620 ,
1150 1577 1249 1612 aliam
1267 1580 1300 1612 in
1315 1577 1447 1612 homine
1458 1576 1657 1611 structuram.
1672 1578 1709 1612 In
1723 1575 1787 1610 illis

391 1635 462 1668 cavi
476 1631 546 1666 sunt
560 1661 568 1674 ,
580 1643 653 1664 cum
670 1625 887 1663 anterioribus
900 1627 1085 1662 ventriculis
1101 1629 1298 1670 continuui3
1320 1638 1387 1661 non
1407 1626 1487 1659 item
1500 1626 1533 1659 in
1552 1624 1686 1660 homine
1697 1653 1707 1668 ‚
1732 1624 1787 1659 sed

392 1685 533 1716 minores
549 1683 579 1714 in
593 1692 631 1713 eo
648 1678 735 1719 sunt,
750 1683 784 1714 &
799 1676 911 1720 solidi,
930 1676 951 1712 ἐι
963 1676 1150 1711 ventriculis
1172 1675 1298 1710 cerebri
1312 1672 1444 1723 sejuncti
1458 1702 1467 1716 ,
1498 1685 1597 1720 atque
1613 1686 1725 1709 eorum
1745 1673 1786 1709 fi-

392 1731 455 1765 brae
466 1742 520 1778 per
533 1742 568 1763 os
581 1726 755 1761 cribrosum
770 1728 802 1760 in
821 1738 911 1760 nares
923 1726 1086 1773 productae
1098 1726 1250 1761 videntur
1260 1755 1270 1769 ,
1284 1736 1356 1772 qua:
1376 1724 1453 1758 dura
1474 1725 1626 1771 meninge
1641 1734 1676 1757 ut
1692 1735 1786 1758 caete-

392 1783 419 1814 ri
435 1781 526 1815 nervi
540 1789 629 1811 extra
643 1774 812 1810 cerebrum
829 1777 1023 1811 muniuntur.

428 1836 475 1867 20,
487 1827 688 1863 Olficrouos
701 1825 864 1871 excipiunt
874 1826 976 1872 optici
989 1853 997 1867 ‚
1012 1825 1069 1871 qui
1087 1836 1125 1858 ex
1143 1823 1282 1869 utro‘que
1302 1822 1402 1857 latere
1420 1819 1565 1856 medullae
1583 1818 1785 1867 oblongam,

393 1891 432 1912 ex
445 1880 480 1910 iis
493 1888 609 1922 nempe
629 1873 801 1907 tuberculis
816 1885 887 1918 quae
902 1885 1075 1907 nervorum
1088 1874 1270 1914 opticorum
1287 1871 1435 1905 Thalami
1458 1869 1477 1904 ἐι
1492 1869 1618 1903 Galeno
1638 1871 1784 1903 vocitan-

395 1939 445 1961 tur
459 1955 467 1969 ,
486 1924 571 1957 suam
587 1924 706 1956 ducunt
720 1923 880 1966 originem
899 1934 905 1955 :
928 1923 960 1955 in
972 1919 1134 1968 progrcllii
1153 1932 1253 1966 prope
1272 1918 1511 1952 infundibulum
1526 1922 1762 1965 conjunguntur
1775 1946 1786 1960 ‚

395 1988 469 2010 mox
485 1974 503 2008 fi
523 1972 551 2006 ᾗ·
566 1974 705 2005 invicem
727 1969 900 2004 discedunt.
916 1972 953 2003 ln
971 1981 1043 2003 ortu
1055 1967 1123 2015 ipso
1139 1968 1218 2002 nibil
1232 1967 1302 2003 sunt
1315 1967 1370 2002 nili
1386 1967 1552 2002 filamenta
1566 1967 1714 2012 quaedam
1729 1965 1783 2000 fibi

394 2022 548 2072 prireliela
565 2049 574 2061 ‚
596 2031 665 2066 quae
682 2018 840 2065 producla
854 2020 886 2051 in
906 2017 1011 2052 striata
1023 2029 1155 2063 corpora
1168 2015 1313 2051 defluunt
1329 2030 1336 2051 :
1350 2019 1380 2051 in
1394 2017 1507 2050 eadem
1524 2014 1626 2063 figura
1639 2014 1704 2050 duo
1713 2027 1787 2050 net-

396 2076 426 2108 vi
441 2074 540 2120 optici
553 2069 620 2104 sunt
635 2084 650 2104 2
664 2095 673 2109 ‚
697 2072 728 2102 δέ
740 2082 755 2101 7.
772 2094 778 2103 ,
797 2067 851 2112 qui
865 2079 966 2114 prope
982 2065 1222 2101 infundibulum
1236 2068 1271 2101 O
1287 2095 1296 2108 ,
1318 2071 1561 2115 conjunguntur.

438 2132 478 2165 ς’,
491 2123 675 2156 Occurrunt
687 2117 780 2149 nervi
794 2115 958 2150 oculorum
969 2127 1110 2151 motores
1128 2115 1144 2149 ὲ
1163 2114 1228 2149 basi
1246 2114 1432 2163 oblongam:
1444 2113 1592 2148 medullae
1614 2125 1715 2160 prope
1736 2115 1787 2148 in-

396 2169 599 2207 fundibulum
610 2165 734 2200 oriundi
749 2192 758 2204 ,
773 2165 894 2210 quique
913 2168 945 2199 in
959 2165 1126 2199 oculorum
1145 2163 1301 2198 musculos
1318 2163 1521 2212 sparguntur:
1539 2164 1621 2196 adeo
1635 2173 1668 2196 ut
1679 2175 1785 2196 motus

396 2221 585 2268 spontaneus
597 2215 638 2249 ab
657 2216 691 2248 iis
710 2215 814 2247 nervis
834 2213 988 2259 proficisci
1007 2215 1164 2248 videatur.
1196 2215 1267 2263 Q
1282 2226 1391 2248 autem
1407 2213 1426 2247 ἓ).
1444 2211 1607 2245 cerebello
1619 2239 1628 2253 ,
1646 2223 1701 2244 aur
1719 2216 1786 2261 ejus

397 2271 514 2304 vicinia
527 2267 718 2314 prodeuntes
733 2264 766 2296 in
779 2261 862 2295 oculi
877 2262 1032 2297 musculos
1046 2263 1250 2310 sparguntur,
1265 2263 1297 2297 lii
1313 2274 1418 2296 motus
1433 2259 1581 2295 efficiunt
1595 2259 1786 2307 patlieticOS,

395 2331 493 2364 atque
509 2328 542 2350 ut
556 2316 624 2350 sunt
634 2312 749 2348 affieri
759 2312 932 2358 precordia
945 2341 954 2354 ,
969 2314 1011 2345 ita
1023 2312 1132 2347 oculos
1148 2314 1235 2346 varie
1245 2311 1423 2348 inficetum.
1439 2313 1542 2348 Nervi
1553 2320 1695 2345 motores
1706 2321 1785 2344 ocu-

397 2367 501 2402 lorum
515 2365 584 2401 suut
602 2379 635 2409 3,
653 2369 684 2400 ἃ
702 2375 714 2407 3
731 2389 740 2404 ,
752 2372 787 2395 ut
801 2360 960 2408 pathetici
983 2360 1050 2396 sunt
1070 2376 1094 2407 4
1110 2389 1120 2404 ,
1141 2374 1177 2406 4.
