1878 2724
103 182 219 221 {eones
232 199 242 228 3
255 188 365 230 neque
377 183 422 217 ita
437 180 660 232 complanatos
673 211 682 226 ,
699 193 736 217 ut
747 184 845 228 equi,
866 179 917 215 sed
933 181 1045 215 rnediae
1061 177 1225 228 cujusdam
1240 189 1370 217 naturae.
1466 149 1485 180 4

144 237 287 270 Voraces
304 233 484 267 animantes
496 234 627 281 magnis
649 237 683 269 ὅ(
700 230 815 266 validis
836 228 982 265 musculis
1003 230 1147 265 maxillas
1175 228 1299 264 habent
1316 231 1503 266 instruens:

109 282 193 318 adeo
206 293 240 316 ut
263 281 308 316 his
321 279 468 317 musculis
484 280 681 316 collocandis
702 280 888 327 quaerendus
904 279 990 314 locus
1009 278 1108 314 fuerit
1120 308 1129 322 ,
1146 284 1178 315 &
1193 280 1224 313 in
1247 276 1368 313 summa
1393 282 1506 328 capitis

110 343 201 381 parte
211 329 301 365 crista
313 328 541 366 buncin‘usum
557 332 740 379 promineat
751 341 842 375 ‚quae
852 331 884 364 in
900 327 1014 372 leone,
1029 330 1110 377 tigre
1123 357 1131 372 ,
1152 327 1223 363 urso
1234 329 1277 362 est
1295 327 1342 376 spe
1350 328 1480 363 &abilis
1497 357 1506 371 ‚

109 382 261 416 minorin
277 379 353 426 lupo
365 407 375 423 ,
391 392 471 414 cane
483 408 491 423 ‚
509 380 613 427 vulpe·
632 377 823 414 Crocodilus
843 377 988 412 maxillas
998 377 1172 425 plurimum
1188 378 1360 413 distend1t:
1375 391 1436 412 nec
1449 390 1506 412 ve-

109 441 180 464 rum
194 429 240 463 est
252 440 419 477 utramque
437 429 497 464 effe
513 427 675 463 mobilem
688 443 695 464 z
706 426 847 476 superior
857 426 1135 462 enim·arctiffime
1152 439 1225 461 cum
1236 425 1306 460 aliis
1320 428 1419 460 cranii
1431 425 1507 461 offi-

110 477 173 513 bus
188 478 344 515 cohaeret,

144 529 314 562 Summum
333 537 451 561 naturae
465 523 636 560 artificium
651 527 683 561 in
702 524 848 560 musculis
880 522 1100 560 maxillaribus
1131 536 1247 572 praeter
1262 537 1392 560 exteros
1405 537 1507 573 expo„

111 578 160 612 nit
170 576 323 612 Borellus.
334 577 380 611 Ac
389 586 416 609 10
427 574 461 608 id
477 575 634 617 advertit,
648 575 832 610 machinam
844 604 853 618 ,
866 586 938 621 quae
954 574 1082 622 forceps
1096 574 1213 608 dicitur
1223 603 1231 617 ,
1259 576 1289 609 in
1313 574 1508 609 mandibulis

111 624 302 660 animalium
319 623 391 659 satis
407 618 482 672 apte
494 626 627 672 exprimi
643 653 654 667 ,
670 623 726 658 nisi
742 625 829 672 quod
849 623 909 658 illae
926 625 991 658 vim
1005 625 1176 657 morricem
1195 628 1352 671 majorem
1365 626 1508 671 exigant,

87 714 98 724 ⁶
112 685 224 709 contra
236 685 336 721 atque
351 675 383 708 in
397 673 531 721 forcipe.
549 688 573 709 2-
593 673 726 708 Maxilla
739 673 874 708 inferior
890 674 958 720 qua}
969 673 1168 706 dimidiatam
1181 672 1313 721 ellipfim
1326 673 1437 715 refert,
1449 676 1510 707 cir-

113 735 149 757 ca
158 723 223 757 duo
233 722 383 769 capitella
394 715 569 770 cylinzsrica
581 722 650 771 quae'
667 733 852 770 tempotum
870 721 948 757 sinus
960 719 1149 763 subeunt‚fic
1162 725 1345 765 vertitur‚ut
1354 723 1424 756 duae
1443 727 1510 770 ejus

111 783 218 820 partes
241 770 299 806 fint
313 771 407 808 velut
422 772 487 806 duo
505 773 614 807 veotes
629 775 662 807 in
675 772 977 819 mento-conjunCti.
993 779 1022 816 3⁰
1035 770 1253 806 Musculorum
1280 774 1333 818 qui
1348 771 1429 806 hanc
1439 784 1510 806 ma..

114 820 223 855 xillam
234 833 372 856 movent
382 849 391 863 ,
413 833 468 869 par
477 820 594 869 duplex
606 822 653 855 est
668 835 676 856 :
692 824 778 869 prius
793 820 1007 868 temporalem
1019 848 1028 863 ,
1043 820 1198 867 posterius
1214 820 1416 855 masseterem
1431 850 1439 863 ‚
1458 820 1511 856 seu

112 868 304 904 mansorium
314 872 478 916 utrimque
493 871 730 917 complectitur.
752 869 964 916 'Temporalis
982 869 1002 903 ἐι
1017 871 1156 902 cavitate
1176 881 1360 916 temporum
1379 872 1510 904 initium
1535 903 1537 905 ,

112 919 218 962 ducit,
233 921 313 954 &in
325 917 500 967 procelsum
510 918 712 953 maxillatem
728 917 896 952 tendinoso
908 917 984 952 fune
998 915 1125 960 definir3
1136 916 1311 951 mansorius
1326 917 1366 952 ab
1383 917 1446 952 offe
1459 923 1513 967 ju-

112 966 354 1016 gali,&primo
366 966 502 1001 maxillae
517 966 685 1015 superioris
704 966 768 1002 offe
786 965 911 1000 exorsus
930 967 1078 1001 inferiori
1103 965 1176 1000 loco
1195 966 1334 1002 maxillae
1357 967 1510 1004 inseritur.

114 1019 193 1053 Duo
208 1017 318 1063 itaque
336 1015 473 1054 maxillae
488 1015 638 1063 capitella
655 1015 724 1050 sunt
738 1015 825 1049 velut
839 1015 1000 1062 utriusque
1014 1016 1115 1049 vectis
1130 1014 1230 1049 fulcra
1248 1033 1257 1060 -‚
1279 1015 1452 1051 resistentia
1476 1022 1511 1053 δι

114 1064 201 1113 quasi
213 1065 340 1112 pondus
357 1064 574 1099 attollendum
586 1064 632 1098 est
646 1067 680 1099 in
696 1066 847 1100 extremis
859 1064 1010 1098 dentibus
1022 1092 1031 1107 ‚
1053 1065 1102 1098 vis
1120 1067 1238 1098 moti-ix
1251 1094 1259 1108 ,
1287 1064 1343 1099 nbi
1367 1064 1512 1100 desinunt
1551 1096 1554 1100 .

115 1113 283 1157 tendine53
300 1112 385 1148 fibrae
394 1112 610 1148 musculorum
621 1116 653 1149 in
666 1114 770 1148 radios
782 1113 975 1162 sparguntur.
986 1115 1038 1148 Sic
1057 1114 1146 1148 enirn
1159 1115 1191 1147 vi
1205 1118 1328 1162 majore
1337 1114 1510 1150 donantur:

116 1166 152 1199 &
163 1161 234 1197 sane
247 1165 293 1196 vis
307 1162 353 1196 est
369 1161 569 1197 incredibilis
585 1162 701 1197 horum
713 1161 922 1197 musculorum
935 1191 944 1206 ,
960 1164 1014 1210 qui
1029 1164 1082 1196 vix
1097 1163 1189 1196 unius
1205 1162 1275 1198 sunt
1293 1162 1383 1198 librae
1402 1166 1432 1209 in
1451 1164 1511 1199 ho-

117 1213 213 1246 mine.
232 1211 294 1246 Sed
309 1222 430 1258 quanta
443 1213 504 1245 erit
521 1211 660 1254 in5leone
675 1211 727 1245 vel
745 1211 826 1254 urso,
837 1210 892 1258 qui
905 1209 1056 1246 dentibus
1075 1210 1198 1247 bovem
1209 1212 1346 1247 trahunt.
1371 1212 1424 1246 Ab
1436 1213 1512 1247 hinc

117 1259 252 1295 biennio
261 1272 373 1309 parvus
385 1259 577 1295 Crocodilus
592 1273 629 1295 ex
641 1263 789 1296 America
801 1260 914 1294 allatus
926 1259 1070 1296 diffectus
1081 1259 1100 1295 a
1114 1263 1156 1294 D.
1170 1261 1213 1295 du
1223 1261 1350 1310 Ver-acy
1366 1261 1445 1306 fuit,
1474 1274 1512 1296 ac

116 1310 232 1345 dentes
245 1309 381 1344 maxillae
394 1309 554 1344 inferioris
565 1308 667 1344 subire
680 1308 734 1344 vifi
751 1309 817 1345 [unt
832 1309 977 1344 alveolos
991 1309 1126 1344 maxillae
1139 1308 1316 1358 superioriS.

129 1387 132 1389 .
154 1358 318 1406 Pleraeqhe
328 1360 510 1393 animantes
521 1358 670 1394 dentibus
686 1371 818 1394 utuntur
833 1360 846 1401 ,'
858 1361 963 1407 potius
980 1370 1015 1393 ut
1029 1357 1139 1394 cibum
1152 1362 1343 1408 corripiant,
1364 1361 1461 1409 quam
1476 1374 1512 1396 ut

119 1407 392 1456 eumpraepa'rent-
412 1409 547 1442 Sicaves
560 1420 632 1455 quse
651 1408 760 1444 herbis
773 1407 958 1451 vescuntur,
978 1419 1012 1442 ut
1033 1407 1155 1442 anseres
1179 1414 1213 1445 ὃς
1233 1413 1351 1458 cygni,
1381 1412 1512 1445 rostrum

119 1458 289 1491 dentatum
299 1457 545 1503 quodammodo
558 1459 657 1492 nactae
672 1457 740 1492 sunt
752 1487 761 1502 ,
776 1469 811 1492 ut
826 1456 952 1492 facilius
968 1456 1084 1501 herbas
1101 1457 1252 1493 evellant.
1284 1462 1369 1508 Qae
1385 1462 1512 1495 adunco

119 1505 188 1540 sunt
198 1506 300 1540 rostro
314 1534 324 1548 ,
338 1518 380 1541 eae
392 1504 459 1541 sunt
468 1509 659 1550 carnivorae3
677 1518 859 1542 extremum
872 1506 964 1541 rostri
977 1507 1018 1541 est
1030 1509 1159 1541 interim
1180 1507 1303 1542 mobile
1315 1521 1348 1543 ut
1362 1511 1393 1544 in
1405 1507 1512 1557 psitta-

119 1567 160 1590 co
172 1568 180 1589 :
197 1555 279 1589 adeo
289 1566 324 1588 ut
337 1567 407 1602 pars
420 1556 555 1592 inferior
564 1556 655 1590 rostri
665 1556 740 1590 licet
751 1556 882 1590 brevior
892 1556 931 1590 ad
941 1567 1121 1590 extremum
1133 1556 1223 1590 rostri
1238 1557 1513 1606 harnumffffomo-

121 1602 309 1651 veriip'ossit.
323 1606 359 1638 In
374 1603 489 1639 avibus
497 1604 569 1639 fere
582 1604 732 1640 omnibus
748 1604 934 1654 oesoplia‘gus
949 1606 980 1640 in
998 1617 1089 1653 parte
1114 1604 1224 1641 infima
1241 1607 1378 1642 multum
1396 1607 1512 1642 dilata-

122 1665 171 1687 mr
185 1667 193 1688 :
208 1664 244 1686 ea
258 1665 327 1700 pars
340 1652 503 1702 oesophagi
520 1654 626 1702 ampla
638 1654 795 1703 ingluvies
811 1684 820 1699 ,
839 1653 1217 1703 vulgojabotvocitatur.
1234 1658 1282 1690 Eo
1296 1656 1357 1690 loci
1369 1656 1512 1705 primurn

121 1700 208 1736 cibus
227 1702 380 1749 digeritur
390 1730 399 1745 ‚
411 1708 443 1739 &
453 1703 492 1737 ad
504 1714 631 1751 tempus
642 1715 847 1738 coacervatur
861 1732 870 1746 ,
892 1715 964 1737 cum
988 1703 1057 1752 plus
1076 1703 1220 1739 alimenti
1232 1708 1369 1739 occurrit
1382 1735 1391 1748 ,
1411 1706 1512 1753 quam

123 1751 316 1785 ventriculus
330 1743 472 1799 coquere’
489 1751 587 1800 poffit
601 1770 610 1796 3
623 1765 660 1787 ac
671 1753 799 1787 demum
814 1753 844 1787 id
857 1751 1004 1787 alimenti
1021 1752 1115 1800 pullis
1140 1755 1338 1800 impertiunt.
1354 1757 1406 1788 Sic
1421 1754 1513 1789 fimiae

122 1801 157 1834 in
174 1809 309 1847 utraque
323 1800 459 1835 maxillae
467 1813 556 1848 parte
573 1800 708 1836 sacculm
716 1801 847 1836 liabent
860 1830 869 1844 ‚
881 1800 996 1847 quibus
1015 1800 1104 1835 cibos
1119 1803 1311 1839 recondunt.
1339 1806 1374 1839 In
1389 1807 1514 1838 ventri-

123 1848 196 1883 culo
206 1849 436 1897 cameliplures
447 1849 515 1885 sunt
536 1849 647 1885 sacculi
666 1849 782 1897 quibus
795 1879 803 1894 ‚
824 1862 859 1884 ut
881 1850 990 1885 ferunt
1003 1879 1013 1893 ,
1034 1863 1151 1897 aquam
1172 1852 1318 1887 recondit
1340 1855 1375 1887 in
1399 1854 1513 1887 arden-

122 1898 207 1943 tiore
217 1896 264 1932 siti
275 1898 587 1947 profuturamtpisces
598 1912 713 1947 magna
726 1912 763 1933 ex
775 1912 866 1947 parte
880 1900 993 1934 dentes
1006 1899 1143 1933 maxillis
1156 1899 1270 1935 infixos
1280 1904 1429 1950 gerunt,ii
1440 1905 1513 1936 utri-

124 1958 189 1992 que
204 1946 317 1994 linguae
327 1946 419 1981 lateri
430 1949 589 1983 interdum
599 1947 863 1992 'adhaerescuntait
878 1950 910 1982 in
921 1947 1154 1983 truttiswertim
1168 1948 1200 1983 hi
1211 1948 1290 1985 cibis
1309 1953 1514 1986 conterendis

125 2007 190 2030 non
200 1993 352 2041 serviunt,
363 1994 414 2028 sed
427 1997 538 2043 praedae
547 1999 746 2044 arripiendae.
764 2000 799 2032 In
818 2009 896 2031 cane
909 1997 1068 2031 carcharia
1078 2026 1087 2039 ,
1106 1997 1161 2031 set!
1172 2010 1290 2045 magno
1307 2002 1402 2033 maris
1414 2012 1494 2034 cane
1505 2029 1515 2044 ,

124 2055 263 2090 quatuor
284 2045 316 2078 in
331 2052 462 2090 utraque
480 2044 609 2078 maxilla
632 2045 761 2078 ordines
777 2046 922 2079 dentium
934 2045 1088 2080 visuntur.
1113 2045 1261 2092 Plerique
1278 2059 1315 2081 ex
1332 2049 1368 2081 iis
1388 2047 1514 2096 pollicis

125 2092 331 2140 longitudine
344 2093 570 2140 proferuntur,
589 2092 751 2136 durissimi,
767 2095 866 2135 acuti,
877 2092 1015 2128 secantes
1031 2107 1041 2129 a
1054 2093 1157 2142 vulpis
1171 2098 1299 2130 marinae
1314 2095 1419 2145 lingua
1434 2109 1516 2144 prae-

126 2141 211 2175 duris
223 2140 357 2181 ossiculis
369 2171 378 2185 ‚
387 2143 545 2183 argenteis
555 2171 564 2185 ,
578 2155 643 2176 non
658 2145 756 2177 acutis
768 2172 776 2186 ‚
797 2143 846 2177 sed
858 2142 1019 2189 quadratis
1031 2145 1182 2178 munitur-
1200 2145 1348 2179 Vidimus
1370 2146 1516 2182 maxillas

128 2191 217 2238 piscis
234 2203 311 2237 quas
324 2190 445 2225 Christ?
464 2190 574 2225 Abbas
591 2194 633 2227 D,
644 2191 789 2225 Gendron
798 2193 813 2228 ὲ
823 2190 998 2226 Canadenfi
1010 2195 1175 2239 provincia
1186 2194 1421 2241 attulerat‚quae
1437 2195 1514 2229 stra-

130 2251 168 2274 tae
188 2251 277 2273 erant
294 2239 443 2274 dentibus
455 2240 664 2286 complanatis
676 2269 684 2283 ‚
696 2246 729 2276 ὃ(
745 2241 827 2275 duris
842 2258 849 2281 ς
870 2241 916 2275 hae
935 2241 1093 2275 molarum
1108 2243 1199 2276 instar
1212 2272 1221 2285 ,
1241 2241 1446 2277 cochlearum
1465 2256 1515 2279 te..

129 2289 185 2323 stas
198 2288 313 2335 quibus
325 2289 459 2322 vescitur
474 2292 497 2323 is
516 2288 604 2337 piscis
618 2318 626 2331 ‚
639 2301 757 2325 terunt.
771 2293 806 2324 In
818 2292 887 2323 raiis
900 2302 1026 2336 quoqne
1037 2291 1174 2325 maxillae
1190 2290 1290 2325 tribus
1307 2303 1361 2326 aut
1377 2305 1516 2338 quatuor

130 2337 296 2371 ordinibus
308 2338 508 2372 officulorum
521 2340 704 2373 muniuntur
714 2368 723 2381 ‚
733 2352 805 2386 quae
819 2339 899 2373 tersa
918 2338 986 2372 sunt
999 2368 1008 2381 ‚
1026 2339 1128 2386 polita
1140 2369 1149 2382 ‚
1159 2340 1316 2388 diapliana
1329 2346 1362 2376 &
1376 2338 1468 2386 dura,
1479 2356 1515 2378 ac

130 2384 201 2420 satis
213 2386 257 2421 est
271 2386 436 2421 verisimile
447 2388 504 2422 hos
516 2387 604 2424 velut
614 2389 727 2424 dentes
737 2389 972 2425 contundendis
984 2387 1143 2425 alimentis
1153 2387 1317 2425 inservire.
1334 2393 1368 2424 In
1380 2394 1515 2440 cyprino

292 2438 384 2473 Tom.
402 2439 450 2473 ll.
1187 2469 1191 2474 .
1230 2442 1294 2476 Nn
1307 2452 1359 2475 nn
