1878 2724
369 145 436 188 624
896 132 1232 171 PHYSICAE

391 192 483 224 imus.
507 188 593 224 Cum
606 189 692 222 enim
714 183 800 221 fibrae
817 195 901 232 pene
914 195 1028 218 omnes
1044 183 1135 218 instar
1146 181 1261 218 helicis
1277 181 1336 218 (int
1350 191 1508 218 contortae
1523 211 1534 226 ,
1558 183 1589 218 id
1605 180 1777 219 verifimils

368 203 483 274 {imum
500 238 627 271 videtur
637 237 674 269 iis
692 234 779 270 fibris
790 233 938 268 adductis
952 245 1007 267 cor
1019 244 1076 281 per
1087 244 1192 266 motus
1205 231 1368 280 oppofitos
1383 231 1576 274 contrahi,&
1587 231 1770 282 sanguinem

370 300 444 322 cum
463 289 587 332 impetu
601 282 811 320 eventriculis
821 281 960 331 propelli
975 310 985 326 ,
1000 294 1067 317 non
1076 281 1169 316 aliter
1187 279 1257 315 fere
1272 294 1307 316 ac
1325 281 1422 316 lintea
1435 281 1563 315 madida
1575 280 1676 317 solent
1691 294 1771 316 eon-

370 336 514 381 torqueri
529 362 538 376 ,
553 346 587 368 ur
597 335 702 367 omnis
714 334 830 368 humor
843 332 1050 372 exprimatur.
1063 329 1336 366 contractionem
1349 329 1428 366 vero
1445 329 1533 363 illam
1548 330 1702 377 adjuvant
1715 343 1771 364 co-

373 383 488 418 lumna:
500 394 640 425 carneae,
658 387 692 418 &
713 380 859 416 musculis
871 379 1007 424 ssmiles,
1026 392 1097 427 quae
1116 380 1148 414 in
1162 377 1279 414 sinistro
1301 377 1500 428 potissimum
1519 378 1701 414 ventriculo
1714 391 1772 412 va-

374 434 427 466 riis
443 432 588 480 implexa:
602 431 688 467 fibris
705 442 887 466 cernuntur.
898 431 1033 479 Sanguis
1047 431 1136 464 enim
1150 431 1275 475 majore
1293 431 1417 478 impetu
1432 429 1448 463 ὲ
1461 426 1579 463 sinistro
1593 427 1658 463 (inu
1668 439 1773 463 erum-

375 484 424 530 pit
451 482 484 515 in
499 493 613 529 corpus
628 480 819 516 universum.

420 532 530 578 Negat
541 542 649 564 tamen
661 529 805 563 Borellus
819 527 922 562 cordis
947 523 1095 576 systolem
1116 525 1185 562 fieri
1202 525 1222 562 a
1246 525 1349 573 spirali
1380 524 1533 561 fibrarum
1551 524 1773 569 contorsione,

374 578 445 614 fere
458 590 493 613 ut
509 581 541 613 in
554 578 658 614 linteo
668 579 900 614 madidoNam
910 578 1012 611 cordis
1028 577 1185 611 contracti
1201 575 1303 610 moles
1322 575 1406 609 adeo
1417 588 1484 610 non
1502 576 1704 619 minuitur,ut
1713 588 1775 624 po-

376 629 436 663 tius
446 640 616 676 augeatur,
633 629 710 662 dum
722 626 808 662 fibrae
821 628 976 674 parietum
994 624 1217 661 intumescunt.
1231 625 1295 659 Sed
1308 627 1343 659 in
1353 624 1455 659 linteo
1467 624 1598 659 madido
1612 625 1698 672 quod
1717 637 1776 659 ex-

376 678 543 726 primitur,
558 676 645 712 fibrae
657 676 736 712 fiunt
755 679 913 711 tenuiores
929 703 938 717 ‚
953 680 987 711 &
1003 673 1064 709 sese
1083 686 1193 709 mutuo
1211 685 1346 722 tangunt
1363 671 1499 721 expulfis
1521 686 1610 721 aquae
1632 673 1775 722 guttulis,

376 729 416 761 In
427 726 522 761 corde
540 726 625 761 secus
645 725 674 760 se
688 724 789 761 habet
802 739 809 761 :
824 737 900 759 nam
915 726 945 758 in
959 723 1073 772 systole
1088 722 1127 759 fit
1141 721 1269 758 craffius
1289 741 1298 767 ;
1323 720 1493 758 ventriculi
1506 734 1620 757 carnea
1634 721 1778 758 substan-

377 779 422 811 tia
435 774 600 822 replentur
611 787 764 810 manente
780 774 894 808 eadem
908 775 1068 808 exteriore
1082 773 1186 807 cordis
1205 771 1306 821 figura
1325 786 1332 807 :
1358 770 1513 819 siquidem
1531 770 1618 806 fibrae
1637 783 1777 807 externae

379 838 446 860 non
459 824 541 859 fiunt
554 826 785 860 contractiores
799 853 807 867 ‚
825 822 878 857 sed
900 824 1005 858 nimia:
1023 822 1220 857 distractioni
1238 821 1283 857 ob
1305 823 1514 857 tenacitatem
1532 820 1618 856 suam
1634 820 1778 856 resistunt

379 873 450 908 fere
465 884 500 907 ut
515 873 624 907 circuli
638 873 729 907 dolii.
746 873 844 908 Unde
860 874 1036 919 perimeret
1045 872 1149 905 cordis
1164 884 1230 905 non
1244 870 1416 919 ampliatur
1427 899 1437 914 ,
1455 882 1528 904 cum
1542 872 1671 905 interim
1687 869 1777 905 fibrae

378 924 412 957 in
425 933 517 970 parte
533 934 612 956 cava
626 917 777 956 inflent'ur
791 949 800 963 ,
818 925 851 956 &
868 922 933 954 vim
945 931 1118 954 cuneorum
1131 930 1318 955 exerceant:
1329 932 1401 954 cum
1412 918 1602 953 vehementi
1616 919 1780 968 compres-

379 970 465 1006 sione
476 968 663 1018 sanguinem
675 972 868 1017 exprimant,
881 969 949 1003 fere
964 980 998 1003 ut
1009 967 1113 1002 nuclei
1127 967 1227 1015 prelsu
1241 969 1414 1016 digitorum
1428 968 1573 1015 protrudi
1588 967 1699 1005 solent.
1713 972 1780 1004 Ve·

379 1019 453 1055 tum
473 1031 635 1066 utcunque
646 1031 684 1052 ea
698 1031 747 1052 res
758 1017 792 1052 {it
804 1047 812 1061 ,
825 1031 894 1064 quae
904 1019 1020 1051 acriori
1032 1018 1170 1051 examini
1183 1015 1260 1050 esset
1282 1016 1477 1064 subjicienda
1490 1017 1542 1050 :id
1560 1017 1686 1052 videtur
1695 1019 1779 1052 veti-

381 1068 579 1112 simi‘lius,cor
590 1079 674 1116 pene
688 1079 723 1102 ut
733 1067 812 1101 alios
825 1064 983 1101 musculos
998 1067 1124 1099 moveri
1139 1093 1149 1108 ,
1164 1076 1200 1098 ac
1219 1063 1314 1098 fibras
1331 1066 1503 1098 exteriores
1521 1066 1635 1100 itidem
1655 1077 1689 1101 ut
1711 1067 1781 1102 reli-

380 1130 461 1166 quas
476 1129 531 1151 aut
549 1117 646 1151 laxari
660 1145 669 1159 ,
685 1128 737 1150 aut
747 1115 894 1150 contrahi
909 1132 918 1157 ς
938 1114 1072 1163 figuram
1085 1118 1149 1162 ejus
1168 1115 1360 1148 exteriorem
1376 1114 1407 1148 in
1421 1112 1537 1161 systole
1551 1116 1719 1159 imminui,
1731 1119 1783 1151 uti

381 1170 416 1203 in
428 1179 509 1202 rans:
521 1165 656 1201 dissestae
667 1166 764 1199 corde
775 1164 944 1199 manifeste
953 1165 1104 1199 cernitur.
1119 1163 1328 1214 chnque
1338 1163 1370 1196 id
1385 1161 1442 1197 fiat
1459 1163 1559 1197 niodo
1570 1192 1579 1207 ,
1596 1163 1650 1198 seu
1662 1164 1781 1201 acceffu

381 1214 552 1266 spirituosae
564 1214 744 1249 substantice
758 1213 844 1249 fibrae
859 1213 961 1248 cordis
975 1214 1009 1247 in
1020 1212 1114 1260 spiras
1127 1211 1311 1246 convolutae
1325 1210 1405 1247 fiant
1418 1211 1578 1248 crassiores
1589 1241 1600 1256 ,
1618 1211 1671 1248 seu
1688 1213 1782 1249 tensa:

381 1267 511 1314 propius
523 1265 563 1299 ad
579 1262 762 1298 seinvicem
775 1263 949 1306 accedant,
965 1273 1001 1297 ut
1012 1260 1179 1309 suspicatur
1197 1265 1363 1297 Vernaeus.
1379 1263 1468 1297 Nam
1485 1259 1574 1296 fibrae
1588 1261 1714 1299 inflexae
1727 1264 1781 1298 in-

383 1315 477 1350 tendi
489 1316 540 1348 vix
556 1311 683 1362 poffunt
696 1342 705 1356 ,
731 1315 811 1360 quin
829 1311 886 1346 fibi
904 1323 1019 1346 mutuo
1039 1311 1205 1359 propiores
1225 1311 1393 1358 interje&a
1417 1309 1551 1358 spatiola
1569 1312 1781 1350 imminuant:

384 1363 555 1411 praesert⁵m
568 1375 640 1396 cum
657 1361 744 1397 fibrae
762 1374 800 1396 ex
814 1373 948 1408 utraque
962 1371 1052 1409 parte
1066 1359 1189 1394 summa
1206 1360 1360 1394 nimirum
1384 1364 1418 1396 ὃς
1443 1358 1554 1395 infima
1571 1360 1781 1397 adducuntur.

383 1414 484 1450 Unde
495 1410 618 1448 neceffe
630 1412 676 1446 est
689 1423 722 1446 ut
735 1424 845 1446 earum
860 1412 999 1444 curvitas
1013 1411 1173 1445 minuatur
1184 1437 1192 1451 ‚
1210 1413 1242 1445 δι
1257 1410 1458 1456 interjectum
1475 1411 1559 1445 inter
1571 1421 1624 1444 eas
1646 1409 1781 1458 spatium

384 1461 471 1509 quasi
482 1460 693 1496 consumatur.
714 1463 792 1495 Sunt
805 1462 890 1494 enim
903 1458 989 1494 fibrae
1003 1458 1107 1493 cordis
1127 1458 1203 1492 insta
1218 1469 1305 1492 notae
1326 1457 1587 1502 ArithmeticaeS,
1605 1470 1781 1497 contortae:

385 1523 526 1558 cumque
540 1509 657 1545 accessu
668 1508 836 1558 spirituosae
846 1511 990 1544 matetiae
1002 1507 1084 1543 fiunt
1094 1505 1265 1550 craffiores,
1275 1518 1380 1555 neque
1393 1506 1584 1542 extrinsecus
1598 1506 1715 1556 poffint
1728 1511 1783 1544 in-

385 1560 578 1602 tumescere,
595 1558 639 1593 ob
654 1559 852 1594 membranae
871 1557 1097 1601 resistentiam,
1119 1558 1204 1591 intus
1220 1554 1300 1592 fiunt
1319 1555 1484 1592 crassiores
1498 1586 1509 1602 ,
1528 1561 1563 1593 &
1584 1557 1782 1594 ventriculo-

386 1623 456 1645 rum
470 1621 547 1644 cava
567 1620 651 1657 pene
669 1608 817 1656 implent.

431 1658 532 1693 fibrae
546 1660 644 1693 etiam
664 1657 727 1692 illae
738 1657 900 1692 crassiores
918 1670 989 1706 quae
1007 1668 1178 1705 utrumque
1195 1654 1365 1692 ventriculi
1389 1657 1545 1703 parietem
1566 1655 1784 1700 connectunt,

389 1710 475 1743 hunc
487 1706 610 1742 liabent
619 1706 708 1741 usum
726 1718 759 1741 ut
776 1706 903 1742 obstent
913 1708 1084 1754 quominus
1098 1705 1211 1741 sinister
1220 1703 1425 1756 potissimum
1439 1705 1634 1740 ventriculus
1654 1704 1785 1740 uberio-

390 1771 423 1792 re
438 1756 596 1805 sanguinis
606 1755 723 1804 allapsu
734 1758 870 1791 nimium
880 1756 1084 1791 distendatur.
1096 1757 1225 1792 Deinde
1236 1769 1274 1791 ex
1285 1757 1321 1789 iis
1332 1753 1422 1789 fibrae
1432 1754 1633 1790 valvularum
1645 1754 1786 1803 tricuspi-

390 1808 469 1841 dum
484 1834 492 1847 ‚
507 1819 580 1852 quce
598 1817 696 1841 venas
710 1806 812 1839 cordis
825 1805 1001 1840 occludunt
1015 1833 1026 1848 ,
1045 1808 1182 1840 omuino
1198 1806 1346 1853 penderit.
1366 1804 1466 1839 Unde
1480 1806 1512 1839 in
1526 1804 1630 1838 cordis
1651 1803 1784 1838 diastole

391 1855 449 1890 ubi
461 1867 515 1888 cor
529 1854 678 1902 sanguine
691 1853 861 1901 impletur,
873 1866 929 1901 per
941 1853 1111 1888 intervalla
1126 1853 1280 1888 fibrarum
1294 1855 1318 1886 is
1335 1852 1426 1888 subit.
1443 1853 1506 1886 Sed
1523 1855 1556 1887 in
1574 1850 1686 1898 systole
1698 1880 1708 1896 ,
1728 1851 1785 1887 ubi

391 1916 447 1938 cor
458 1914 628 1937 evacuatur
640 1907 673 1939 &
684 1902 883 1936 contrahitur
894 1931 903 1944 ,
917 1914 985 1936 tum
999 1901 1047 1936 hae
1068 1901 1154 1936 fibrae
1177 1900 1404 1948 triuscupidum
1418 1929 1427 1942 ,
1445 1899 1538 1935 velut
1558 1900 1696 1936 totidem
1715 1899 1786 1935 lora

391 1952 546 1986 laxantur.
560 1952 647 1985 Hinc
660 1950 783 1998 sanguis
802 1962 972 1997 erumpens
991 1949 1196 1984 membranas
1212 1949 1291 1998 ipsas
1309 1949 1510 1983 valvularum
1533 1948 1649 1984 sursum
1673 1949 1784 1997 pellit,

391 2013 428 2036 ac
441 1999 498 2034 fibi
519 1999 659 2034 reditum
676 2001 708 2034 in
723 2011 820 2033 venas
835 1999 984 2033 occludit.
1005 1998 1209 2034 Membranae
1222 2001 1342 2046 quippe
1352 1997 1552 2032 valvularum
1571 1998 1639 2033 fere
1656 2010 1691 2033 ut
1712 1999 1786 2034 vela

391 2051 484 2085 navis
498 2060 598 2083 vento
612 2077 620 2090 ‚
639 2047 678 2082 fic
698 2047 840 2096 expresso
854 2047 1003 2093 sanguine
1022 2047 1204 2096 implentur.
1227 2048 1326 2094 quue
1342 2059 1473 2081 cernere
1493 2048 1536 2082 est
1554 2049 1585 2082 in
1602 2047 1698 2082 corde
1716 2049 1785 2083 vivi

392 2097 549 2133 animalis,
564 2100 652 2133 Nam
667 2097 686 2131 si
703 2109 858 2131 mucrone
870 2096 991 2132 resecto
1002 2097 1229 2146 liquorempet
1245 2109 1343 2131 venas
1357 2098 1504 2145 injeceris
1518 2125 1528 2140 ,
1544 2099 1577 2132 in
1590 2095 1657 2145 ipsa
1666 2095 1785 2145 systole

393 2147 498 2195 liquor
513 2150 545 2181 in
556 2148 687 2180 arterias
706 2145 784 2189 ipsas
800 2175 809 2188 ,
822 2149 933 2181 nonin
947 2158 1042 2180 venas
1060 2159 1262 2196 prorumpet.

442 2198 528 2231 Cum
548 2207 656 2230 autem
669 2195 701 2229 hi
716 2194 858 2229 lacertuli
869 2207 922 2230 aut
935 2195 1020 2230 fibrae
1031 2196 1196 2230 crassiores
1207 2195 1307 2230 desint
1321 2197 1352 2230 in
1367 2196 1481 2230 dextro
1494 2197 1596 2230 cordis
1619 2196 1785 2230 ventricu-

395 2246 428 2280 lo
440 2277 447 2285 ,
465 2245 580 2279 horum
594 2246 698 2279 vicem
715 2243 860 2292 supplent
878 2244 1051 2278 carunculae
1064 2247 1095 2280 in
1107 2244 1255 2292 opposito
1269 2245 1439 2279 ventriculi
1452 2242 1785 2293 pariereproniintilae‚

394 2307 433 2328 ex
454 2292 569 2340 quibus
581 2293 738 2328 ducuntur
755 2292 841 2328 fibrae
860 2293 1057 2327 valvularum
1069 2294 1272 2342 tricuspidum
1289 2312 1297 2338 ·‚
1315 2307 1427 2341 eaeque
1442 2306 1593 2341 tanquam
1618 2294 1708 2328 funes
1727 2304 1786 2327 na-

396 2345 447 2378 vis
460 2342 546 2376 milo
558 2342 678 2392 alligati
692 2344 862 2377 tenduntur
877 2345 908 2377 in
927 2343 1029 2377 cordis
1048 2344 1177 2378 diastole
1189 2373 1198 2386 ‚
1215 2356 1287 2378 cum
1305 2343 1422 2378 scilicet
1439 2342 1590 2391 sanguine
1609 2341 1760 2387 impletur
1773 2369 1785 2385 ‚

396 2396 432 2428 δε
445 2396 510 2439 ejus
525 2404 634 2427 mucro
643 2393 832 2441 deprimitur
842 2409 852 2437 5
864 2391 1012 2430 laxantur
1024 2390 1103 2430 vero
1119 2394 1152 2431 in
1168 2391 1302 2442 systole,
1317 2405 1450 2443 rumque
1472 2392 1592 2442 sanguis
1607 2390 1761 2440 expressus
1776 2418 1788 2447 ’.

1731 2450 1791 2485 qui
