1878 2724
608 170 754 207 PARS
791 168 1040 208 TER'TIA.
1446 188 1500 216 γει

103 225 154 262 vit
165 221 224 258 filis
238 233 310 271 quae
325 231 363 257 ex
373 231 488 256 ventre
499 222 619 256 emittit
630 249 640 263 ,
657 233 693 255 ut
706 219 810 255 solent
821 219 1013 269 bombyces,
1027 224 1117 257 Dum
1131 223 1162 256 ἦ]
1182 221 1330 257 folliculo
1343 250 1351 265 ‚
1364 232 1397 255 ut
1407 222 1436 255 in
1447 225 1500 256 ni-

105 271 182 307 dulo
196 271 257 306 sese
280 271 341 306 huc
359 270 432 305 illuc
454 269 577 314 versat,
602 281 668 305 tum
678 269 760 318 pilos
770 282 903 313 omnes,
923 276 955 306 δε
971 270 1126 318 plumulas
1141 273 1230 305 exuit
1242 300 1250 313 ‚
1270 283 1340 317 quae
1353 270 1400 304 illi
1423 270 1498 305 stunt

105 321 198 355 instar
209 320 313 355 mollis
331 319 481 356 culcitrae.
500 318 685 366 Priusquam
699 318 820 366 pellem
834 320 990 367 deponat,
1002 322 1093 355 omni
1107 332 1200 354 motu
1214 319 1405 354 destituitur.
1421 320 1497 354 Cir-

107 381 144 404 ca
158 368 325 404 secundam
339 380 392 404 aut
405 371 534 405 tertiam
546 367 731 404 incisionem
746 367 798 402 vel
811 368 966 403 annulum
977 367 1124 403 membra
1138 382 1207 417 quae
1216 381 1386 417 erumpunt
1401 369 1498 404 instar

105 430 308 467 gemmarum
323 448 332 462 ‚
349 430 401 452 eas
419 430 524 466 partes
541 416 688 452 nonnihil
702 416 869 453 attollunt.
885 420 983 453 varia
1001 429 1113 454 autem
1133 417 1202 453 sunt
1213 422 1378 453 erucarum
1402 416 1498 452 serica

107 468 282 504 involucra.
294 470 381 504 Nam
393 465 520 515 fingulae
538 466 628 501 suum
642 465 786 501 nidulum
797 478 911 514 parant
923 495 932 509 ‚
950 478 987 502 ut
1012 466 1165 514 cujusque
1189 478 1305 503 naturae
1332 470 1433 515 magis
1453 468 1496 501 est

107 518 383 552 accommodatus.
397 518 477 551 Sunt
485 528 552 564 quae
562 515 664 551 nullos
678 514 852 550 conficiant
861 515 1000 551 nidulos.
1016 517 1178 564 Qaedam
1190 518 1222 551 in
1234 529 1317 551 terra
1327 545 1336 559 ,
1359 518 1435 551 utin
1452 528 1497 551 tu-

109 564 231 601 tissrmo
243 565 315 600 loco
330 564 360 600 se
371 566 514 600 condunt
529 582 537 609 5
552 565 620 600 aliae
629 576 741 613 corpus
755 563 884 600 filorum
896 576 1052 600 contextu
1071 577 1136 601 tam
1150 567 1238 600 ateste
1254 565 1427 601 involvunt
1440 594 1450 608 ,
1463 577 1498 600 ut

109 617 142 649 in
159 627 231 649 aere
244 613 374 662 penfiles
390 613 509 662 pellem
519 625 635 649 exuant
648 642 658 657 ‚
672 619 705 650 δέ
718 625 756 648 ea
766 613 910 662 deposita
922 614 1070 662 qnaedam
1089 613 1143 650 fila
1160 628 1274 664 corpus
1285 614 1390 650 adhuc
1404 615 1498 650 strin-

108 675 187 712 gant
198 692 207 706 ,
222 675 262 698 ne
279 665 310 698 in
321 675 438 698 terram
451 662 642 698 delabantur
652 675 724 697 cum
737 662 830 711 pellis
849 663 1033 711 deponitur.

143 715 240 747 Eruca
254 711 339 760 pelle
350 710 490 759 depofita
501 712 641 747 formam
658 711 810 761 nymphae
821 713 928 747 induit
939 741 948 756 ‚
967 724 1098 760 tumque
1109 724 1215 761 partes
1229 724 1341 748 omnes
1363 712 1500 761 papilio-

109 763 156 795 nis
173 773 337 809 utcunque
348 761 580 810 distinguuntur
589 789 598 804 ,
609 772 706 808 atque
718 763 751 796 in
761 760 938 809 chrysalide
951 790 961 805 ,
978 761 1030 796 seu
1040 764 1073 797 in
1084 762 1203 797 aurelia
1217 762 1314 804 oculi,
1326 761 1500 811 probostis,

109 821 200 844 crura
212 839 221 853 ‚
240 815 273 846 ὅ(
287 810 344 844 alae
356 808 435 845 visui
449 810 666 859 suinciuntur.
686 812 724 845 ln
736 810 854 844 aurelia
864 822 936 845 cum
954 810 1074 859 pellem
1091 823 1228 847 renovat
1240 841 1249 855 ,
1266 823 1372 860 partes
1386 823 1503 846 omnes

110 857 181 893 sunt
200 857 316 893 molles
328 865 362 897 δε
377 860 515 895 humidae
530 887 539 902 ,
573 857 629 893 fibi
659 870 770 894 mutuo
785 861 974 907 conjunehz.
1007 861 1116 908 Atque
1140 860 1208 895 haee
1243 860 1338 910 pellis
1374 861 1454 906 eratss
1469 862 1504 894 in

111 919 224 950 eruca,
243 909 290 942 uti
305 908 424 942 aurelia
440 914 507 956 J'am
523 908 568 942 est
587 908 709 956 papilio
729 906 793 955 ipse
811 908 1009 943 membranis
1033 908 1084 943 seu
1101 909 1274 943 involucris
1288 938 1298 952 ,
1312 908 1428 956 quibus
1452 921 1504 943 te-

110 955 246 1003 gebatur
259 984 269 998 ‚
302 957 467 992 detractis.
498 959 534 991 ln
562 958 657 990 ramis
688 954 813 992 arboris
835 955 995 1004 sycomori
1025 969 1150 992 vermes
1163 957 1255 992 albos
1270 960 1369 1006 nigris
1392 970 1504 992 macu-

110 1004 148 1040 lis
166 1005 328 1039 distinctos
341 1005 526 1040 observavit
541 1007 586 1040 D.
605 1005 775 1048 Sedileaeu,
803 1007 860 1052 qui
872 1004 1059 1040 foetidisunt
1075 1035 1085 1049 ,
1114 1009 1267 1042 corticem
1283 1007 1484 1055 pertundunt
1495 1037 1504 1050 ,

112 1058 146 1090 ὅ(
158 1055 201 1087 ita
215 1054 355 1088 exedunt
366 1083 374 1096 ‚
387 1065 421 1088 ut
439 1053 563 1102 singulis
575 1053 689 1088 diebus
702 1053 770 1101 plus
781 1053 929 1089 alimenti
946 1054 1082 1098 sumant,
1096 1056 1194 1101 quam
1207 1055 1242 1090 sit
1254 1058 1371 1090 vermis
1386 1056 1504 1099 moles;

112 1104 146 1137 in
156 1101 307 1136 aureliam
321 1101 390 1138 abit
406 1106 524 1137 vermis
536 1131 545 1146 ‚
562 1114 601 1136 ex
612 1115 675 1150 qua
686 1101 808 1150 papilio
817 1103 953 1138 nascitur
963 1102 1055 1138 albus
1070 1133 1078 1147 ,
1098 1103 1148 1138 sed
1160 1107 1258 1148 nigris
1270 1104 1402 1140 maculis
1423 1117 1505 1140 con-

113 1149 238 1195 spersuS.
253 1153 294 1186 Ex
309 1151 480 1200 majoribus
491 1153 674 1199 erucis‚quae
690 1150 746 1185 filo
755 1153 836 1186 circa
845 1154 980 1187 caudam
992 1153 1143 1189 involuro
1159 1153 1189 1188 se
1196 1145 1506 1203 ‘suspendunrsshry-

113 1198 226 1234 salides
241 1202 380 1247 primum
394 1230 403 1244 ,
419 1212 485 1236 tum
499 1200 692 1249 papilioneS,
708 1199 787 1248 saepe
801 1200 922 1238 muscas
936 1204 1013 1237 oriri
1033 1204 1204 1251 comperit.
1237 1201 1360 1240 Verum
1383 1202 1442 1238 ista
1472 1206 1507 1242 in

116 1247 288 1298 bombycis
299 1249 426 1286 historia
441 1250 547 1289 multo
559 1248 646 1286 >fient
660 1249 834 1286 illustriora.

643 1349 879 1388 CAPUT
918 1352 990 1388 1v.

356 1414 411 1447 De
430 1411 601 1462 Bombyce‚
615 1427 729 1449 necnon
743 1414 781 1449 de
799 1427 912 1464 quarto
930 1416 1109 1463 infeslarum
1127 1417 1278 1466 gencrej·

126 1498 191 1580 L
202 1498 336 1545 Onguni
351 1493 428 1529 esset
440 1494 648 1531 &molestum
659 1508 771 1532 omnes
789 1497 978 1532 insectorum
994 1496 1131 1547 species,
1149 1511 1218 1546 quae
1231 1500 1262 1533 in
1279 1500 1440 1547 nymphas
1457 1500 1510 1535 vel

201 1544 388 1593 chrysalides
403 1542 541 1586 abeunt,
553 1557 752 1592 percurrere.
767 1547 921 1594 Cumque
936 1549 970 1582 in
982 1547 1132 1582 omnibus
1151 1560 1235 1595 pene
1256 1547 1290 1583 sit
1306 1549 1419 1583 eadem
1437 1562 1511 1597 par-

122 1596 200 1628 tium
215 1596 403 1628 interiorum
418 1593 638 1628 conformatio
650 1623 658 1636 ‚
677 1596 780 1630 multo
794 1598 854 1631 erit
868 1596 989 1631 facilius
1013 1599 1105 1631 unius
1125 1597 1211 1632 velut
1226 1609 1402 1632 anatomen
1424 1599 1511 1633 insti-

121 1655 211 1677 tuere
223 1672 232 1685 ‚
254 1642 318 1688 quo
330 1643 370 1675 de
385 1643 505 1675 caeteris
527 1641 623 1676 nobis
639 1642 733 1677 liceat
748 1645 897 1693 judicare.
926 1647 1039 1692 Itaque
1057 1648 1148 1680 unius
1169 1645 1340 1694 bombycis
1360 1647 1513 1696 exemplo

122 1694 271 1726 'contenti
284 1690 461 1733 erimus‚de
471 1703 538 1738 quo
553 1691 752 1740 Malpighius
766 1696 926 1742 egregium
949 1695 1049 1728 edidit
1057 1696 1251 1730 transtatum.

170 1742 218 1773 Ac
231 1739 372 1787 primum
390 1739 523 1785 quidem
537 1743 709 1776 exteriores
724 1740 895 1790 bombycis
909 1755 1014 1790 partes
1030 1755 1100 1790 quae
1112 1745 1211 1790 magis
1229 1742 1299 1778 sunt
1313 1742 1517 1786 obviae,mo-

123 1791 251 1822 rarinos
267 1803 332 1823 non
346 1787 469 1822 debent
488 1802 584 1824 :nam
601 1802 717 1838 magna
730 1803 767 1825 ex
786 1803 874 1839 parte
893 1804 993 1825 erucae
1013 1790 1116 1826 similis
1143 1784 1186 1826 esl:
1212 1807 1219 1827 t
1244 1795 1328 1827 mori
1346 1793 1411 1828 albi
1429 1794 1514 1828 foliis

122 1836 165 1870 ali
181 1836 260 1872 solet
274 1852 281 1873 :
296 1838 365 1872 sunt
379 1839 466 1871 enim
477 1840 637 1872 teneriora
648 1838 747 1885 quam
756 1842 837 1888 nigri
853 1839 931 1875 folia
942 1869 952 1884 ‚
968 1853 1065 1889 atque
1079 1854 1120 1877 ex
1141 1844 1176 1876 iis
1197 1841 1285 1875 serici
1299 1842 1416 1878 stamen
1432 1843 1517 1878 mol-

123 1885 182 1920 lius
195 1888 344 1934 gignitur.
361 1889 444 1920 Intra
456 1899 573 1934 paucos
586 1888 653 1921 dies
667 1887 779 1923 somno
792 1891 962 1937 corripitur
980 1903 988 1926 z
1011 1892 1064 1925 vix
1085 1893 1170 1925 enim
1184 1891 1285 1925 :estate
1309 1891 1422 1927 decem
1448 1893 1517 1927 dies

123 1934 281 1969 insomnes
296 1937 373 1983 agit.
390 1935 492 1982 Quies
507 1934 588 1969 ultra
602 1936 690 1971 diem
711 1949 782 1972 raro
796 1937 992 1986 producitur.
1016 1939 1146 1975 Excusso
1173 1938 1286 1975 somno
1305 1942 1441 1988 primam
1465 1942 1519 1976 de-

124 1984 219 2031 ponit
236 1982 399 2018 senectam
410 2011 419 2026 ‚
432 1996 502 2028 quae
515 1986 597 2018 inter
608 1987 691 2019 mori
702 1985 781 2020 folia
795 1984 991 2034 conspicitur
1004 2005 1012 2031 ;
1026 1999 1094 2023 tum
1106 2001 1228 2023 novum
1239 1991 1383 2023 cranium
1393 1995 1426 2026 ὅ(
1442 1993 1516 2037 prio

124 2034 151 2065 ri
169 2031 264 2079 longe
280 2036 378 2079 majus
390 2033 498 2065 exerit.
517 2033 668 2078 Qatuor
679 2034 795 2068 deinde
810 2035 878 2068 dies
895 2041 927 2070 &
941 2037 1078 2083 amplius
1089 2036 1241 2072 insomnis
1261 2040 1370 2079 exigit.
1396 2041 1520 2073 Somno

125 2082 242 2114 iterum
256 2092 312 2127 per
328 2088 359 2127 36
372 2080 463 2114 horas
477 2092 532 2113 aut
546 2082 669 2114 circiter
681 2079 845 2130 correptus
861 2112 869 2124 ,
882 2082 1077 2132 oblongiore
1091 2083 1127 2119 fit
1141 2097 1276 2133 corpore
1292 2114 1300 2127 ‚
1313 2079 1360 2119 „ac
1373 2088 1443 2134 post
1462 2090 1521 2121 tri-

126 2129 224 2163 duum
236 2131 333 2162 tertio
345 2132 377 2163 in
394 2127 540 2163 somnum
556 2128 674 2163 labitur
687 2144 694 2165 :
707 2143 801 2178 caput
812 2132 909 2181 longe
919 2137 1018 2182 majus
1033 2133 1050 2168 ὲ
1067 2136 1161 2181 primi
1176 2134 1283 2169 annuli
1300 2138 1388 2170 corio
1400 2136 1520 2170 enasci-

128 2189 179 2212 tur
192 2205 202 2220 ‚
216 2183 253 2219 ὃς
264 2180 430 2224 antiquum
443 2182 508 2225 jam
528 2190 663 2212 vacuum
678 2178 816 2228 disrupto
828 2184 916 2215 corio
937 2185 1087 2218 cernitur.
1107 2186 1263 2231 Qiietem
1278 2184 1418 2219 futur-nm
1438 2186 1521 2219 indi-

128 2237 180 2260 cat
195 2226 214 2261 ἐι
226 2225 301 2260 cibo
312 2227 501 2261 abstinentia
513 2244 521 2270 3
534 2230 676 2275 corporis
687 2228 789 2263 moles
803 2229 838 2264 fit
853 2229 984 2265 brevior
1003 2246 1010 2267 ι
1026 2230 1178 2267 recessum
1195 2235 1310 2279 qucerit
1328 2236 1445 2267 vermis
1465 2233 1521 2268 ubi.

128 2273 289 2322 quiescat,
301 2288 367 2320 quo
379 2287 510 2323 reperto
529 2275 706 2310 immobilis
726 2280 906 2327 jacet5post
919 2293 1016 2315 unum
1034 2281 1120 2315 diem
1136 2282 1197 2316 huc
1209 2281 1283 2316 illuc
1302 2281 1330 2315 se
1346 2285 1455 2325 imitar,
1473 2295 1523 2317 to·

127 2336 179 2359 tus
189 2323 382 2358 convellitur
394 2352 402 2366 ,
418 2337 454 2365 ac
469 2325 598 2359 tandem
609 2326 661 2358 diu
674 2325 807 2362 lucinus
818 2328 914 2376 longa
926 2331 1043 2377 pedum
1054 2331 1232 2376 jactatione
1250 2330 1426 2378 sejunstum
1442 2331 1460 2366 ἐι
1473 2344 1523 2365 re-

127 2374 214 2406 centi
232 2375 354 2407 corium
371 2384 521 2407 excutere
536 2375 646 2421 incipit
659 2403 667 2416 ‚
683 2374 769 2410 faita
789 2379 871 2411 circa
889 2380 1029 2412 cranium
1041 2377 1171 2415 sensura.
1210 2381 1256 2413 Ac
1281 2378 1385 2414 nescio
1401 2393 1439 2415 an
1458 2392 1523 2414 tam

126 2419 284 2457 laboriosa
301 2422 543 2458 transformatio
554 2434 713 2459 renovato
725 2427 832 2474 capite
844 2456 854 2471 ‚
881 2426 1032 2463 dentibus
1048 2456 1058 2473 ‚
1080 2431 1168 2464 corio
1186 2428 1313 2463 somnus
1334 2429 1398 2463 dici
1417 2427 1526 2478 possit,

1206 2481 1305 2513 Tttt
1331 2479 1362 2525 iij
