<?xml version="1.0" encoding="UTF-8"?>
<!DOCTYPE html PUBLIC "-//W3C//DTD XHTML 1.0 Transitional//EN"
    "http://www.w3.org/TR/xhtml1/DTD/xhtml1-transitional.dtd">
<html xmlns="http://www.w3.org/1999/xhtml" xml:lang="en" lang="en">
 <head>
  <title>
</title>
<meta http-equiv="Content-Type" content="text/html;charset=utf-8" />
  <meta name='ocr-system' content='tesseract 3.04.00' />
  <meta name='ocr-capabilities' content='ocr_page ocr_carea ocr_par ocr_line ocrx_word'/>
</head>
<body>
  <div class='ocr_page' id='page_1' title='image "./philosophiavetus02duhauoft_0197.png"; bbox 0 0 1878 2724; ppageno 0'>
   <div class='ocr_carea' id='block_1_1' title="bbox 64 125 1472 2092">
    <p class='ocr_par' dir='ltr' id='par_1_1' title="bbox 385 125 1470 170">
     <span class='ocr_line' id='line_1_1' title="bbox 385 125 1470 170; baseline 0.003 -3"><span class='ocrx_word' id='word_1_1' title='bbox 385 125 746 167; x_wconf 69' lang='lat' dir='ltr'>TRACT&#39;ATUS</span> <span class='ocrx_word' id='word_1_2' title='bbox 782 126 1108 166; x_wconf 79' lang='lat' dir='ltr'><strong>SECUNDUS.</strong></span> <span class='ocrx_word' id='word_1_3' title='bbox 1424 137 1470 170; x_wconf 80' lang='lat'>18-</span> 
     </span>
    </p>

    <p class='ocr_par' dir='ltr' id='par_1_2' title="bbox 108 159 1469 230">
     <span class='ocr_line' id='line_1_2' title="bbox 108 159 1469 230; baseline -0.001 -11"><span class='ocrx_word' id='word_1_4' title='bbox 108 179 235 221; x_wconf 73' lang='lat' dir='ltr'>2⁰‘lllud</span> <span class='ocrx_word' id='word_1_5' title='bbox 245 190 378 229; x_wconf 88' lang='lat' dir='ltr'>quoque</span> <span class='ocrx_word' id='word_1_6' title='bbox 395 181 632 229; x_wconf 81' lang='lat' dir='ltr'>experimentis</span> <span class='ocrx_word' id='word_1_7' title='bbox 647 191 853 230; x_wconf 85' lang='lat' dir='ltr'>compertum</span> <span class='ocrx_word' id='word_1_8' title='bbox 866 178 923 222; x_wconf 90' lang='lat' dir='ltr'>est,</span> <span class='ocrx_word' id='word_1_9' title='bbox 937 190 1132 227; x_wconf 77' lang='lat' dir='ltr'>perpaucum</span> <span class='ocrx_word' id='word_1_10' title='bbox 1145 190 1254 215; x_wconf 83' lang='lat' dir='ltr'>aerem</span> <span class='ocrx_word' id='word_1_11' title='bbox 1275 179 1291 216; x_wconf 85' lang='grc' dir='ltr'>ὲ</span> <span class='ocrx_word' id='word_1_12' title='bbox 1315 159 1469 219; x_wconf 55' lang='grc' dir='ltr'>ῑῑιιόὶὼυὲ</span> 
     </span>
    </p>

    <p class='ocr_par' dir='ltr' id='par_1_3' title="bbox 81 226 1468 278">
     <span class='ocr_line' id='line_1_3' title="bbox 81 226 1468 278; baseline -0.002 -9"><span class='ocrx_word' id='word_1_13' title='bbox 81 232 240 269; x_wconf 79' lang='lat' dir='ltr'>exsiccatis</span> <span class='ocrx_word' id='word_1_14' title='bbox 258 229 359 265; x_wconf 90' lang='lat' dir='ltr'>educi.</span> <span class='ocrx_word' id='word_1_15' title='bbox 383 229 483 266; x_wconf 86' lang='lat' dir='ltr'>Unde</span> <span class='ocrx_word' id='word_1_16' title='bbox 500 231 541 264; x_wconf 84' lang='lat' dir='ltr'>ex</span> <span class='ocrx_word' id='word_1_17' title='bbox 561 230 630 263; x_wconf 91' lang='lat' dir='ltr'>uvis</span> <span class='ocrx_word' id='word_1_18' title='bbox 652 227 812 264; x_wconf 81' lang='lat' dir='ltr'>exsiccatis</span> <span class='ocrx_word' id='word_1_19' title='bbox 827 229 860 262; x_wconf 85' lang='lat' dir='ltr'>in</span> <span class='ocrx_word' id='word_1_20' title='bbox 876 239 976 263; x_wconf 67' lang='lat' dir='ltr'>vauro</span> <span class='ocrx_word' id='word_1_21' title='bbox 989 226 1152 263; x_wconf 71' lang='lat' dir='ltr'>asservatis</span> <span class='ocrx_word' id='word_1_22' title='bbox 1167 257 1177 272; x_wconf 85' lang='lat'>‚</span> <span class='ocrx_word' id='word_1_23' title='bbox 1200 241 1371 278; x_wconf 77' lang='lat' dir='ltr'>perparum</span> <span class='ocrx_word' id='word_1_24' title='bbox 1387 235 1468 266; x_wconf 80' lang='lat' dir='ltr'>aeris</span> 
     </span>
    </p>

    <p class='ocr_par' dir='ltr' id='par_1_4' title="bbox 78 276 1468 377">
     <span class='ocr_line' id='line_1_4' title="bbox 78 276 1468 327; baseline -0.001 -10"><span class='ocrx_word' id='word_1_25' title='bbox 78 281 198 318; x_wconf 64' lang='lat' dir='ltr'>factitii</span> <span class='ocrx_word' id='word_1_26' title='bbox 212 281 295 314; x_wconf 87' lang='lat' dir='ltr'>intra</span> <span class='ocrx_word' id='word_1_27' title='bbox 310 278 454 314; x_wconf 87' lang='lat' dir='ltr'>mensem</span> <span class='ocrx_word' id='word_1_28' title='bbox 466 279 636 327; x_wconf 85' lang='lat' dir='ltr'>prodiit‚ur</span> <span class='ocrx_word' id='word_1_29' title='bbox 650 279 852 312; x_wconf 82' lang='lat' dir='ltr'>Mercurium</span> <span class='ocrx_word' id='word_1_30' title='bbox 866 277 905 311; x_wconf 91' lang='lat' dir='ltr'>ad</span> <span class='ocrx_word' id='word_1_31' title='bbox 920 276 972 312; x_wconf 83' lang='lat' dir='ltr'>sex</span> <span class='ocrx_word' id='word_1_32' title='bbox 985 277 1103 326; x_wconf 83' lang='lat' dir='ltr'>digitos</span> <span class='ocrx_word' id='word_1_33' title='bbox 1115 280 1170 313; x_wconf 89' lang='lat' dir='ltr'>vix</span> <span class='ocrx_word' id='word_1_34' title='bbox 1182 279 1357 315; x_wconf 85' lang='lat' dir='ltr'>attolleret.</span> <span class='ocrx_word' id='word_1_35' title='bbox 1378 281 1468 316; x_wconf 83' lang='lat' dir='ltr'>Idem</span> 
     </span>
     <span class='ocr_line' id='line_1_5' title="bbox 78 326 846 377; baseline -0.008 -13"><span class='ocrx_word' id='word_1_36' title='bbox 78 332 113 367; x_wconf 87' lang='lat' dir='ltr'>in</span> <span class='ocrx_word' id='word_1_37' title='bbox 126 328 248 365; x_wconf 76' lang='lat' dir='ltr'>ficubus</span> <span class='ocrx_word' id='word_1_38' title='bbox 259 334 291 366; x_wconf 76' lang='grc' dir='ltr'>δι</span> <span class='ocrx_word' id='word_1_39' title='bbox 302 330 414 377; x_wconf 86' lang='lat' dir='ltr'>prunis</span> <span class='ocrx_word' id='word_1_40' title='bbox 423 326 543 363; x_wconf 82' lang='lat' dir='ltr'>siccatis</span> <span class='ocrx_word' id='word_1_41' title='bbox 559 338 766 376; x_wconf 86' lang='lat' dir='ltr'>compertum</span> <span class='ocrx_word' id='word_1_42' title='bbox 784 327 846 363; x_wconf 12' lang='lat' dir='ltr'>est..</span> 
     </span>
    </p>

    <p class='ocr_par' dir='ltr' id='par_1_5' title="bbox 77 375 1469 574">
     <span class='ocr_line' id='line_1_6' title="bbox 115 375 1469 428; baseline 0.003 -15"><span class='ocrx_word' id='word_1_43' title='bbox 115 378 275 428; x_wconf 83' lang='lat' dir='ltr'>Qaedam</span> <span class='ocrx_word' id='word_1_44' title='bbox 285 377 404 426; x_wconf 82' lang='lat' dir='ltr'>plantae</span> <span class='ocrx_word' id='word_1_45' title='bbox 416 388 471 412; x_wconf 86' lang='lat' dir='ltr'>aut</span> <span class='ocrx_word' id='word_1_46' title='bbox 484 376 619 420; x_wconf 66' lang='lat' dir='ltr'>fructus,</span> <span class='ocrx_word' id='word_1_47' title='bbox 634 389 707 411; x_wconf 89' lang='lat' dir='ltr'>cum</span> <span class='ocrx_word' id='word_1_48' title='bbox 724 375 901 425; x_wconf 85' lang='lat' dir='ltr'>putrescere</span> <span class='ocrx_word' id='word_1_49' title='bbox 920 377 1154 424; x_wconf 81' lang='lat' dir='ltr'>incipiunt‚jam</span> <span class='ocrx_word' id='word_1_50' title='bbox 1166 387 1273 411; x_wconf 87' lang='lat' dir='ltr'>toturn</span> <span class='ocrx_word' id='word_1_51' title='bbox 1288 389 1371 425; x_wconf 86' lang='lat' dir='ltr'>pene</span> <span class='ocrx_word' id='word_1_52' title='bbox 1381 379 1469 418; x_wconf 83' lang='lat' dir='ltr'>suum</span> 
     </span>
     <span class='ocr_line' id='line_1_7' title="bbox 82 424 1467 476; baseline -0.001 -12"><span class='ocrx_word' id='word_1_53' title='bbox 82 439 194 464; x_wconf 76' lang='lat' dir='ltr'>aerem</span> <span class='ocrx_word' id='word_1_54' title='bbox 216 427 442 476; x_wconf 68' lang='lat' dir='ltr'>praebuerunt:</span> <span class='ocrx_word' id='word_1_55' title='bbox 460 425 500 462; x_wconf 80' lang='lat' dir='ltr'>fic</span> <span class='ocrx_word' id='word_1_56' title='bbox 514 425 642 462; x_wconf 59' lang='lat' dir='ltr'>dissecta</span> <span class='ocrx_word' id='word_1_57' title='bbox 652 424 782 462; x_wconf 63' lang='lat' dir='ltr'>brassica</span> <span class='ocrx_word' id='word_1_58' title='bbox 796 429 882 460; x_wconf 87' lang='lat' dir='ltr'>intra</span> <span class='ocrx_word' id='word_1_59' title='bbox 898 439 924 472; x_wconf 85' lang='lat'>5.</span> <span class='ocrx_word' id='word_1_60' title='bbox 947 425 1015 459; x_wconf 85' lang='lat' dir='ltr'>dies</span> <span class='ocrx_word' id='word_1_61' title='bbox 1027 427 1227 460; x_wconf 79' lang='lat' dir='ltr'>Mercurium</span> <span class='ocrx_word' id='word_1_62' title='bbox 1236 427 1276 460; x_wconf 86' lang='lat' dir='ltr'>ad</span> <span class='ocrx_word' id='word_1_63' title='bbox 1290 426 1334 461; x_wconf 89' lang='lat' dir='ltr'>sui</span> <span class='ocrx_word' id='word_1_64' title='bbox 1352 429 1467 465; x_wconf 74' lang='lat' dir='ltr'>iridi’cis</span> 
     </span>
     <span class='ocr_line' id='line_1_8' title="bbox 77 471 1468 526; baseline -0.001 -13"><span class='ocrx_word' id='word_1_65' title='bbox 77 480 207 526; x_wconf 81' lang='lat' dir='ltr'>apicem</span> <span class='ocrx_word' id='word_1_66' title='bbox 222 480 256 511; x_wconf 88' lang='lat' dir='ltr'>in</span> <span class='ocrx_word' id='word_1_67' title='bbox 269 487 373 511; x_wconf 86' lang='lat' dir='ltr'>vacuo</span> <span class='ocrx_word' id='word_1_68' title='bbox 384 476 563 525; x_wconf 83' lang='lat' dir='ltr'>recipiente</span> <span class='ocrx_word' id='word_1_69' title='bbox 572 474 688 510; x_wconf 85' lang='lat' dir='ltr'>extulit</span> <span class='ocrx_word' id='word_1_70' title='bbox 700 490 710 518; x_wconf 88' lang='lat'>·,</span> <span class='ocrx_word' id='word_1_71' title='bbox 721 473 907 511; x_wconf 76' lang='lat' dir='ltr'>tumlibero</span> <span class='ocrx_word' id='word_1_72' title='bbox 920 476 988 507; x_wconf 88' lang='lat' dir='ltr'>aeri</span> <span class='ocrx_word' id='word_1_73' title='bbox 998 472 1136 522; x_wconf 79' lang='lat' dir='ltr'>expolita</span> <span class='ocrx_word' id='word_1_74' title='bbox 1152 486 1208 523; x_wconf 85' lang='lat' dir='ltr'>per</span> <span class='ocrx_word' id='word_1_75' title='bbox 1222 475 1301 510; x_wconf 87' lang='lat' dir='ltr'>duos</span> <span class='ocrx_word' id='word_1_76' title='bbox 1314 476 1381 512; x_wconf 90' lang='lat' dir='ltr'>dies</span> <span class='ocrx_word' id='word_1_77' title='bbox 1396 503 1407 522; x_wconf 84' lang='lat'>,</span> <span class='ocrx_word' id='word_1_78' title='bbox 1431 471 1468 517; x_wconf 44' lang='lat'>⁵&amp;</span> 
     </span>
     <span class='ocr_line' id='line_1_9' title="bbox 77 521 1283 574; baseline -0.002 -13"><span class='ocrx_word' id='word_1_79' title='bbox 77 521 249 574; x_wconf 79' lang='lat' dir='ltr'>corrupta,</span> <span class='ocrx_word' id='word_1_80' title='bbox 266 528 386 560; x_wconf 81' lang='lat' dir='ltr'>iterur-n</span> <span class='ocrx_word' id='word_1_81' title='bbox 407 536 510 560; x_wconf 83' lang='lat' dir='ltr'>vacuo</span> <span class='ocrx_word' id='word_1_82' title='bbox 522 522 700 572; x_wconf 60' lang='lat' dir='ltr'>&#39;recipienti</span> <span class='ocrx_word' id='word_1_83' title='bbox 714 522 879 571; x_wconf 62' lang='lat' dir='ltr'>imposta,</span> <span class='ocrx_word' id='word_1_84' title='bbox 900 534 1071 570; x_wconf 82' lang='lat' dir='ltr'>perparum</span> <span class='ocrx_word' id='word_1_85' title='bbox 1084 526 1165 558; x_wconf 85' lang='lat' dir='ltr'>aeris</span> <span class='ocrx_word' id='word_1_86' title='bbox 1184 523 1283 560; x_wconf 81' lang='lat' dir='ltr'>dedit.</span> 
     </span>
    </p>

    <p class='ocr_par' dir='ltr' id='par_1_6' title="bbox 77 570 1468 672">
     <span class='ocr_line' id='line_1_10' title="bbox 113 570 1468 622; baseline -0.001 -10"><span class='ocrx_word' id='word_1_87' title='bbox 113 583 142 622; x_wconf 83' lang='lat'>30</span> <span class='ocrx_word' id='word_1_88' title='bbox 155 574 252 612; x_wconf 90' lang='lat' dir='ltr'>Nihil</span> <span class='ocrx_word' id='word_1_89' title='bbox 271 586 365 622; x_wconf 88' lang='lat' dir='ltr'>-aeque</span> <span class='ocrx_word' id='word_1_90' title='bbox 383 585 492 609; x_wconf 86' lang='lat' dir='ltr'>aerem</span> <span class='ocrx_word' id='word_1_91' title='bbox 506 570 609 608; x_wconf 84' lang='lat' dir='ltr'>efficit</span> <span class='ocrx_word' id='word_1_92' title='bbox 620 584 657 607; x_wconf 87' lang='lat' dir='ltr'>ac</span> <span class='ocrx_word' id='word_1_93' title='bbox 672 584 747 607; x_wconf 90' lang='lat' dir='ltr'>caro</span> <span class='ocrx_word' id='word_1_94' title='bbox 760 600 770 616; x_wconf 91' lang='lat'>‚</span> <span class='ocrx_word' id='word_1_95' title='bbox 788 573 886 619; x_wconf 86' lang='lat' dir='ltr'>idque</span> <span class='ocrx_word' id='word_1_96' title='bbox 910 574 1052 607; x_wconf 82' lang='lat' dir='ltr'>maxime</span> <span class='ocrx_word' id='word_1_97' title='bbox 1077 585 1151 606; x_wconf 89' lang='lat' dir='ltr'>cum</span> <span class='ocrx_word' id='word_1_98' title='bbox 1165 573 1337 621; x_wconf 88' lang='lat' dir='ltr'>putrescit,</span> <span class='ocrx_word' id='word_1_99' title='bbox 1357 588 1468 612; x_wconf 80' lang='lat' dir='ltr'>contra</span> 
     </span>
     <span class='ocr_line' id='line_1_11' title="bbox 77 619 1228 672; baseline -0.001 -13"><span class='ocrx_word' id='word_1_100' title='bbox 77 636 176 672; x_wconf 87' lang='lat' dir='ltr'>atque</span> <span class='ocrx_word' id='word_1_101' title='bbox 185 626 219 659; x_wconf 89' lang='lat' dir='ltr'>in</span> <span class='ocrx_word' id='word_1_102' title='bbox 231 622 392 659; x_wconf 64' lang='lat' dir='ltr'>fructibus</span> <span class='ocrx_word' id='word_1_103' title='bbox 410 635 419 658; x_wconf 78' lang='grc' dir='ltr'><strong><em>ε</em></strong></span> <span class='ocrx_word' id='word_1_104' title='bbox 436 622 499 658; x_wconf 82' lang='lat' dir='ltr'>hoc</span> <span class='ocrx_word' id='word_1_105' title='bbox 514 624 627 669; x_wconf 87' lang='lat' dir='ltr'>utique</span> <span class='ocrx_word' id='word_1_106' title='bbox 641 623 673 656; x_wconf 90' lang='lat' dir='ltr'>in</span> <span class='ocrx_word' id='word_1_107' title='bbox 688 633 785 656; x_wconf 87' lang='lat' dir='ltr'>carne</span> <span class='ocrx_word' id='word_1_108' title='bbox 797 620 922 656; x_wconf 87' lang='lat' dir='ltr'>bubula</span> <span class='ocrx_word' id='word_1_109' title='bbox 935 620 998 655; x_wconf 89' lang='lat' dir='ltr'>fuit</span> <span class='ocrx_word' id='word_1_110' title='bbox 1010 619 1228 658; x_wconf 84' lang='lat' dir='ltr'>observatum.</span> 
     </span>
    </p>

    <p class='ocr_par' dir='ltr' id='par_1_7' title="bbox 64 669 1472 1254">
     <span class='ocr_line' id='line_1_12' title="bbox 115 669 1468 720; baseline 0.002 -13"><span class='ocrx_word' id='word_1_111' title='bbox 115 681 158 717; x_wconf 81' lang='lat'>4⁰</span> <span class='ocrx_word' id='word_1_112' title='bbox 172 675 237 708; x_wconf 86' lang='lat' dir='ltr'>Lac</span> <span class='ocrx_word' id='word_1_113' title='bbox 247 678 304 720; x_wconf 83' lang='lat' dir='ltr'>pe&#39;r</span> <span class='ocrx_word' id='word_1_114' title='bbox 317 671 504 719; x_wconf 75' lang='lat' dir='ltr'>quindecim</span> <span class='ocrx_word' id='word_1_115' title='bbox 519 670 589 706; x_wconf 63' lang='lat' dir='ltr'>§ere</span> <span class='ocrx_word' id='word_1_116' title='bbox 603 671 716 705; x_wconf 83' lang='lat' dir='ltr'>diesin</span> <span class='ocrx_word' id='word_1_117' title='bbox 730 672 909 718; x_wconf 82' lang='lat' dir='ltr'>recipiente</span> <span class='ocrx_word' id='word_1_118' title='bbox 924 682 1029 704; x_wconf 83' lang='lat' dir='ltr'>vacuo</span> <span class='ocrx_word' id='word_1_119' title='bbox 1051 669 1234 706; x_wconf 87' lang='lat' dir='ltr'>conclusum</span> <span class='ocrx_word' id='word_1_120' title='bbox 1248 701 1261 716; x_wconf 78' lang='lat'>‚</span> <span class='ocrx_word' id='word_1_121' title='bbox 1276 684 1349 708; x_wconf 84' lang='lat' dir='ltr'>nou-</span> <span class='ocrx_word' id='word_1_122' title='bbox 1362 673 1468 711; x_wconf 84' lang='lat' dir='ltr'>statim</span> 
     </span>
     <span class='ocr_line' id='line_1_13' title="bbox 64 718 1469 771; baseline 0.001 -14"><span class='ocrx_word' id='word_1_123' title='bbox 64 726 185 757; x_wconf 72' lang='lat' dir='ltr'>¹aerem</span> <span class='ocrx_word' id='word_1_124' title='bbox 202 721 376 770; x_wconf 68' lang='lat' dir='ltr'>produxit,</span> <span class='ocrx_word' id='word_1_125' title='bbox 402 719 455 759; x_wconf 86' lang='lat' dir='ltr'>sed</span> <span class='ocrx_word' id='word_1_126' title='bbox 474 728 508 755; x_wconf 72' lang='lat' dir='ltr'>tra</span> <span class='ocrx_word' id='word_1_127' title='bbox 525 719 643 755; x_wconf 84' lang='lat' dir='ltr'>multas</span> <span class='ocrx_word' id='word_1_128' title='bbox 655 718 759 754; x_wconf 86' lang='lat' dir='ltr'>bullas</span> <span class='ocrx_word' id='word_1_129' title='bbox 769 722 944 763; x_wconf 85' lang='lat' dir='ltr'>intumuit,</span> <span class='ocrx_word' id='word_1_130' title='bbox 969 731 1007 753; x_wconf 81' lang='lat' dir='ltr'>ac</span> <span class='ocrx_word' id='word_1_131' title='bbox 1015 720 1236 767; x_wconf 77' lang='lat' dir='ltr'>postquamor</span> <span class='ocrx_word' id='word_1_132' title='bbox 1253 733 1309 757; x_wconf 87' lang='lat' dir='ltr'>aut</span> <span class='ocrx_word' id='word_1_133' title='bbox 1326 726 1469 771; x_wconf 85' lang='lat' dir='ltr'>quinque</span> 
     </span>
     <span class='ocr_line' id='line_1_14' title="bbox 75 767 1468 819; baseline 0.002 -13"><span class='ocrx_word' id='word_1_134' title='bbox 75 771 143 806; x_wconf 83' lang='lat' dir='ltr'>dies</span> <span class='ocrx_word' id='word_1_135' title='bbox 150 769 354 819; x_wconf 68' lang='lat' dir='ltr'>coagulatum</span> <span class='ocrx_word' id='word_1_136' title='bbox 363 770 598 818; x_wconf 81' lang='lat' dir='ltr'>appatuit‚cum</span> <span class='ocrx_word' id='word_1_137' title='bbox 607 768 658 804; x_wconf 75' lang='lat' dir='ltr'>iac</span> <span class='ocrx_word' id='word_1_138' title='bbox 666 770 697 804; x_wconf 89' lang='lat' dir='ltr'>in</span> <span class='ocrx_word' id='word_1_139' title='bbox 713 780 788 803; x_wconf 81' lang='lat' dir='ltr'>aere</span> <span class='ocrx_word' id='word_1_140' title='bbox 798 767 1064 804; x_wconf 71' lang='lat' dir='ltr'>liberatelietum</span> <span class='ocrx_word' id='word_1_141' title='bbox 1074 773 1142 818; x_wconf 74' lang='lat' dir='ltr'>Jam</span> <span class='ocrx_word' id='word_1_142' title='bbox 1151 770 1226 817; x_wconf 83' lang='lat' dir='ltr'>post</span> <span class='ocrx_word' id='word_1_143' title='bbox 1236 771 1380 807; x_wconf 82' lang='lat' dir='ltr'>triduum</span> <span class='ocrx_word' id='word_1_144' title='bbox 1388 771 1468 809; x_wconf 78' lang='lat' dir='ltr'>effer</span> 
     </span>
     <span class='ocr_line' id='line_1_15' title="bbox 76 817 1470 869; baseline -0.001 -13"><span class='ocrx_word' id='word_1_145' title='bbox 76 817 295 869; x_wconf 68' lang='lat' dir='ltr'>eoagulatum.</span> <span class='ocrx_word' id='word_1_146' title='bbox 315 820 452 856; x_wconf 66' lang='lat' dir='ltr'>Perao&#39;ko</span> <span class='ocrx_word' id='word_1_147' title='bbox 464 817 572 854; x_wconf 85' lang='lat' dir='ltr'>mense</span> <span class='ocrx_word' id='word_1_148' title='bbox 589 817 640 852; x_wconf 81' lang='lat' dir='ltr'>lac</span> <span class='ocrx_word' id='word_1_149' title='bbox 656 819 689 853; x_wconf 83' lang='lat' dir='ltr'>in</span> <span class='ocrx_word' id='word_1_150' title='bbox 711 829 811 853; x_wconf 80' lang='lat' dir='ltr'>vacuo</span> <span class='ocrx_word' id='word_1_151' title='bbox 823 817 1029 867; x_wconf 79' lang='lat' dir='ltr'>coagulatum</span> <span class='ocrx_word' id='word_1_152' title='bbox 1043 820 1190 864; x_wconf 56' lang='lat' dir='ltr'>perstitig</span> <span class='ocrx_word' id='word_1_153' title='bbox 1205 819 1282 855; x_wconf 86' lang='lat' dir='ltr'>dum</span> <span class='ocrx_word' id='word_1_154' title='bbox 1291 820 1378 856; x_wconf 87' lang='lat' dir='ltr'>aliud</span> <span class='ocrx_word' id='word_1_155' title='bbox 1396 834 1470 857; x_wconf 86' lang='lat' dir='ltr'>ver-</span> 
     </span>
     <span class='ocr_line' id='line_1_16' title="bbox 77 865 1469 918; baseline -0.001 -14"><span class='ocrx_word' id='word_1_156' title='bbox 77 869 185 904; x_wconf 67' lang='lat' dir='ltr'>:nibus</span> <span class='ocrx_word' id='word_1_157' title='bbox 195 867 347 905; x_wconf 81' lang='lat' dir='ltr'>scatebat.</span> <span class='ocrx_word' id='word_1_158' title='bbox 356 869 393 903; x_wconf 78' lang='lat' dir='ltr'>Id</span> <span class='ocrx_word' id='word_1_159' title='bbox 402 867 566 904; x_wconf 63' lang='lat' dir='ltr'>machinae</span> <span class='ocrx_word' id='word_1_160' title='bbox 577 865 762 915; x_wconf 72' lang='lat' dir='ltr'>impolitum</span> <span class='ocrx_word' id='word_1_161' title='bbox 772 867 893 902; x_wconf 74' lang='grc' dir='ltr'>εάυᾶο</span> <span class='ocrx_word' id='word_1_162' title='bbox 902 879 977 901; x_wconf 84' lang='lat' dir='ltr'>aere</span> <span class='ocrx_word' id='word_1_163' title='bbox 993 869 1027 902; x_wconf 88' lang='lat' dir='ltr'>in</span> <span class='ocrx_word' id='word_1_164' title='bbox 1045 867 1146 903; x_wconf 87' lang='lat' dir='ltr'>bullas</span> <span class='ocrx_word' id='word_1_165' title='bbox 1167 871 1368 918; x_wconf 82' lang='lat' dir='ltr'>praegrandes</span> <span class='ocrx_word' id='word_1_166' title='bbox 1384 874 1469 907; x_wconf 84' lang='lat' dir='ltr'>intu-</span> 
     </span>
     <span class='ocr_line' id='line_1_17' title="bbox 77 915 1469 968; baseline 0.001 -13"><span class='ocrx_word' id='word_1_167' title='bbox 77 920 162 955; x_wconf 82' lang='lat' dir='ltr'>muit</span> <span class='ocrx_word' id='word_1_168' title='bbox 173 947 183 962; x_wconf 88' lang='lat'>,</span> <span class='ocrx_word' id='word_1_169' title='bbox 202 917 252 953; x_wconf 89' lang='lat' dir='ltr'>sed</span> <span class='ocrx_word' id='word_1_170' title='bbox 268 917 372 954; x_wconf 84' lang='lat' dir='ltr'>nullus</span> <span class='ocrx_word' id='word_1_171' title='bbox 383 916 575 952; x_wconf 84' lang='lat' dir='ltr'>vermiculus</span> <span class='ocrx_word' id='word_1_172' title='bbox 589 927 737 952; x_wconf 88' lang='lat' dir='ltr'>mortuus</span> <span class='ocrx_word' id='word_1_173' title='bbox 749 916 793 950; x_wconf 79' lang='lat' dir='ltr'>est</span> <span class='ocrx_word' id='word_1_174' title='bbox 803 927 941 964; x_wconf 89' lang='lat' dir='ltr'>quatuor</span> <span class='ocrx_word' id='word_1_175' title='bbox 955 915 1106 952; x_wconf 82' lang='lat' dir='ltr'>horarum</span> <span class='ocrx_word' id='word_1_176' title='bbox 1115 917 1228 966; x_wconf 84' lang='lat' dir='ltr'>spatio.</span> <span class='ocrx_word' id='word_1_177' title='bbox 1254 919 1326 954; x_wconf 74' lang='lat' dir='ltr'>1³0st</span> <span class='ocrx_word' id='word_1_178' title='bbox 1346 920 1469 968; x_wconf 83' lang='lat' dir='ltr'>aliquot</span> 
     </span>
     <span class='ocr_line' id='line_1_18' title="bbox 76 963 1471 1014; baseline 0.001 -12"><span class='ocrx_word' id='word_1_179' title='bbox 76 966 202 1003; x_wconf 83' lang='lat' dir='ltr'>menses</span> <span class='ocrx_word' id='word_1_180' title='bbox 217 965 318 1002; x_wconf 79' lang='lat' dir='ltr'>serum</span> <span class='ocrx_word' id='word_1_181' title='bbox 333 969 418 1002; x_wconf 80' lang='lat' dir='ltr'>inter</span> <span class='ocrx_word' id='word_1_182' title='bbox 426 964 661 1014; x_wconf 54' lang='lat' dir='ltr'>britayrosam·&amp;</span> <span class='ocrx_word' id='word_1_183' title='bbox 676 963 835 1000; x_wconf 68' lang='lat' dir='ltr'>caseosam</span> <span class='ocrx_word' id='word_1_184' title='bbox 849 977 978 1013; x_wconf 72' lang='lat' dir='ltr'>partem</span> <span class='ocrx_word' id='word_1_185' title='bbox 993 964 1179 1002; x_wconf 62' lang='lat' dir='ltr'>fluctuabat</span> <span class='ocrx_word' id='word_1_186' title='bbox 1189 984 1199 1010; x_wconf 77' lang='lat' dir='ltr'>i</span> <span class='ocrx_word' id='word_1_187' title='bbox 1211 966 1265 1003; x_wconf 88' lang='lat' dir='ltr'>sed</span> <span class='ocrx_word' id='word_1_188' title='bbox 1280 970 1401 1005; x_wconf 69' lang='lat' dir='ltr'>exa&amp;o</span> <span class='ocrx_word' id='word_1_189' title='bbox 1411 983 1471 1006; x_wconf 84' lang='lat' dir='ltr'>an..</span> 
     </span>
     <span class='ocr_line' id='line_1_19' title="bbox 76 1013 1472 1067; baseline 0.001 -15"><span class='ocrx_word' id='word_1_190' title='bbox 76 1029 123 1053; x_wconf 87' lang='lat' dir='ltr'>no</span> <span class='ocrx_word' id='word_1_191' title='bbox 136 1028 211 1051; x_wconf 89' lang='lat' dir='ltr'>cum</span> <span class='ocrx_word' id='word_1_192' title='bbox 230 1015 299 1051; x_wconf 84' lang='lat' dir='ltr'>aliis</span> <span class='ocrx_word' id='word_1_193' title='bbox 314 1014 457 1065; x_wconf 79' lang='lat' dir='ltr'>partibus</span> <span class='ocrx_word' id='word_1_194' title='bbox 473 1013 643 1051; x_wconf 79' lang='lat' dir='ltr'>confusum</span> <span class='ocrx_word' id='word_1_195' title='bbox 656 1014 703 1048; x_wconf 79' lang='lat' dir='ltr'>est</span> <span class='ocrx_word' id='word_1_196' title='bbox 721 1027 730 1049; x_wconf 73' lang='grc' dir='ltr'><strong><em>ε</em></strong></span> <span class='ocrx_word' id='word_1_197' title='bbox 750 1026 788 1049; x_wconf 87' lang='lat' dir='ltr'>ac</span> <span class='ocrx_word' id='word_1_198' title='bbox 808 1013 902 1051; x_wconf 80' lang='lat' dir='ltr'>brevi</span> <span class='ocrx_word' id='word_1_199' title='bbox 925 1015 1000 1063; x_wconf 78' lang='lat' dir='ltr'>post</span> <span class='ocrx_word' id='word_1_200' title='bbox 1024 1027 1174 1065; x_wconf 85' lang='lat' dir='ltr'>tempore</span> <span class='ocrx_word' id='word_1_201' title='bbox 1196 1016 1346 1066; x_wconf 82' lang='lat' dir='ltr'>butyrosa</span> <span class='ocrx_word' id='word_1_202' title='bbox 1363 1023 1472 1067; x_wconf 89' lang='lat' dir='ltr'>portio</span> 
     </span>
     <span class='ocr_line' id='line_1_20' title="bbox 76 1063 1472 1115; baseline 0.004 -16"><span class='ocrx_word' id='word_1_203' title='bbox 76 1067 210 1101; x_wconf 78' lang='lat' dir='ltr'>evanuit</span> <span class='ocrx_word' id='word_1_204' title='bbox 223 1094 232 1109; x_wconf 91' lang='lat'>‚</span> <span class='ocrx_word' id='word_1_205' title='bbox 245 1070 279 1103; x_wconf 73' lang='grc' dir='ltr'>δε</span> <span class='ocrx_word' id='word_1_206' title='bbox 294 1065 344 1100; x_wconf 84' lang='lat' dir='ltr'>lac</span> <span class='ocrx_word' id='word_1_207' title='bbox 357 1064 512 1112; x_wconf 84' lang='lat' dir='ltr'>tantisper</span> <span class='ocrx_word' id='word_1_208' title='bbox 520 1063 607 1100; x_wconf 83' lang='lat' dir='ltr'>male</span> <span class='ocrx_word' id='word_1_209' title='bbox 620 1063 709 1098; x_wconf 84' lang='lat' dir='ltr'>olere</span> <span class='ocrx_word' id='word_1_210' title='bbox 720 1065 825 1112; x_wconf 79' lang='lat' dir='ltr'>coepit</span> <span class='ocrx_word' id='word_1_211' title='bbox 838 1092 848 1107; x_wconf 86' lang='lat'>,</span> <span class='ocrx_word' id='word_1_212' title='bbox 869 1076 929 1099; x_wconf 82' lang='lat' dir='ltr'>nec</span> <span class='ocrx_word' id='word_1_213' title='bbox 941 1076 1066 1100; x_wconf 83' lang='lat' dir='ltr'>vermes</span> <span class='ocrx_word' id='word_1_214' title='bbox 1091 1066 1252 1113; x_wconf 83' lang='lat' dir='ltr'>produxit.</span> <span class='ocrx_word' id='word_1_215' title='bbox 1279 1070 1323 1102; x_wconf 84' lang='lat' dir='ltr'>Ex</span> <span class='ocrx_word' id='word_1_216' title='bbox 1349 1068 1472 1115; x_wconf 80' lang='lat' dir='ltr'>quibus</span> 
     </span>
     <span class='ocr_line' id='line_1_21' title="bbox 75 1112 1471 1163; baseline 0 -14"><span class='ocrx_word' id='word_1_217' title='bbox 75 1113 190 1161; x_wconf 54' lang='lat' dir='ltr'>liquet*</span> <span class='ocrx_word' id='word_1_218' title='bbox 205 1112 470 1163; x_wconf 78' lang='lat' dir='ltr'>coagulationem</span> <span class='ocrx_word' id='word_1_219' title='bbox 500 1112 592 1148; x_wconf 67' lang='lat' dir='ltr'>laffls</span> <span class='ocrx_word' id='word_1_220' title='bbox 615 1114 649 1148; x_wconf 88' lang='lat' dir='ltr'>in</span> <span class='ocrx_word' id='word_1_221' title='bbox 673 1124 777 1147; x_wconf 89' lang='lat' dir='ltr'>vacuo</span> <span class='ocrx_word' id='word_1_222' title='bbox 809 1114 964 1148; x_wconf 80' lang='lat' dir='ltr'>retardari</span> <span class='ocrx_word' id='word_1_223' title='bbox 984 1129 994 1155; x_wconf 85' lang='lat'>;</span> <span class='ocrx_word' id='word_1_224' title='bbox 1019 1113 1174 1161; x_wconf 78' lang='lat' dir='ltr'>butyrum</span> <span class='ocrx_word' id='word_1_225' title='bbox 1189 1143 1199 1158; x_wconf 91' lang='lat'><em>‚</em></span> <span class='ocrx_word' id='word_1_226' title='bbox 1233 1115 1336 1150; x_wconf 84' lang='lat' dir='ltr'>serum</span> <span class='ocrx_word' id='word_1_227' title='bbox 1360 1123 1395 1154; x_wconf 89' lang='lat'>&amp;</span> <span class='ocrx_word' id='word_1_228' title='bbox 1416 1130 1471 1153; x_wconf 83' lang='lat' dir='ltr'>ca-</span> 
     </span>
     <span class='ocr_line' id='line_1_22' title="bbox 77 1159 1472 1216; baseline 0.001 -19"><span class='ocrx_word' id='word_1_229' title='bbox 77 1162 167 1198; x_wconf 88' lang='lat' dir='ltr'>seum</span> <span class='ocrx_word' id='word_1_230' title='bbox 181 1161 209 1199; x_wconf 68' lang='lat' dir='ltr'>a·</span> <span class='ocrx_word' id='word_1_231' title='bbox 219 1162 248 1198; x_wconf 87' lang='lat' dir='ltr'>se</span> <span class='ocrx_word' id='word_1_232' title='bbox 258 1173 371 1198; x_wconf 84' lang='lat' dir='ltr'>mutuo</span> <span class='ocrx_word' id='word_1_233' title='bbox 380 1161 500 1211; x_wconf 81' lang='lat' dir='ltr'>sejungi</span> <span class='ocrx_word' id='word_1_234' title='bbox 514 1178 523 1206; x_wconf 81' lang='lat'><em>3</em></span> <span class='ocrx_word' id='word_1_235' title='bbox 535 1173 597 1198; x_wconf 87' lang='lat' dir='ltr'>nec</span> <span class='ocrx_word' id='word_1_236' title='bbox 615 1162 747 1203; x_wconf 68' lang='lat' dir='ltr'>demum</span> <span class='ocrx_word' id='word_1_237' title='bbox 761 1159 811 1196; x_wconf 84' lang='lat' dir='ltr'>lac</span> <span class='ocrx_word' id='word_1_238' title='bbox 823 1163 856 1197; x_wconf 88' lang='lat' dir='ltr'>in</span> <span class='ocrx_word' id='word_1_239' title='bbox 871 1173 976 1198; x_wconf 82' lang='lat' dir='ltr'>vacuo</span> <span class='ocrx_word' id='word_1_240' title='bbox 986 1163 1166 1212; x_wconf 79' lang='lat' dir='ltr'>putrescere</span> <span class='ocrx_word' id='word_1_241' title='bbox 1179 1191 1191 1207; x_wconf 82' lang='grc'>,</span> <span class='ocrx_word' id='word_1_242' title='bbox 1205 1175 1260 1200; x_wconf 90' lang='lat' dir='ltr'>aut</span> <span class='ocrx_word' id='word_1_243' title='bbox 1274 1176 1402 1201; x_wconf 85' lang='lat' dir='ltr'>vermes</span> <span class='ocrx_word' id='word_1_244' title='bbox 1413 1179 1472 1216; x_wconf 86' lang='lat' dir='ltr'>ge..</span> 
     </span>
     <span class='ocr_line' id='line_1_23' title="bbox 76 1223 259 1254; baseline 0 -5"><span class='ocrx_word' id='word_1_245' title='bbox 76 1223 201 1249; x_wconf 88' lang='lat' dir='ltr'>nerare.</span> <span class='ocrx_word' id='word_1_246' title='bbox 256 1252 259 1254; x_wconf 61' lang='grc'>,</span> 
     </span>
    </p>

    <p class='ocr_par' dir='ltr' id='par_1_8' title="bbox 77 1257 1472 1456">
     <span class='ocr_line' id='line_1_24' title="bbox 123 1257 1472 1309; baseline 0.001 -14"><span class='ocrx_word' id='word_1_247' title='bbox 123 1259 231 1296; x_wconf 86' lang='lat' dir='ltr'>Simili</span> <span class='ocrx_word' id='word_1_248' title='bbox 242 1261 368 1295; x_wconf 85' lang='lat' dir='ltr'>ratione</span> <span class='ocrx_word' id='word_1_249' title='bbox 378 1260 470 1294; x_wconf 83' lang='lat' dir='ltr'>urina</span> <span class='ocrx_word' id='word_1_250' title='bbox 479 1261 512 1294; x_wconf 89' lang='lat' dir='ltr'>in</span> <span class='ocrx_word' id='word_1_251' title='bbox 524 1258 642 1294; x_wconf 83' lang='lat' dir='ltr'>eodem</span> <span class='ocrx_word' id='word_1_252' title='bbox 656 1257 730 1294; x_wconf 86' lang='lat' dir='ltr'>vase</span> <span class='ocrx_word' id='word_1_253' title='bbox 746 1258 900 1296; x_wconf 73' lang='lat' dir='ltr'>asservata</span> <span class='ocrx_word' id='word_1_254' title='bbox 913 1286 922 1303; x_wconf 93' lang='lat'><strong>,</strong></span> <span class='ocrx_word' id='word_1_255' title='bbox 944 1263 1157 1309; x_wconf 75' lang='lat' dir='ltr'>pammaetis</span> <span class='ocrx_word' id='word_1_256' title='bbox 1173 1261 1264 1296; x_wconf 69' lang='lat' dir='ltr'>dedit</span> <span class='ocrx_word' id='word_1_257' title='bbox 1276 1287 1285 1305; x_wconf 82' lang='lat'>,·</span> <span class='ocrx_word' id='word_1_258' title='bbox 1301 1268 1335 1299; x_wconf 61' lang='grc' dir='ltr'>δε</span> <span class='ocrx_word' id='word_1_259' title='bbox 1347 1276 1472 1300; x_wconf 86' lang='lat' dir='ltr'>mercu-</span> 
     </span>
     <span class='ocr_line' id='line_1_25' title="bbox 77 1308 1469 1359; baseline 0.003 -15"><span class='ocrx_word' id='word_1_260' title='bbox 77 1311 161 1344; x_wconf 84' lang='lat' dir='ltr'>rium</span> <span class='ocrx_word' id='word_1_261' title='bbox 174 1310 216 1345; x_wconf 83' lang='lat' dir='ltr'>ad</span> <span class='ocrx_word' id='word_1_262' title='bbox 230 1310 328 1344; x_wconf 86' lang='lat' dir='ltr'>trium</span> <span class='ocrx_word' id='word_1_263' title='bbox 343 1308 521 1357; x_wconf 82' lang='lat' dir='ltr'>digitorum</span> <span class='ocrx_word' id='word_1_264' title='bbox 530 1308 739 1344; x_wconf 83' lang='lat' dir='ltr'>altitudinem</span> <span class='ocrx_word' id='word_1_265' title='bbox 757 1308 895 1345; x_wconf 83' lang='lat' dir='ltr'>extulit:</span> <span class='ocrx_word' id='word_1_266' title='bbox 916 1321 954 1343; x_wconf 91' lang='lat' dir='ltr'>ac</span> <span class='ocrx_word' id='word_1_267' title='bbox 967 1320 1024 1357; x_wconf 81' lang='lat' dir='ltr'>pet</span> <span class='ocrx_word' id='word_1_268' title='bbox 1035 1320 1099 1345; x_wconf 89' lang='lat' dir='ltr'>tres</span> <span class='ocrx_word' id='word_1_269' title='bbox 1117 1312 1260 1359; x_wconf 79' lang='lat' dir='ltr'>integros</span> <span class='ocrx_word' id='word_1_270' title='bbox 1278 1312 1401 1348; x_wconf 85' lang='lat' dir='ltr'>menses</span> <span class='ocrx_word' id='word_1_271' title='bbox 1415 1320 1469 1348; x_wconf 74' lang='lat' dir='ltr'>vix</span> 
     </span>
     <span class='ocr_line' id='line_1_26' title="bbox 77 1357 1468 1406; baseline 0.003 -13"><span class='ocrx_word' id='word_1_272' title='bbox 77 1361 260 1395; x_wconf 50' lang='lat' dir='ltr'>immutata„</span> <span class='ocrx_word' id='word_1_273' title='bbox 273 1357 357 1402; x_wconf 70' lang='lat' dir='ltr'>fuit,</span> <span class='ocrx_word' id='word_1_274' title='bbox 380 1370 418 1393; x_wconf 86' lang='lat' dir='ltr'>ex</span> <span class='ocrx_word' id='word_1_275' title='bbox 432 1370 500 1404; x_wconf 86' lang='lat' dir='ltr'>quo</span> <span class='ocrx_word' id='word_1_276' title='bbox 522 1357 630 1406; x_wconf 80' lang='lat' dir='ltr'>palam</span> <span class='ocrx_word' id='word_1_277' title='bbox 657 1357 720 1393; x_wconf 86' lang='lat' dir='ltr'>fuit</span> <span class='ocrx_word' id='word_1_278' title='bbox 734 1360 863 1394; x_wconf 84' lang='lat' dir='ltr'>urinam</span> <span class='ocrx_word' id='word_1_279' title='bbox 893 1370 970 1405; x_wconf 71' lang='lat' dir='ltr'>quae</span> <span class='ocrx_word' id='word_1_280' title='bbox 993 1359 1039 1393; x_wconf 87' lang='lat' dir='ltr'>est</span> <span class='ocrx_word' id='word_1_281' title='bbox 1061 1358 1178 1394; x_wconf 88' lang='lat' dir='ltr'>humor</span> <span class='ocrx_word' id='word_1_282' title='bbox 1192 1364 1468 1406; x_wconf 77' lang='lat' dir='ltr'>excrementitius‚</span> 
     </span>
     <span class='ocr_line' id='line_1_27' title="bbox 78 1403 1286 1456; baseline 0.002 -13"><span class='ocrx_word' id='word_1_283' title='bbox 78 1407 184 1444; x_wconf 79' lang='lat' dir='ltr'>multo</span> <span class='ocrx_word' id='word_1_284' title='bbox 194 1409 299 1443; x_wconf 83' lang='lat' dir='ltr'>minus</span> <span class='ocrx_word' id='word_1_285' title='bbox 312 1409 393 1442; x_wconf 87' lang='lat' dir='ltr'>aeris</span> <span class='ocrx_word' id='word_1_286' title='bbox 405 1403 537 1442; x_wconf 85' lang='lat' dir='ltr'>efficere</span> <span class='ocrx_word' id='word_1_287' title='bbox 551 1435 561 1449; x_wconf 91' lang='lat'>,</span> <span class='ocrx_word' id='word_1_288' title='bbox 579 1406 678 1453; x_wconf 68' lang='lat' dir='ltr'>quam</span> <span class='ocrx_word' id='word_1_289' title='bbox 688 1404 738 1441; x_wconf 86' lang='lat' dir='ltr'>lac</span> <span class='ocrx_word' id='word_1_290' title='bbox 758 1407 860 1456; x_wconf 80' lang='lat' dir='ltr'>ipsum</span> <span class='ocrx_word' id='word_1_291' title='bbox 881 1408 968 1454; x_wconf 86' lang='lat' dir='ltr'>quod</span> <span class='ocrx_word' id='word_1_292' title='bbox 984 1408 1030 1442; x_wconf 84' lang='lat' dir='ltr'>est</span> <span class='ocrx_word' id='word_1_293' title='bbox 1048 1407 1286 1445; x_wconf 81' lang='lat' dir='ltr'>alimentitiutn.</span> 
     </span>
    </p>

    <p class='ocr_par' dir='ltr' id='par_1_9' title="bbox 77 1454 1471 1603">
     <span class='ocr_line' id='line_1_28' title="bbox 113 1454 1471 1506; baseline 0.003 -13"><span class='ocrx_word' id='word_1_294' title='bbox 113 1467 148 1504; x_wconf 85' lang='lat'>5⁰</span> <span class='ocrx_word' id='word_1_295' title='bbox 161 1459 187 1493; x_wconf 81' lang='lat' dir='ltr'><strong>E</strong></span> <span class='ocrx_word' id='word_1_296' title='bbox 201 1455 357 1493; x_wconf 71' lang='lat' dir='ltr'>fruct-ibus</span> <span class='ocrx_word' id='word_1_297' title='bbox 370 1458 482 1492; x_wconf 82' lang='lat' dir='ltr'>etiam·</span> <span class='ocrx_word' id='word_1_298' title='bbox 489 1454 671 1490; x_wconf 85' lang='lat' dir='ltr'>durioribus</span> <span class='ocrx_word' id='word_1_299' title='bbox 682 1468 749 1492; x_wconf 90' lang='lat' dir='ltr'>non</span> <span class='ocrx_word' id='word_1_300' title='bbox 762 1468 875 1505; x_wconf 83' lang='lat' dir='ltr'>parum</span> <span class='ocrx_word' id='word_1_301' title='bbox 882 1459 964 1490; x_wconf 87' lang='lat' dir='ltr'>aeris</span> <span class='ocrx_word' id='word_1_302' title='bbox 976 1458 1009 1491; x_wconf 91' lang='lat' dir='ltr'>in</span> <span class='ocrx_word' id='word_1_303' title='bbox 1024 1468 1126 1493; x_wconf 77' lang='lat' dir='ltr'>vacuo</span> <span class='ocrx_word' id='word_1_304' title='bbox 1135 1458 1322 1506; x_wconf 86' lang='lat' dir='ltr'>producitur</span> <span class='ocrx_word' id='word_1_305' title='bbox 1335 1474 1343 1496; x_wconf 90' lang='lat'>:</span> <span class='ocrx_word' id='word_1_306' title='bbox 1354 1459 1394 1495; x_wconf 84' lang='lat' dir='ltr'>sic</span> <span class='ocrx_word' id='word_1_307' title='bbox 1409 1475 1471 1497; x_wconf 88' lang='lat' dir='ltr'>nu-</span> 
     </span>
     <span class='ocr_line' id='line_1_29' title="bbox 77 1503 1469 1556; baseline 0.003 -14"><span class='ocrx_word' id='word_1_308' title='bbox 77 1518 131 1542; x_wconf 85' lang='lat' dir='ltr'>ees</span> <span class='ocrx_word' id='word_1_309' title='bbox 143 1517 289 1541; x_wconf 88' lang='lat' dir='ltr'>recentes</span> <span class='ocrx_word' id='word_1_310' title='bbox 308 1510 342 1543; x_wconf 88' lang='lat'>&amp;</span> <span class='ocrx_word' id='word_1_311' title='bbox 357 1507 391 1540; x_wconf 88' lang='lat' dir='ltr'>in</span> <span class='ocrx_word' id='word_1_312' title='bbox 403 1517 513 1554; x_wconf 74' lang='lat' dir='ltr'>partes</span> <span class='ocrx_word' id='word_1_313' title='bbox 523 1504 715 1540; x_wconf 67' lang='lat' dir='ltr'>se&amp;ae&#39;iiina</span> <span class='ocrx_word' id='word_1_314' title='bbox 728 1505 866 1541; x_wconf 82' lang='lat' dir='ltr'>duorum</span> <span class='ocrx_word' id='word_1_315' title='bbox 883 1503 1040 1541; x_wconf 76' lang='lat' dir='ltr'>mensium</span> <span class='ocrx_word' id='word_1_316' title='bbox 1058 1506 1194 1556; x_wconf 77' lang='lat' dir='ltr'>spatium</span> <span class='ocrx_word' id='word_1_317' title='bbox 1214 1512 1409 1545; x_wconf 83' lang='lat' dir='ltr'>mercurium</span> <span class='ocrx_word' id='word_1_318' title='bbox 1429 1512 1469 1546; x_wconf 88' lang='lat' dir='ltr'>ad</span> 
     </span>
     <span class='ocr_line' id='line_1_30' title="bbox 78 1553 1122 1603; baseline -0.004 -11"><span class='ocrx_word' id='word_1_319' title='bbox 78 1569 122 1592; x_wconf 83' lang='lat'>20</span> <span class='ocrx_word' id='word_1_320' title='bbox 136 1555 312 1603; x_wconf 87' lang='lat' dir='ltr'>digitorum</span> <span class='ocrx_word' id='word_1_321' title='bbox 320 1554 529 1590; x_wconf 57' lang='lat' dir='ltr'>&gt;altitudinem</span> <span class='ocrx_word' id='word_1_322' title='bbox 544 1553 748 1590; x_wconf 82' lang='lat' dir='ltr'>sustulerunt.</span> <span class='ocrx_word' id='word_1_323' title='bbox 1119 1569 1122 1573; x_wconf 92' lang='grc'><em>·</em></span> 
     </span>
    </p>

    <p class='ocr_par' dir='ltr' id='par_1_10' title="bbox 77 1602 1472 2092">
     <span class='ocr_line' id='line_1_31' title="bbox 113 1602 1471 1657; baseline 0 -18"><span class='ocrx_word' id='word_1_324' title='bbox 113 1611 148 1640; x_wconf 87' lang='lat'>60</span> <span class='ocrx_word' id='word_1_325' title='bbox 162 1608 286 1638; x_wconf 87' lang='lat' dir='ltr'>Verum</span> <span class='ocrx_word' id='word_1_326' title='bbox 305 1602 383 1637; x_wconf 86' lang='lat' dir='ltr'>illud</span> <span class='ocrx_word' id='word_1_327' title='bbox 403 1615 487 1650; x_wconf 87' lang='lat' dir='ltr'>pene</span> <span class='ocrx_word' id='word_1_328' title='bbox 501 1602 692 1636; x_wconf 85' lang='lat' dir='ltr'>incredibile</span> <span class='ocrx_word' id='word_1_329' title='bbox 706 1613 863 1649; x_wconf 80' lang='lat' dir='ltr'>quantum</span> <span class='ocrx_word' id='word_1_330' title='bbox 877 1603 959 1637; x_wconf 82' lang='lat' dir='ltr'>aeris</span> <span class='ocrx_word' id='word_1_331' title='bbox 970 1602 1091 1638; x_wconf 68' lang='lat' dir='ltr'>eir-aliis</span> <span class='ocrx_word' id='word_1_332' title='bbox 1102 1603 1260 1639; x_wconf 64' lang='lat' dir='ltr'>fruetibus</span> <span class='ocrx_word' id='word_1_333' title='bbox 1272 1634 1282 1649; x_wconf 87' lang='lat'>,</span> <span class='ocrx_word' id='word_1_334' title='bbox 1307 1618 1342 1642; x_wconf 89' lang='lat' dir='ltr'>ut</span> <span class='ocrx_word' id='word_1_335' title='bbox 1355 1619 1395 1642; x_wconf 83' lang='lat' dir='ltr'>ex</span> <span class='ocrx_word' id='word_1_336' title='bbox 1409 1622 1471 1657; x_wconf 79' lang='lat' dir='ltr'>py.</span> 
     </span>
     <span class='ocr_line' id='line_1_32' title="bbox 77 1649 1472 1701; baseline 0.004 -15"><span class='ocrx_word' id='word_1_337' title='bbox 77 1654 121 1686; x_wconf 76' lang='lat' dir='ltr'>ris</span> <span class='ocrx_word' id='word_1_338' title='bbox 132 1680 142 1696; x_wconf 82' lang='lat'><em>,</em></span> <span class='ocrx_word' id='word_1_339' title='bbox 157 1651 286 1696; x_wconf 83' lang='lat' dir='ltr'>cerasis,</span> <span class='ocrx_word' id='word_1_340' title='bbox 299 1653 391 1694; x_wconf 87' lang='lat' dir='ltr'>uvis,</span> <span class='ocrx_word' id='word_1_341' title='bbox 410 1649 480 1699; x_wconf 77' lang='lat' dir='ltr'>pisis</span> <span class='ocrx_word' id='word_1_342' title='bbox 507 1664 574 1686; x_wconf 85' lang='lat' dir='ltr'>non</span> <span class='ocrx_word' id='word_1_343' title='bbox 595 1651 744 1686; x_wconf 85' lang='lat' dir='ltr'>exhausto</span> <span class='ocrx_word' id='word_1_344' title='bbox 757 1663 830 1686; x_wconf 91' lang='lat' dir='ltr'>aere</span> <span class='ocrx_word' id='word_1_345' title='bbox 845 1662 1045 1700; x_wconf 74' lang='lat' dir='ltr'>procreetur.</span> <span class='ocrx_word' id='word_1_346' title='bbox 1068 1654 1121 1687; x_wconf 92' lang='lat' dir='ltr'>Sic</span> <span class='ocrx_word' id='word_1_347' title='bbox 1146 1653 1212 1701; x_wconf 87' lang='lat' dir='ltr'>pisa</span> <span class='ocrx_word' id='word_1_348' title='bbox 1232 1659 1374 1691; x_wconf 86' lang='lat' dir='ltr'>recentia</span> <span class='ocrx_word' id='word_1_349' title='bbox 1397 1669 1472 1692; x_wconf 84' lang='lat' dir='ltr'>cum</span> 
     </span>
     <span class='ocr_line' id='line_1_33' title="bbox 78 1699 1471 1749; baseline 0.004 -13"><span class='ocrx_word' id='word_1_350' title='bbox 78 1703 150 1737; x_wconf 82' lang='lat' dir='ltr'>uvis</span> <span class='ocrx_word' id='word_1_351' title='bbox 168 1699 262 1749; x_wconf 84' lang='lat' dir='ltr'>paffis</span> <span class='ocrx_word' id='word_1_352' title='bbox 284 1706 317 1738; x_wconf 85' lang='lat'>&amp;</span> <span class='ocrx_word' id='word_1_353' title='bbox 343 1701 426 1734; x_wconf 89' lang='lat' dir='ltr'>tritis</span> <span class='ocrx_word' id='word_1_354' title='bbox 438 1728 448 1742; x_wconf 87' lang='lat'>,</span> <span class='ocrx_word' id='word_1_355' title='bbox 466 1712 548 1747; x_wconf 85' lang='lat' dir='ltr'>aqua</span> <span class='ocrx_word' id='word_1_356' title='bbox 567 1701 734 1747; x_wconf 84' lang='lat' dir='ltr'>permixtis</span> <span class='ocrx_word' id='word_1_357' title='bbox 759 1702 790 1735; x_wconf 85' lang='lat' dir='ltr'>in</span> <span class='ocrx_word' id='word_1_358' title='bbox 810 1703 986 1748; x_wconf 82' lang='lat' dir='ltr'>recipiente</span> <span class='ocrx_word' id='word_1_359' title='bbox 999 1700 1098 1749; x_wconf 80' lang='lat' dir='ltr'>posita</span> <span class='ocrx_word' id='word_1_360' title='bbox 1111 1703 1196 1737; x_wconf 85' lang='lat' dir='ltr'>intra</span> <span class='ocrx_word' id='word_1_361' title='bbox 1211 1715 1252 1738; x_wconf 82' lang='lat'>20</span> <span class='ocrx_word' id='word_1_362' title='bbox 1267 1704 1332 1739; x_wconf 84' lang='lat' dir='ltr'>dies</span> <span class='ocrx_word' id='word_1_363' title='bbox 1346 1717 1471 1741; x_wconf 84' lang='lat' dir='ltr'>mercu-</span> 
     </span>
     <span class='ocr_line' id='line_1_34' title="bbox 79 1748 1468 1803; baseline 0.004 -19"><span class='ocrx_word' id='word_1_364' title='bbox 79 1752 163 1785; x_wconf 82' lang='lat' dir='ltr'>rium</span> <span class='ocrx_word' id='word_1_365' title='bbox 183 1749 224 1784; x_wconf 87' lang='lat' dir='ltr'>ad</span> <span class='ocrx_word' id='word_1_366' title='bbox 249 1762 314 1794; x_wconf 88' lang='lat'>140</span> <span class='ocrx_word' id='word_1_367' title='bbox 330 1749 506 1797; x_wconf 83' lang='lat' dir='ltr'>digitorum</span> <span class='ocrx_word' id='word_1_368' title='bbox 532 1749 739 1784; x_wconf 87' lang='lat' dir='ltr'>altitudinem</span> <span class='ocrx_word' id='word_1_369' title='bbox 764 1748 944 1784; x_wconf 83' lang='lat' dir='ltr'>extulerunt</span> <span class='ocrx_word' id='word_1_370' title='bbox 964 1764 971 1785; x_wconf 94' lang='lat'>:</span> <span class='ocrx_word' id='word_1_371' title='bbox 1005 1749 1060 1785; x_wconf 88' lang='lat' dir='ltr'>sub</span> <span class='ocrx_word' id='word_1_372' title='bbox 1086 1748 1188 1786; x_wconf 84' lang='lat' dir='ltr'>finem</span> <span class='ocrx_word' id='word_1_373' title='bbox 1215 1750 1322 1798; x_wconf 88' lang='lat' dir='ltr'>liquor</span> <span class='ocrx_word' id='word_1_374' title='bbox 1351 1756 1368 1790; x_wconf 82' lang='grc' dir='ltr'><strong>ὲ</strong></span> <span class='ocrx_word' id='word_1_375' title='bbox 1398 1754 1468 1803; x_wconf 74' lang='lat' dir='ltr'>pisis</span> 
     </span>
     <span class='ocr_line' id='line_1_35' title="bbox 80 1797 1468 1849; baseline 0.005 -17"><span class='ocrx_word' id='word_1_376' title='bbox 80 1800 187 1847; x_wconf 84' lang='lat' dir='ltr'>erupit</span> <span class='ocrx_word' id='word_1_377' title='bbox 201 1801 223 1841; x_wconf 47' lang='grc' dir='ltr'><em>ζ</em></span> <span class='ocrx_word' id='word_1_378' title='bbox 241 1804 275 1836; x_wconf 90' lang='lat'>&amp;</span> <span class='ocrx_word' id='word_1_379' title='bbox 292 1799 449 1845; x_wconf 87' lang='lat' dir='ltr'>recipiens</span> <span class='ocrx_word' id='word_1_380' title='bbox 471 1797 603 1833; x_wconf 86' lang='lat' dir='ltr'>tandem</span> <span class='ocrx_word' id='word_1_381' title='bbox 627 1799 660 1832; x_wconf 90' lang='lat' dir='ltr'>in</span> <span class='ocrx_word' id='word_1_382' title='bbox 682 1797 779 1832; x_wconf 86' lang='lat' dir='ltr'>frusta</span> <span class='ocrx_word' id='word_1_383' title='bbox 808 1797 950 1834; x_wconf 84' lang='lat' dir='ltr'>diffiluit.</span> <span class='ocrx_word' id='word_1_384' title='bbox 984 1799 1070 1835; x_wconf 88' lang='lat' dir='ltr'>Uvae</span> <span class='ocrx_word' id='word_1_385' title='bbox 1087 1800 1190 1834; x_wconf 83' lang='lat' dir='ltr'>crudae</span> <span class='ocrx_word' id='word_1_386' title='bbox 1215 1803 1389 1849; x_wconf 83' lang='lat' dir='ltr'>recipienti</span> <span class='ocrx_word' id='word_1_387' title='bbox 1409 1818 1468 1839; x_wconf 85' lang='lat' dir='ltr'>va-</span> 
     </span>
     <span class='ocr_line' id='line_1_36' title="bbox 79 1844 1469 1899; baseline 0.005 -17"><span class='ocrx_word' id='word_1_388' title='bbox 79 1859 141 1882; x_wconf 86' lang='lat' dir='ltr'>cuo</span> <span class='ocrx_word' id='word_1_389' title='bbox 165 1846 320 1896; x_wconf 80' lang='lat' dir='ltr'>impofitae</span> <span class='ocrx_word' id='word_1_390' title='bbox 341 1846 441 1895; x_wconf 82' lang='lat' dir='ltr'>longo</span> <span class='ocrx_word' id='word_1_391' title='bbox 460 1848 615 1894; x_wconf 86' lang='lat' dir='ltr'>temporis</span> <span class='ocrx_word' id='word_1_392' title='bbox 639 1848 744 1881; x_wconf 66' lang='lat' dir='ltr'>rraCku</span> <span class='ocrx_word' id='word_1_393' title='bbox 760 1844 851 1883; x_wconf 83' lang='lat' dir='ltr'>suurn</span> <span class='ocrx_word' id='word_1_394' title='bbox 880 1859 989 1883; x_wconf 84' lang='lat' dir='ltr'>aerem</span> <span class='ocrx_word' id='word_1_395' title='bbox 1005 1847 1169 1897; x_wconf 87' lang='lat' dir='ltr'>praebuere</span> <span class='ocrx_word' id='word_1_396' title='bbox 1183 1862 1198 1883; x_wconf 50' lang='lat'>:*</span> <span class='ocrx_word' id='word_1_397' title='bbox 1220 1851 1307 1885; x_wconf 82' lang='lat' dir='ltr'>Intra</span> <span class='ocrx_word' id='word_1_398' title='bbox 1329 1855 1469 1899; x_wconf 81' lang='lat' dir='ltr'>primum</span> 
     </span>
     <span class='ocr_line' id='line_1_37' title="bbox 78 1895 1468 1949; baseline 0.004 -19"><span class='ocrx_word' id='word_1_399' title='bbox 78 1895 225 1932; x_wconf 87' lang='lat' dir='ltr'>mensem</span> <span class='ocrx_word' id='word_1_400' title='bbox 239 1898 413 1932; x_wconf 85' lang='lat' dir='ltr'>mercurius</span> <span class='ocrx_word' id='word_1_401' title='bbox 424 1895 464 1930; x_wconf 89' lang='lat' dir='ltr'>ad</span> <span class='ocrx_word' id='word_1_402' title='bbox 474 1909 519 1941; x_wconf 88' lang='lat'>40</span> <span class='ocrx_word' id='word_1_403' title='bbox 532 1895 653 1944; x_wconf 83' lang='lat' dir='ltr'>digitos</span> <span class='ocrx_word' id='word_1_404' title='bbox 665 1895 829 1940; x_wconf 75' lang='lat' dir='ltr'>ascendit3</span> <span class='ocrx_word' id='word_1_405' title='bbox 845 1896 918 1945; x_wconf 89' lang='lat' dir='ltr'>post</span> <span class='ocrx_word' id='word_1_406' title='bbox 935 1911 958 1944; x_wconf 85' lang='lat'>4</span> <span class='ocrx_word' id='word_1_407' title='bbox 968 1896 1090 1932; x_wconf 88' lang='lat' dir='ltr'>menses</span> <span class='ocrx_word' id='word_1_408' title='bbox 1101 1926 1109 1940; x_wconf 87' lang='lat'>,</span> <span class='ocrx_word' id='word_1_409' title='bbox 1126 1902 1190 1945; x_wconf 86' lang='lat' dir='ltr'>jam</span> <span class='ocrx_word' id='word_1_410' title='bbox 1210 1899 1248 1932; x_wconf 89' lang='lat' dir='ltr'>ad</span> <span class='ocrx_word' id='word_1_411' title='bbox 1260 1915 1301 1943; x_wconf 91' lang='lat'>70</span> <span class='ocrx_word' id='word_1_412' title='bbox 1314 1901 1401 1949; x_wconf 82' lang='lat' dir='ltr'>digit.</span> <span class='ocrx_word' id='word_1_413' title='bbox 1421 1903 1468 1936; x_wconf 67' lang='lat' dir='ltr'>as„</span> 
     </span>
     <span class='ocr_line' id='line_1_38' title="bbox 80 1945 1471 1999; baseline 0.004 -22"><span class='ocrx_word' id='word_1_414' title='bbox 80 1945 337 1989; x_wconf 81' lang='lat' dir='ltr'>cenderat3anno</span> <span class='ocrx_word' id='word_1_415' title='bbox 348 1946 464 1980; x_wconf 69' lang='lat' dir='ltr'>exa&amp;o</span> <span class='ocrx_word' id='word_1_416' title='bbox 477 1956 547 1979; x_wconf 81' lang='lat' dir='ltr'>uvae</span> <span class='ocrx_word' id='word_1_417' title='bbox 556 1946 686 1993; x_wconf 86' lang='lat' dir='ltr'>integrae</span> <span class='ocrx_word' id='word_1_418' title='bbox 698 1957 918 1994; x_wconf 87' lang='lat' dir='ltr'>apparuerunt</span> <span class='ocrx_word' id='word_1_419' title='bbox 931 1960 939 1982; x_wconf 71' lang='grc' dir='ltr'><strong>ε</strong></span> <span class='ocrx_word' id='word_1_420' title='bbox 953 1958 991 1980; x_wconf 86' lang='lat' dir='ltr'>ex</span> <span class='ocrx_word' id='word_1_421' title='bbox 1008 1949 1095 1995; x_wconf 83' lang='lat' dir='ltr'>pyris</span> <span class='ocrx_word' id='word_1_422' title='bbox 1106 1945 1245 1983; x_wconf 68' lang='lat' dir='ltr'>diffeffis</span> <span class='ocrx_word' id='word_1_423' title='bbox 1257 1951 1288 1985; x_wconf 91' lang='lat' dir='ltr'>in</span> <span class='ocrx_word' id='word_1_424' title='bbox 1300 1961 1400 1985; x_wconf 89' lang='lat' dir='ltr'>vacuo</span> <span class='ocrx_word' id='word_1_425' title='bbox 1409 1964 1471 1999; x_wconf 61' lang='lat' dir='ltr'>po-</span> 
     </span>
     <span class='ocr_line' id='line_1_39' title="bbox 80 1989 1468 2048; baseline 0.006 -23"><span class='ocrx_word' id='word_1_426' title='bbox 80 1989 142 2026; x_wconf 68' lang='lat' dir='ltr'>fitis</span> <span class='ocrx_word' id='word_1_427' title='bbox 157 2002 283 2028; x_wconf 89' lang='lat' dir='ltr'>tantum</span> <span class='ocrx_word' id='word_1_428' title='bbox 293 1996 374 2028; x_wconf 87' lang='lat' dir='ltr'>aeris</span> <span class='ocrx_word' id='word_1_429' title='bbox 386 1995 493 2040; x_wconf 90' lang='lat' dir='ltr'>erupit</span> <span class='ocrx_word' id='word_1_430' title='bbox 507 2021 518 2036; x_wconf 93' lang='lat'>,</span> <span class='ocrx_word' id='word_1_431' title='bbox 533 2004 569 2028; x_wconf 91' lang='lat' dir='ltr'>ut</span> <span class='ocrx_word' id='word_1_432' title='bbox 577 1996 767 2030; x_wconf 88' lang='lat' dir='ltr'>mercurium</span> <span class='ocrx_word' id='word_1_433' title='bbox 786 1997 871 2029; x_wconf 81' lang='lat' dir='ltr'>intra</span> <span class='ocrx_word' id='word_1_434' title='bbox 883 1995 962 2031; x_wconf 89' lang='lat' dir='ltr'>duos</span> <span class='ocrx_word' id='word_1_435' title='bbox 975 1995 1194 2033; x_wconf 76' lang='lat' dir='ltr'>mensesultra</span> <span class='ocrx_word' id='word_1_436' title='bbox 1207 2010 1266 2035; x_wconf 83' lang='lat' dir='ltr'>too</span> <span class='ocrx_word' id='word_1_437' title='bbox 1279 1999 1344 2048; x_wconf 83' lang='lat' dir='ltr'>dig.</span> <span class='ocrx_word' id='word_1_438' title='bbox 1358 1999 1468 2036; x_wconf 61' lang='lat' dir='ltr'>altitu-</span> 
     </span>
     <span class='ocr_line' id='line_1_40' title="bbox 82 2040 909 2092; baseline 0.01 -18"><span class='ocrx_word' id='word_1_439' title='bbox 82 2040 194 2077; x_wconf 81' lang='lat' dir='ltr'>dinem</span> <span class='ocrx_word' id='word_1_440' title='bbox 207 2041 382 2080; x_wconf 88' lang='lat' dir='ltr'>attolleret.</span> <span class='ocrx_word' id='word_1_441' title='bbox 396 2042 461 2078; x_wconf 85' lang='lat' dir='ltr'>Sed</span> <span class='ocrx_word' id='word_1_442' title='bbox 473 2043 513 2078; x_wconf 89' lang='lat' dir='ltr'>de</span> <span class='ocrx_word' id='word_1_443' title='bbox 526 2041 575 2077; x_wconf 92' lang='lat' dir='ltr'>his</span> <span class='ocrx_word' id='word_1_444' title='bbox 594 2055 654 2092; x_wconf 86' lang='lat' dir='ltr'>pro</span> <span class='ocrx_word' id='word_1_445' title='bbox 665 2043 808 2080; x_wconf 69' lang='lat' dir='ltr'>instituto</span> <span class='ocrx_word' id='word_1_446' title='bbox 822 2043 909 2082; x_wconf 84' lang='lat' dir='ltr'>satis.</span> 
     </span>
    </p>
   </div>
   <div class='ocr_carea' id='block_1_2' title="bbox 651 2190 890 2272">
    <p class='ocr_par' dir='ltr' id='par_1_11' title="bbox 651 2190 890 2272">
     <span class='ocr_line' id='line_1_41' title="bbox 651 2190 890 2272; baseline 0.004 -42"><span class='ocrx_word' id='word_1_447' title='bbox 651 2190 890 2272; x_wconf 62' lang='lat' dir='ltr'>mwffi</span> 
     </span>
    </p>
   </div>
   <div class='ocr_carea' id='block_1_3' title="bbox 260 2453 1307 2494">
    <p class='ocr_par' dir='ltr' id='par_1_12' title="bbox 260 2453 1307 2494">
     <span class='ocr_line' id='line_1_42' title="bbox 260 2453 1307 2494; baseline 0.004 -7"><span class='ocrx_word' id='word_1_448' title='bbox 260 2453 354 2489; x_wconf 75' lang='lat' dir='ltr'>Tem.</span> <span class='ocrx_word' id='word_1_449' title='bbox 375 2457 424 2491; x_wconf 84' lang='lat' dir='ltr'>II.</span> <span class='ocrx_word' id='word_1_450' title='bbox 1248 2462 1307 2494; x_wconf 76' lang='lat' dir='ltr'>Aa</span> 
     </span>
    </p>
   </div>
  </div>
 </body>
</html>
