1878 2724
513 86 580 122 DE
620 84 790 121 MOTU
817 84 1084 121 SIDERUM.
1409 102 1461 134 327

88 139 127 174 tis
140 134 237 172 stellis
249 131 438 171 occurrebat
452 162 462 178 ,
486 134 599 170 diurno
610 145 702 168 motu
718 133 870 183 abreptus
891 146 1055 181 nunquam
1080 133 1100 169 a
1113 132 1221 169 semita
1238 134 1290 170 sua
1315 136 1462 181 deflexit,

87 186 173 234 quod
188 197 262 219 eum
271 183 346 219 luna
356 183 459 219 multo
474 182 689 218 sublimiorem
702 181 790 217 fuiffe
802 183 1011 218 demonstrat.
1028 182 1149 218 Eodem
1162 196 1247 219 anno
1265 187 1330 230 1665
1354 186 1461 221 mense

86 233 189 282 Aprili
201 235 232 268 in
250 232 368 282 Pegaso
379 238 411 270 &
435 231 646 267 Andromeda
662 230 742 266 alius
758 234 922 280 apparuit,
939 230 991 266 sed
1011 230 1173 266 illuscente
1200 233 1361 271 diluculo:
1379 236 1462 271 unde

84 283 179 318 radiis
187 281 338 316 solaribus
357 279 514 330 opptelsus
525 294 593 316 non
608 282 714 328 potuit
731 279 802 314 satis
814 292 959 315 accurate
974 278 1145 316 observari.

124 334 269 380 ¹<Qartus
280 344 366 366 anno
379 333 451 367 1668
459 330 566 365 mense
576 331 699 365 Martio
711 328 792 364 visus
810 329 854 363 est
862 331 966 376 capite
976 328 1142 363 destitutus
1162 344 1170 366 ε
1187 331 1287 365 cauda
1309 331 1461 368 duntaxat

52 407 59 410 -
84 378 260 429 apparebat
268 382 302 415 in
312 380 472 422 Eridan03
487 391 545 414 nec
561 389 652 413 motu
679 378 793 412 diurno
811 376 961 424 abreptus
981 376 1070 412 fitum
1085 376 1173 414 suum
1192 381 1273 414 inter
1295 380 1397 415 stellas
1422 380 1462 416 fi-

84 441 140 466 xas
151 428 309 464 mutabat.
326 431 413 463 Inter
426 426 550 462 easdem
566 426 670 460 stellas
689 428 721 461 in
740 425 839 461 Persia
850 425 932 460 visus
948 426 993 460 est
1009 440 1016 461 :
1032 437 1130 473 atque
1145 428 1318 463 Aristotelis
1334 441 1462 478 tempo-

83 476 170 515 ribus
187 477 260 512 huic
271 475 378 512 fimilis
395 488 523 512 cometa
533 475 651 510 eodem
665 477 698 510 in
711 474 802 519 loco,
820 480 854 510 &
867 474 957 509 simili
969 477 1001 510 in
1011 477 1276 523 Septentrionem
1296 482 1329 514 ὃ(
1343 481 1462 515 Orien-

85 536 152 561 tem
167 537 258 561 motu
271 525 393 560 delatus
403 553 411 568 ‚
427 528 460 561 in
473 526 607 561 Orionis
622 536 756 571 quoque
771 523 1015 559 constellatione
1037 527 1178 561 evanuit.

102 591 104 594 v
122 576 263 632 Quintus
280 573 360 609 visus
375 575 422 608 est
438 586 524 609 anno
533 579 614 617 1672,
633 575 690 620 qui
699 571 741 606 ab
754 572 966 608 Andromedae
977 575 1082 621 capite
1092 575 1231 621 primum
1241 574 1280 609 ad
1295 574 1441 612 Perseum
1454 606 1463 620 ‚

82 633 155 659 tum
171 623 209 657 ad
219 634 314 671 caput
322 624 457 658 Orionis
467 624 598 670 proprio
607 620 882 670 motuprogreffus
896 624 926 656 in
942 622 1056 656 eadem
1070 634 1143 656 cum
1161 624 1243 671 pede
1259 623 1363 659 Persei
1377 628 1462 660 Dan.

83 671 152 708 tisci
164 670 205 705 ab
218 670 363 706 Hevelio
374 676 407 708 &
416 670 436 705 a
447 669 576 707 Caffino
590 671 743 705 Bononiae
753 699 763 713 ,
784 676 818 707 δε
829 670 933 705 eidem
950 670 1046 705 stellae
1055 673 1218 718 proximus
1237 671 1299 708 fuit
1310 672 1462 710 observa-

16 710 17 713 Ἴ
82 731 149 756 tus:
162 720 252 767 quod
267 718 348 754 illius
364 731 495 768 quoque
505 731 655 768 magnam
674 717 694 754 a
715 730 798 753 terra
809 719 993 754 distantiam
1006 719 1182 755 confirmat-

115 770 211 805 Anno
220 770 294 813 1676
304 768 324 803 ὲι
333 768 385 803 die
395 782 406 803 1
414 784 437 816 4
448 767 607 803 Februarii
615 767 711 814 usque
723 769 760 801 ad
772 783 790 813 9
802 770 915 802 Martii
924 770 974 803 vir
985 767 1106 804 doetissss
1118 771 1153 804 P.
1165 771 1331 820 Fontenay
1342 772 1373 808 in
1383 773 1462 809 Col-

81 817 168 866 legio
183 817 442 853 Claromontano
456 829 540 853 nunc
552 815 738 852 Matheseos
752 814 910 852 Profeffor
919 828 1081 852 cometem
1092 816 1279 853 observavit
1289 821 1388 855 cauda
1402 823 1461 856 de-

81 866 225 902 stitutum
236 895 246 910 ‚
261 867 378 902 eodem
396 866 517 915 prorsus
529 867 563 900 in
577 865 650 901 loco
663 893 674 908 ‚
699 864 757 899 ubi
769 866 903 900 caudam
912 877 1055 901 cometes
1070 865 1133 900 sine
1143 869 1249 915 capite
1261 869 1305 907 D.
1315 869 1460 906 Caffinus

80 917 256 953 an1101668
268 917 418 951 Bononiae
430 915 649 963 conspexerat.
668 915 717 950 Ut
740 914 828 949 stella
845 916 930 949 tertii
956 915 1077 949 ordinis
1096 914 1190 962 paulo
1210 918 1330 951 caeteris
1348 918 1461 954 obscu-

79 966 143 998 rior
155 964 239 1000 visus
254 965 316 1001 est:
330 964 382 1000 sed
393 963 503 1000 sensim
518 961 724 999 minuebatur
740 992 751 1008 ‚
768 975 841 999 cum
850 962 954 999 versus
969 965 1145 1000 Orientem
1159 967 1290 1014 proptio
1304 979 1398 1003 motu
1411 970 1460 1004 in.

81 1013 220 1049 eederet.

122 1063 216 1096 Anno
232 1068 306 1106 1677
322 1060 428 1097 mense
441 1061 565 1095 Martio
580 1059 634 1095 sub
646 1059 855 1096 Andromeda
872 1072 1004 1107 quoque
1018 1061 1100 1097 visus
1115 1062 1159 1096 est
1175 1061 1373 1099 illucescente
1389 1076 1459 1099 cre-

80 1108 207 1158 pusculo
222 1138 232 1153 ‚
259 1121 295 1144 ac
313 1108 407 1144 brevi
425 1108 520 1144 radiis
535 1108 689 1144 solaribus
706 1107 866 1158 oppressus
885 1111 942 1144 vix
967 1107 1012 1143 sui
1027 1113 1155 1159 copiam
1169 1111 1257 1148 fecit.
1278 1113 1374 1147 Anno
1386 1116 1459 1150 1680

80 1156 207 1206 insignis
217 1169 346 1193 cometa
362 1169 433 1193 toto
450 1155 530 1192 orbe
542 1155 630 1194 visus
649 1158 693 1192 est
704 1186 714 1201 ,
737 1159 792 1205 qui
802 1157 959 1193 asolstitio
971 1157 1107 1194 hiberno
1120 1188 1130 1202 ,
1152 1171 1208 1195 aut
1218 1162 1344 1194 circiter
1357 1160 1458 1209 usque

80 1208 122 1241 ad
135 1208 363 1253 aequinoctium
374 1218 507 1241 vernum
518 1207 595 1241 anni
615 1208 680 1241 1681
695 1205 714 1240 ἐι
729 1208 772 1241 D.
784 1205 913 1242 Caffino
931 1206 1168 1254 diligentiffime
1179 1208 1241 1243 fuit
1258 1207 1456 1246 observatus.

79 1254 167 1302 Isque
178 1255 240 1289 suas
252 1254 490 1291 observationes
505 1266 577 1288 cum
595 1256 631 1288 iis
643 1266 715 1302 quae
733 1254 826 1290 factae
836 1254 906 1290 sunt
918 1253 960 1288 ab
974 1254 1193 1291 illustrioribus
1206 1259 1335 1306 Europae
1348 1259 1458 1293 Astro-

79 1305 186 1338 nomis
197 1303 354 1347 contulit,
378 1309 413 1341 &
430 1303 602 1338 tractatum
615 1303 673 1338 hac
686 1303 725 1337 de
739 1315 772 1338 re
789 1305 943 1339 eximium
958 1302 1078 1351 publici
1096 1306 1168 1352 juris
1187 1305 1267 1340 fecit
1281 1323 1290 1349 ;
1305 1305 1360 1341 ubi
1374 1306 1459 1342 hunc

80 1362 245 1386 cometem
262 1364 333 1386 cum
345 1354 383 1386 iis
397 1354 454 1399 qui
466 1351 486 1386 ὲ
502 1351 819 1398 centum&amplius
835 1354 924 1387 annis
934 1350 989 1387 visi
1000 1352 1085 1397 sunt,
1102 1365 1269 1402 comparat
1280 1372 1290 1398 3
1300 1367 1458 1403 apparen-

79 1411 149 1435 tem
165 1399 274 1435 motfis
287 1401 539 1448 inaequalitatem
556 1400 596 1433 ad
611 1400 902 1435 circumferentiam
914 1402 1023 1449 magni
1033 1402 1141 1436 circuli
1151 1413 1284 1437 revocat
1297 1417 1304 1436 ;
1319 1415 1356 1437 ac
1371 1416 1458 1439 nova

83 1448 223 1495 quadam
242 1448 366 1484 theoria
381 1477 392 1492 ‚
418 1454 452 1485 ὅ(
470 1449 595 1481 ratione
612 1459 682 1482 rem
702 1459 804 1483 totam
817 1447 956 1496 explicat
973 1461 982 1482 ε
1006 1461 1048 1485 ex
1074 1449 1352 1486 observationibus
1377 1454 1456 1499 quas

79 1496 146 1545 ipse
158 1501 191 1532 &
206 1500 247 1533 D.
259 1498 372 1533 Picard
385 1495 553 1545 separatim
564 1493 743 1531 habuerunt
755 1525 765 1539 ‚
787 1497 819 1531 id
837 1496 1006 1531 manifeste
1021 1498 1179 1545 colligitur
1192 1498 1274 1533 hunc
1291 1511 1457 1536 cometem

81 1545 154 1580 luna
165 1544 260 1593 longe
273 1545 465 1594 superiorem
480 1542 570 1579 fuiss'e
587 1561 596 1587 ‘²
615 1544 729 1578 eodem
742 1545 881 1591 denique
892 1556 985 1579 motu
1003 1557 1077 1580 eum
1088 1547 1241 1581 donatum
1258 1547 1348 1582 fuiffe
1361 1577 1370 1589 ,
1389 1561 1456 1595 quo

80 1596 156 1627 anni
169 1606 233 1640 1577
248 1605 412 1628 cometem
424 1622 433 1636 ,
445 1603 544 1640 atque
554 1603 666 1626 eorum
682 1604 790 1628 motus
804 1595 896 1627 certis
909 1592 1036 1640 legibus
1056 1595 1197 1630 constare
1211 1606 1245 1629 ut
1262 1597 1296 1629 in
1317 1595 1455 1643 planetis

81 1640 320 1689 ipsis-cernimus
332 1671 341 1685 ‚
350 1642 502 1677 ostendit.

114 1690 200 1724 Cum
210 1701 317 1724 autem
330 1693 363 1725 in
376 1703 417 1725 eo
432 1692 568 1725 tractatu
582 1702 718 1725 cometae
735 1693 809 1726 anni
826 1692 897 1727 1680
909 1702 1005 1739 quem
1025 1690 1126 1725 edidit
1137 1694 1179 1727 D.
1194 1690 1339 1727 Caffinus
1354 1690 1456 1728 multa

81 1749 184 1784 eaque
198 1738 346 1786 praeclara
357 1739 397 1773 de
410 1740 545 1773 cometis
559 1742 591 1774 111
611 1738 790 1774 universum
800 1738 923 1775 differat
933 1769 943 1784 ,
961 1752 1026 1774 non
1045 1741 1108 1773 erit
1124 1739 1266 1776 alienum
1284 1752 1323 1775 ex
1333 1752 1374 1775 eo
1384 1753 1455 1788 quae

79 1785 219 1835 Phyficae
235 1787 422 1822 illustrandae
438 1787 564 1822 utiliora
578 1786 671 1822 nobis
687 1786 882 1822 videbuntur
900 1816 910 1831 ‚
928 1789 1076 1824 mutuari.

112 1834 255 1870 Primum
265 1837 360 1884 igitur
368 1849 437 1883 quae
450 1836 490 1869 ad
498 1847 695 1876 cometarum
708 1846 852 1870 naturam
861 1840 1041 1884 pertinent,
1065 1847 1131 1871 tum
1151 1836 1192 1871 de
1215 1846 1327 1871 eorum
1351 1847 1456 1879 motu,

79 1883 240 1930 postremo
253 1884 293 1918 de
302 1883 482 1919 incredibili
496 1896 609 1919 eorum
620 1885 640 1920 ἐι
653 1895 736 1918 terra
753 1885 897 1919 distantia
917 1885 1088 1920 dicendum
1103 1886 1158 1922 est.
1180 1885 1272 1931 Quid
1286 1885 1327 1919 de
1346 1896 1457 1919 natura

78 1941 279 1966 cometarum
290 1932 385 1967 nobis
395 1933 559 1968 videretur
572 1961 582 1976 ‚
604 1937 671 1981 jam
689 1934 868 1968 identidem
888 1935 1055 1970 innuimus.
1085 1934 1121 1969 Id
1134 1935 1221 1969 enim
1242 1945 1321 1968 vero
1338 1931 1456 1967 [imilli-

81 1989 168 2012 mum
178 1977 369 2015 arbitramur
382 2010 392 2023 ‚
413 1993 468 2016 eos
487 1980 601 2015 itidem
614 1994 649 2016 ut
659 1981 802 2028 planetas
815 1983 898 2016 inter
909 1994 1043 2030 corpora
1060 1996 1129 2018 non
1141 1994 1257 2017 aeterna
1268 2010 1278 2025 ,
1292 1993 1329 2016 ut
1348 1980 1455 2028 loqui-

82 2037 131 2061 tur
148 2029 285 2070 Seneca,
307 2027 359 2062 sed
370 2028 412 2063 ab
431 2030 555 2077 origine
571 2030 682 2064 mundi
695 2030 826 2065 condita
841 2030 959 2065 censeri
977 2042 1135 2078 oportere.
1160 2033 1234 2067 Nec
1248 2030 1333 2066 forte
1349 2032 1454 2065 minus

80 2073 233 2121 aequabili
243 2077 443 2123 motuvquam
453 2078 588 2125 planetae
602 2077 656 2125 ipsi
666 2078 812 2113 feruntur
824 2106 833 2122 ,
851 2090 885 2113 ut
895 2079 1013 2128 probat
1028 2082 1071 2116 D.
1086 2077 1230 2115 Caffinus
1249 2091 1287 2113 ex
1306 2077 1453 2112 collatio-

82 2135 124 2157 ne
133 2122 220 2172 hujus
230 2137 364 2159 cometae
377 2153 388 2168 ‚
405 2128 481 2160 anni
492 2124 642 2159 videlicet
654 2129 732 2161 1680
743 2139 815 2161 cum
826 2139 865 2161 eo
874 2130 928 2176 qui
937 2127 957 2163 ὲ
967 2128 1127 2177 Tychone
1136 2141 1221 2163 anno
1237 2141 1304 2171 1577
1319 2125 1453 2173 diligen-

82 2169 198 2205 tissime
212 2173 258 2207 est
272 2172 455 2208 observatus
468 2187 475 2209 :
488 2185 563 2208 nam
572 2173 654 2208 adeo
665 2176 750 2208 inter
760 2174 789 2208 se
800 2179 996 2211 conveniunt
1010 2205 1018 2219 ‚
1029 2188 1064 2211 ut
1075 2190 1140 2212 non
1152 2188 1217 2210 tam
1230 2172 1452 2219 diversi,quiim

81 2231 160 2254 unus
175 2221 326 2268 idemque
338 2222 497 2257 videatur.
516 2221 612 2256 Unde
622 2234 687 2256 non
701 2221 860 2258 dubitavit
870 2226 920 2257 vir
930 2223 1051 2259 Clariis.
1064 2226 1115 2258 die
1133 2227 1166 2259 28
1179 2220 1380 2263 Decembris,
1391 2221 1452 2255 hoc

78 2267 127 2302 est
139 2297 149 2311 ,
163 2268 250 2304 sexto
258 2269 327 2318 post
340 2271 507 2317 dievquz‘im
519 2269 653 2304 caudam
669 2269 752 2305 illius
767 2271 909 2319 primum
932 2272 1138 2319 conspexerat
1150 2299 1160 2313 ‚
1178 2276 1211 2306 &
1228 2270 1357 2316 postero
1379 2269 1429 2303 die
1441 2297 1451 2311 ,

74 2327 143 2364 quo
152 2329 248 2366 eaput
264 2318 293 2354 se
310 2319 486 2356 videndum
500 2316 675 2369 praebuerat
685 2346 695 2363 ,
724 2321 849 2368 Scripto
862 2319 1014 2368 publico,
1030 2320 1120 2366 quod
1140 2315 1342 2353 Christianiss]
1365 2317 1453 2366 Regi
