1878 2724
374 123 437 166 630
927 113 1211 152 PHYSICAE

373 180 406 219 50
418 171 452 204 Si
465 179 554 206 tanta
565 166 620 207 fiat
629 167 660 201 in
671 163 767 199 corde
777 161 997 210 ebullitio‚cur
1007 164 1105 215 ligata
1118 168 1233 201 arteria
1243 163 1309 201 haec
1319 163 1471 202 ebullitio
1480 178 1547 204 non
1558 168 1769 211 cernitur3cur

364 230 434 254 tam
444 221 511 253 cito
525 223 557 255 δι
570 215 668 262 usque
682 213 722 248 ad
734 212 968 263 disruptionem
978 217 1097 250 arteria
1109 215 1314 259 distenditur3
1329 227 1384 250 cur
1394 227 1431 250 ea
1452 215 1538 252 sefita
1549 228 1616 252 tam
1625 216 1767 253 ubertim

363 266 484 317 singnis
496 262 666 314 ertinipit,fi
679 267 833 312 guttatim
847 275 974 300 tantum
986 266 1003 301 ὲ
1011 265 1108 300 corde
1118 267 1152 301 in
1163 266 1314 300 arteriam
1323 263 1555 315 illabitumjam
1565 279 1629 314 qua
1640 269 1767 302 ratione

364 329 420 352 cor
430 328 581 351 carneum
600 319 634 351 δε
655 310 806 348 fibrosum
818 324 910 349 tanto
920 316 987 364 igni
1004 314 1141 350 ferendo
1156 327 1212 363 par
1225 313 1285 349 effe
1298 314 1420 363 potest;
1438 328 1493 350 cur
1505 316 1536 350 id
1554 315 1686 351 taudem
1700 328 1767 352 non

364 366 567 408 elixatur,aut
578 363 841 399 adurituriUnde
861 374 948 399 tanta
964 364 1053 413 hujus
1069 363 1413 412 fci·rncnticopia‚quae
1427 364 1611 400 attollendo
1624 363 1770 414 sanguini
1785 378 1790 385 ·

363 413 513 449 universo
525 414 617 449 instit
638 410 739 448 maffae
760 412 929 448 fariniceae
943 426 999 462 par
1019 414 1064 448 est
1079 425 1090 452 ξ
1108 414 1259 451 Necdum
1277 417 1377 449 etiam
1393 413 1494 462 liquet
1507 413 1564 463 qui
1582 425 1648 449 tam
1663 412 1767 450 subito

365 462 434 498 fieri
447 463 500 498 illa
515 463 728 497 fermentatio
738 461 853 511 poffit3
872 475 932 498 nec
946 464 1080 498 materia
1092 463 1165 499 huic
1184 462 1362 499 accenfioni
1382 463 1501 499 idonea
1515 476 1572 513 per
1586 475 1707 499 nervos
1720 463 1768 499 sa-

363 514 402 547 tis
415 511 543 561 copiosa
555 511 685 548 affertur
700 525 707 546 :
722 524 781 546 nec
792 512 925 547 demum
938 542 946 556 ‚
958 524 994 548 ut
1008 525 1076 547 reni
1095 526 1160 548 uno
1178 512 1281 548 verbo
1293 512 1463 548 conficiam
1476 541 1486 557 ,
1504 515 1536 549 in
1546 511 1611 562 ipsa
1622 513 1766 556 diastole,

363 560 439 597 cum
452 562 504 596 illa
521 560 556 597 fit
571 561 787 596 inflnnmatio
802 591 810 604 ,
828 574 884 596 cor
897 574 1071 599 movetur:
1089 561 1142 597 sed
1157 565 1263 611 potius
1280 575 1353 597 cum
1381 563 1479 598 instar
1490 562 1621 598 alterius
1637 561 1768 597 musculi

363 612 577 647 contrahitur.
589 615 627 647 Et
638 612 771 658 quidem
786 614 905 659 viperae
919 640 929 655 ‚
947 623 1001 646 aut
1012 611 1160 661 anguillae
1177 625 1231 648 cor
1246 612 1426 647 extracstum
1437 641 1446 656 ‚
1462 618 1495 649 δι
1510 614 1600 648 omni
1618 609 1768 660 sanguine

364 672 506 695 vacuum
523 674 580 709 per
591 661 706 696 multas
719 660 810 696 horas
825 661 933 709 pulsat.
947 663 1048 709 Qiod
1059 661 1210 709 {iaquam
1221 661 1372 710 frigidam
1385 674 1441 710 per
1456 675 1574 697 venam
1587 662 1766 710 jugularem

363 713 450 744 canis
462 713 530 745 vivi
553 712 700 759 injeceris
713 739 722 753 ‚
737 722 842 745 motus
853 712 958 746 cordis
976 710 1120 746 crebrior
1129 710 1253 746 futurus
1263 711 1310 746 est
1325 727 1334 756 3
1350 724 1410 747 nec
1422 723 1530 747 tamen
1543 710 1667 759 sanguis
1678 722 1768 759 aquae

364 757 523 795 infusione
542 762 643 809 magis
658 759 844 794 accenditur
856 789 865 803 ,
885 772 941 795 aut
958 759 1075 796 fortius
1087 760 1281 809 exploditur.

402 811 515 857 Itaque
534 805 655 858 sanguis
668 821 726 856 per
737 808 903 857 coripsum
917 839 926 853 ,
943 810 1034 846 velut
1052 823 1108 860 per
1116 811 1300 845 machinam
1322 809 1548 858 hydraulicam
1570 807 1767 858 expellitur,

363 869 424 892 nec
435 857 557 893 necesse
567 860 610 893 est
624 858 822 892 fermentum
837 860 1003 905 quoddam
1018 888 1027 902 ,
1041 871 1097 894 aut
1115 862 1225 907 ignem
1235 861 1267 895 in
1283 859 1470 894 ventriculis
1488 859 1593 893 cordis
1614 857 1768 893 recondi-

364 919 432 941 tum
449 906 570 955 fingere
581 936 590 950 ,
605 907 742 953 huicque
753 918 879 941 motum
890 908 996 941 cordis
1006 907 1161 944 tribuere.
1184 910 1272 943 Nam
1293 908 1384 954 hujus
1406 907 1562 943 fermenti
1579 909 1662 942 ratio
1675 935 1685 949 ‚
1706 917 1763 941 aut

363 958 457 1004 origo
474 955 625 1005 explicari
639 955 729 990 nullo
739 956 840 990 modo
852 957 954 1004 potest
967 973 976 998 i
995 969 1032 990 ac
1045 956 1157 1004 systole
1171 957 1214 991 est
1229 968 1320 991 verus
1335 957 1439 991 cordis
1450 963 1556 991 motus
1568 985 1578 1000 ‚
1596 967 1696 1003 quern
1709 955 1765 989 illa

363 1004 513 1039 ebullitio
531 1004 716 1053 impediret.
726 1007 814 1038 Nam
827 1007 966 1051 parietes
979 1004 1239 1041 ventriculorum
1251 1009 1359 1052 potius
1369 1005 1536 1040 diduceret
1550 1034 1559 1048 ‚
1577 1018 1675 1052 quam
1685 1017 1766 1039 con-

365 1053 518 1089 traheret.
529 1053 658 1089 Deinde
673 1051 827 1101 ejusmodi
838 1052 992 1089 ebullitio
1009 1056 1040 1088 in
1063 1053 1244 1102 liquoribus
1268 1052 1371 1088 salinis
1384 1058 1416 1090 δε
1427 1055 1592 1089 acerrimis
1605 1056 1742 1088 cernitur
1756 1070 1766 1099 3

364 1101 534 1151 cujusmodi
546 1116 611 1138 non
624 1102 666 1136 est
676 1100 799 1150 sanguis
815 1105 872 1149 qui
886 1101 1013 1151 placide
1025 1101 1097 1138 fluit
1111 1105 1144 1138 in
1159 1105 1249 1139 venis
1263 1132 1273 1147 ,
1291 1107 1324 1139 ἃ
1339 1101 1540 1151 benignioris
1558 1102 1606 1137 est
1624 1114 1741 1137 naturae
1752 1129 1765 1147 ,

363 1153 462 1199 quam
473 1164 507 1187 ut
522 1164 588 1187 trini
604 1150 710 1186 subito
723 1150 925 1188 effervescat..
1760 1182 1763 1184 ,

399 1204 473 1238 Nec
484 1201 616 1236 demum
628 1201 720 1235 instar
734 1201 900 1236 candentis
920 1200 997 1236 ferri
1011 1200 1103 1250 ipfius
1117 1201 1220 1237 cordis
1235 1201 1343 1237 fervet
1359 1199 1542 1236 substantia-
1564 1202 1671 1248 HuJus
1690 1200 1764 1237 sane

363 1249 490 1285 fabrica
500 1256 532 1287 &
544 1249 635 1285 sibrae
652 1261 811 1285 contortae
823 1279 832 1293 ‚
846 1262 918 1298 quae
931 1254 962 1285 in
974 1250 1136 1300 oppositos
1151 1251 1302 1286 tendines
1312 1249 1455 1286 desinunt
1472 1265 1481 1293 ς
1505 1248 1630 1285 diversa
1650 1251 1765 1287 utrius.

362 1311 428 1347 que
442 1300 612 1335 ventriculi
623 1299 773 1333 structura
785 1329 795 1343 ,
821 1303 832 1344 (
848 1312 921 1334 nam
932 1299 1048 1335 sinister
1057 1300 1274 1337 validioribus
1294 1298 1383 1336 fibris
1395 1328 1405 1343 ,
1426 1305 1460 1336 &
1482 1298 1645 1334 lacertulis
1666 1311 1764 1349 eget,

362 1361 429 1396 quo
444 1348 570 1398 longius
585 1350 713 1383 emittat
725 1347 908 1397 sanguinem
929 1351 941 1393 )
965 1349 1030 1384 haec
1043 1379 1053 1394 ,
1067 1352 1200 1397 inquam
1215 1379 1223 1393 ‚
1236 1351 1346 1385 omnia
1358 1348 1549 1397 persuadent
1565 1361 1620 1383 cor
1635 1352 1767 1385 moveri*

362 1410 399 1433 ut
416 1398 556 1445 reliquos
569 1397 726 1433 musculos
739 1426 748 1440 ,
759 1401 932 1434 contractis
948 1399 1103 1434 videlicet
1116 1397 1203 1435 fibris
1215 1428 1224 1443 ,
1239 1411 1311 1447 quae
1326 1397 1425 1432 bafim
1445 1397 1604 1432 adducere
1618 1398 1764 1434 moliun-

362 1458 412 1482 tur
427 1461 435 1483 :
449 1447 501 1482 sed
515 1446 589 1482 cum
604 1447 658 1481 illa
671 1445 707 1481 fit
717 1447 896 1482 immobilis
909 1478 918 1492 ,
936 1460 1048 1483 mucro
1062 1448 1142 1484 verb
1158 1448 1314 1484 instabilis
1326 1477 1335 1491 ‚
1355 1448 1407 1483 hic
1418 1445 1531 1482 sursum
1551 1448 1698 1483 nonnihil
1711 1459 1764 1483 at-

361 1496 580 1546 tollitur.Jam
594 1496 763 1531 contracto
775 1498 871 1531 corde
883 1500 916 1532 in
932 1496 1044 1546 systole
1054 1527 1064 1541 ‚
1084 1499 1114 1532 id
1128 1511 1221 1534 motu
1234 1497 1376 1545 quodam
1386 1497 1592 1532 restitutionis
1608 1496 1670 1531 sese
1680 1496 1763 1532 dila-

360 1557 428 1580 tare
440 1548 552 1581 nititur
570 1558 690 1593 aquam
709 1544 935 1581 dilatationem
947 1546 1067 1596 [anguis
1084 1549 1115 1583 in
1130 1559 1298 1594 utrumque
1312 1545 1526 1581 ventriculum
1540 1544 1678 1581 illabens
1691 1545 1763 1594 plu-

360 1597 479 1630 timum
497 1607 606 1645 auget.
626 1597 716 1630 Hinc
730 1594 863 1630 alternis
878 1594 1002 1631 vicibus
1031 1597 1136 1632 cordis
1153 1596 1334 1633 contractio
1354 1600 1388 1632 ὃς
1408 1593 1554 1630 dilatatio
1579 1593 1649 1629 fere
1669 1596 1763 1631 instar

360 1644 575 1693 funependuli
584 1642 646 1680 sese
657 1646 837 1693 excipiunt:
855 1647 935 1694 ignis
947 1656 1058 1681 autem
1071 1648 1106 1682 in
1127 1647 1224 1682 corde
1234 1644 1338 1682 nullus
1351 1645 1399 1681 est.
1411 1643 1469 1680 nifi
1485 1643 1673 1693 ausanguine
1687 1657 1763 1693 pro·a

360 1692 479 1728 festus.

848 1743 1039 1779 Diluumur
1063 1743 1257 1790 objeffiones.

397 1793 471 1842 Opp
492 1798 520 1827 10
536 1791 693 1828 Cartefius
706 1791 735 1827 se
748 1804 917 1841 expertum
928 1792 990 1828 effe
1001 1796 1035 1829 in
1049 1794 1199 1829 cuniculo
1217 1822 1227 1836 ‚
1245 1791 1377 1829 absciss'o
1394 1793 1499 1828 cordis
1516 1802 1672 1828 mucrone
1689 1790 1764 1827 sano

358 1843 494 1889 guinem
506 1844 537 1876 in
551 1841 682 1876 diastole
696 1845 783 1877 exire
795 1871 805 1884 ,
817 1855 854 1876 ac
866 1843 1061 1877 ventriculos
1076 1843 1144 1878 fieri
1156 1842 1332 1889 ampliores
1348 1848 1381 1879 &
1394 1843 1551 1877 duriores.
1740 1863 1744 1867 -

392 1890 483 1935 Reffi.
497 1892 578 1926 Non
590 1892 705 1924 mirum
720 1890 781 1924 effe
796 1890 817 1925 fi
830 1890 950 1936 sanguis
972 1892 988 1926 ὲ
1002 1904 1157 1926 mucrone
1171 1890 1291 1925 disciffo
1304 1889 1416 1925 effluat
1436 1892 1469 1924 in
1483 1887 1615 1923 diastole
1629 1902 1637 1924 :
1655 1887 1707 1923 sed
1726 1888 1760 1923 id

359 1952 427 1974 non
443 1937 479 1973 fit
493 1951 563 1972 cum
575 1940 700 1986 impetu
713 1950 767 1981 ,ut
779 1941 813 1973 in
831 1937 953 1986 systole.
976 1940 1012 1973 Id
1026 1939 1105 1975 vero
1117 1951 1271 1989 negamus
1290 1952 1344 1974 cor
1361 1938 1432 1974 fieri
1445 1939 1550 1973 durius
1565 1939 1598 1972 in
1617 1937 1762 1976 diastole.

359 1989 447 2023 Cum
460 1999 569 2022 autem
582 1986 720 2022 cuniculi
732 1999 787 2021 cor
799 1986 1027 2036 fitaugustius,
1045 1988 1145 2035 quam
1165 2000 1200 2023 ut
1218 1991 1249 2024 in
1267 1993 1335 2036 ejus
1350 2000 1444 2023 motu
1464 1986 1596 2022 diastole
1618 1990 1651 2023 &
1665 1984 1760 2037 systo-

358 2036 391 2071 le
408 2035 541 2071 discerni
553 2036 622 2071 satis
636 2048 782 2072 accurate
793 2035 914 2085 poffint
926 2066 936 2081 ,
951 2050 1010 2072 nec
1022 2038 1191 2073 ventriculi
1210 2037 1280 2073 satis
1291 2037 1351 2073 sint
1369 2036 1487 2085 ampli,
1502 2048 1539 2071 ut
1555 2037 1671 2084 digitus
1694 2047 1758 2071 im-

360 2087 446 2121 mitti
457 2098 555 2133 queat
568 2103 576 2129 3
589 2098 730 2132 cumque
743 2088 774 2121 in
785 2085 980 2121 moribundo
992 2088 1122 2122 animali
1133 2092 1199 2136 jam
1211 2101 1266 2122 cor
1278 2086 1380 2136 ipsum
1391 2085 1572 2121 collabatur
1582 2114 1592 2128 ‚
1601 2097 1662 2119 nec
1671 2084 1759 2133 pres.

356 2134 403 2170 fio
414 2136 507 2183 digiti
517 2134 553 2170 [ir
566 2134 636 2169 satis
651 2133 805 2169 sensibilis
818 2165 826 2178 ‚
843 2149 910 2170 non
927 2138 1044 2171 mirum
1057 2138 1098 2172 est
1114 2137 1133 2172 si
1144 2149 1211 2172 tam
1225 2139 1385 2172 incertum
1400 2137 1660 2183 experimentum
1673 2135 1757 2169 Car-

359 2183 470 2219 tesmm
484 2183 640 2219 fefellerit
657 2199 665 2220 :
688 2196 759 2218 cum
775 2186 928 2219 tamenin
946 2198 1021 2220 rana
1037 2200 1106 2233 quce
1124 2189 1273 2222 vivacior
1293 2186 1337 2220 est
1349 2214 1359 2229 ,
1377 2191 1410 2223 δ(
1424 2195 1580 2233 exempto
1589 2183 1687 2217 corde
1701 2184 1761 2219 diu*

358 2235 443 2268 vivit
456 2262 464 2276 ‚
476 2234 507 2267 id
519 2236 652 2281 experiri
664 2231 815 2281 potuilset
827 2245 901 2276 ‚cor
915 2236 946 2268 in
960 2234 1090 2271 diastole
1105 2248 1210 2271 totum
1228 2235 1364 2279 rubere,
1383 2247 1456 2269 cum
1475 2232 1626 2282 sanguine
1638 2231 1758 2280 imple-

360 2293 410 2317 tur
424 2311 432 2325 ,
448 2285 522 2319 &in
537 2282 649 2331 systole
660 2282 831 2330 pallescere
844 2312 853 2326 ,
871 2295 942 2318 cum
957 2287 1093 2320 omnino
1112 2297 1294 2321 evacuatur.

394 2332 476 2378 opp.
495 2343 527 2367 20
545 2335 742 2380 Sanguinem
762 2345 799 2366 ex
825 2334 924 2367 variis
948 2332 1128 2380 liquoribus
1142 2335 1284 2369 constare
1296 2363 1306 2378 ,
1329 2346 1409 2381 quos
1423 2335 1453 2367 in
1469 2329 1660 2367 ventriculis
1679 2341 1752 2363 cor.

356 2380 405 2413 dis
419 2380 663 2416 fermentescere
679 2380 800 2416 neceffe
813 2382 855 2416 est
872 2396 879 2417 :
904 2394 978 2418 cum
998 2384 1085 2435 chyli
1105 2384 1280 2430 videlicet,
1292 2382 1521 2432 autlymphae,
1538 2378 1593 2416 seu
1612 2378 1751 2427 liquoris

355 2427 465 2477 aquosi
475 2442 584 2475 nova,
601 2436 634 2468 ὃ(
650 2433 732 2480 jugis
751 2430 808 2468 fiat
821 2429 965 2469 acceffio.
1556 2447 1562 2458 ⁸
