1878 2724
547 119 617 154 DE
654 117 1009 154 FOSSILIBUS.
1417 136 1470 170 4¹5

83 170 249 206 tormentis
259 177 364 215 partes
383 166 532 203 volatiles
558 173 591 204 δε
604 166 728 216 spiritus
746 167 935 203 exhalarunt
952 181 960 203 :
985 167 1039 202 sed
1061 170 1092 204 in
1112 167 1195 204 statu
1209 167 1375 204 fluiditatis
1395 184 1466 218 per-

81 217 235 254 severant.

84 289 102 306 ,·
115 269 189 304 Nec
201 264 317 302 dubito
326 268 406 313 quin
423 265 566 314 lapidum
581 293 591 309 ‚
609 265 787 301 [italiorum
799 278 970 314 corporum
988 268 1069 302 vires
1087 279 1126 302 ex
1138 267 1288 303 mistione
1306 266 1370 315 ipsa
1390 281 1463 304 cum

77 315 186 358 acidis,
199 326 255 351 aut
263 313 385 350 nitrosis
397 313 694 363 liquoribusaliqua
703 328 744 351 ex
756 327 846 364 parte
859 315 1106 354 innotescerent.
1121 319 1283 365 Perpauca
1296 328 1334 351 ex
1347 316 1463 354 doeto-

77 367 115 402 ‘te
125 364 231 413 Anglo
246 367 289 400 D.
301 363 331 396 G
333 377 414 398 revv
427 391 437 407 ,
451 376 549 411 quem
560 364 738 400 identidem
748 364 944 400 laudavimus
955 393 966 408 ,
979 366 1128 415 exempla
1141 365 1353 414 proferamus
1370 368 1464 416 Lapis

79 412 279 448 calaminaris
290 425 361 448 cum
376 413 486 461 spiritu
495 415 571 448 nitri
579 415 696 448 mixtus
705 413 820 455 celeri,
840 413 891 448 sed
901 426 1002 461 parvo
1011 427 1105 450 motu
1115 418 1251 464 agitatur
1270 431 1279 457 3
1296 427 1369 450 cum
1383 428 1466 463 aqua

79 461 156 498 forti
167 462 304 497 multum
316 461 494 506 efferyescit
507 490 517 505 ‚
536 473 611 497 curn
627 460 733 510 spiritu
745 461 869 497 vitrioli
878 460 917 497 fic
938 462 1109 499 indurescit
1123 492 1132 507 ‚
1146 476 1184 500 ut
1196 475 1281 510 aqua
1297 475 1370 498 cum
1393 464 1464 512 pul-

73 521 154 546 ‘vete
163 510 323 546 alabastri.
341 512 427 547 Cum
445 511 549 546 tuthia
569 509 694 558 spiritus
711 513 789 547 nitri
809 510 925 546 itidem
943 510 1143 549 effervescit:
1171 512 1223 548 sed
1246 511 1347 546 multo
1367 517 1468 561 magis

76 571 150 595 cum
162 560 270 595 oleum
290 559 412 595 vitrioli
429 560 501 596 huic
513 557 791 595 affunditur.Hinc
800 560 887 596 forte
902 560 1018 604 tuthia,
1035 566 1068 599 &
1082 561 1162 610 lapis
1176 561 1377 597 calaminaris
1388 574 1466 597 ocu-

77 607 115 648 lis
128 620 258 657 propter
272 607 369 644 salem
379 608 474 644 alcali
485 637 495 652 ,
509 620 546 643 ut
562 608 624 644 alia
637 613 700 657 ejus
714 611 840 657 generis
851 608 1000 657 plurima,
1015 610 1139 647 utiliter
1152 608 1357 646 adhibentur.

110 659 206 706 Lapis
218 657 313 693 lazuli
322 670 394 692 cum
411 657 521 706 spiritu
540 658 679 701 vitrioli,
701 663 735 695 &
753 656 872 697 fortius
895 670 971 693 cum
995 657 1105 708 spiritu
1130 661 1207 696 nitri
1228 671 1467 696 commovetur.

74 707 165 743 Hinc
176 708 225 741 vis
236 706 317 741 illius
328 708 493 756 purgatrix
504 708 539 742 in
552 705 615 742 sale
631 706 722 741 alcali
734 706 834 755 posita
843 707 888 742 est
901 735 912 750 ,
923 713 956 744 &
964 707 1088 743 morbis
1103 707 1466 757 hypochondriacis‚qtu

70 766 117 797 ex
134 755 228 790 acido
243 754 512 791 fermentescente
529 758 692 800 oriuntur,
706 758 755 790 uti
777 762 811 793 &
834 755 969 803 chalybs
984 757 1060 805 ipse,
1071 757 1191 792 utiliter
1208 755 1390 793 adhibetur.
1411 760 1468 793 Li-

68 816 174 852 :gnum
190 806 223 839 in
235 803 375 853 lapidem
386 803 573 840 conversum
581 804 697 840 nullius
714 806 797 842 acidi
811 806 1005 841 admistione
1021 818 1257 842 commovetur·
1275 806 1416 843 Conchae
1432 809 1466 844 in

74 853 198 901 lapides
211 864 340 888 mutata:
352 883 363 897 ‚
379 854 468 888 radix
478 852 678 902 gloffopetrae
689 867 763 889 cum
779 854 877 889 acidis
896 855 1144 893 tumultuantur.
1166 857 1263 904 Lapis
1278 858 1445 892 ceraunius
1458 885 1468 900 ,

73 900 127 940 seu
137 900 333 937 belemnites
345 931 356 946 ,
371 905 418 937 uti
432 908 464 940 δι
474 902 618 938 asterites
630 915 702 938 cum
713 902 824 952 spiritu
839 903 962 939 vitrioli
977 904 1127 941 nonnihil
1145 903 1305 940 ebu'liunt
1321 919 1328 940 :
1357 907 1405 940 uti
1431 911 1465 944 δε

69 950 244 986 corallium
262 952 351 998 quod
360 950 423 987 sine
438 952 531 987 fumo
540 964 614 986 cum
629 949 738 999 spiritu
752 951 875 988 vitrioli
888 951 1014 988 ebullit.
1032 953 1132 990 Unde
1150 954 1184 988 id
1204 952 1385 989 infantibus
1397 983 1407 998 ‚
1431 959 1466 991 &

75 1000 115 1034 iis
124 1002 181 1048 qui
189 998 289 1035 debili
298 999 367 1035 sunt
376 1012 511 1048 corpore
523 1000 604 1035 utile
614 1002 665 1036 est.
678 1001 741 1036 Sed
752 1002 976 1049 Magisterium
991 1001 1115 1036 corallii
1126 1001 1248 1050 vulgari
1259 1003 1359 1038 modo
1371 1015 1468 1051 pata..

72 1057 143 1083 tum
159 1060 220 1083 nec
230 1047 322 1083 alcali
334 1076 344 1092 ,
358 1062 418 1084 nec
435 1050 520 1084 acidi
533 1048 612 1084 sales
621 1062 852 1086 commovent:
867 1050 951 1085 adeo
967 1062 1004 1085 ut
1011 1050 1128 1086 nullius
1141 1049 1211 1086 usus
1227 1052 1288 1086 effe
1306 1052 1466 1088 videatur.

74 1098 211 1145 Spiritus
221 1109 322 1133 cornu
331 1097 581 1133 cervinonnihil
591 1097 705 1133 ebullit
716 1111 788 1133 cum
803 1098 909 1147 lapide
926 1098 1059 1134 caeruleo
1070 1128 1079 1142 ,
1094 1098 1146 1134 seu
1155 1099 1274 1134 ardefia
1292 1114 1300 1135 :
1325 1100 1410 1135 adeo
1431 1113 1467 1136 ut

73 1145 141 1181 haec
154 1144 247 1183 bolus
261 1145 420 1181 vitriolica
431 1147 596 1183 videatur:
613 1159 689 1183 nam
707 1148 836 1182 acidum
864 1153 898 1184 &
920 1147 1085 1194 stipticum.
1099 1147 1245 1196 saporem
1262 1161 1323 1196 prae
1345 1148 1374 1183 se
1392 1148 1466 1186 fert.

74 1194 176 1231 Unde
197 1200 231 1232 &
249 1196 386 1230 internis
396 1194 584 1230 vulneribus
602 1195 885 1232 &contufionibus
905 1196 990 1232 utilis
1008 1196 1146 1232 habetur
1162 1225 1173 1241 ,
1192 1198 1267 1232 dum
1285 1196 1467 1244 sanguinem

74 1242 314 1290 aliquantulum
328 1243 494 1292 coagulat,
511 1245 693 1292 &impedit
707 1247 880 1292 quominus
894 1258 968 1280 cum
980 1248 1105 1294 impetu
1122 1248 1156 1281 in
1172 1257 1298 1294 partem
1312 1245 1465 1282 affectam

76 1291 278 1340 impellatur:
305 1292 384 1327 levis
399 1304 506 1328 tamen
518 1293 565 1327 est
575 1292 627 1327 illa
638 1294 821 1341 coagulatio
834 1321 843 1336 ,
857 1305 893 1329 ut
910 1294 1031 1343 sanguis
1049 1294 1175 1330 vulneri
1192 1296 1317 1331 vicinus
1333 1295 1467 1342 circula..

72 1343 165 1376 *tione
176 1343 242 1376 cito
256 1340 408 1389 abreptus
423 1340 718 1377 inflammationem
729 1354 844 1379 arceat.

110 1391 156 1425 Ac
170 1390 210 1424 de
225 1388 384 1438 lapidibus
402 1393 580 1439 &gemmis
593 1391 660 1426 haec
676 1393 707 1426 in
716 1390 899 1428 universum
916 1389 1071 1426 sufficiant
1088 1405 1096 1427 ε
1122 1405 1190 1428 non
1201 1392 1360 1441 possumus
1377 1396 1466 1429 enim

36 1480 38 1483 .
71 1437 223 1474 *hocloco
240 1439 279 1472 acl
297 1451 410 1474 eorum
422 1439 540 1486 species
558 1438 760 1476 descendere.
779 1443 858 1475 Sunt
867 1440 999 1487 quidam
1014 1440 1134 1488 lapides
1148 1444 1262 1490 nigr0,
1281 1442 1336 1478 vel
1349 1455 1465 1476 croceo

75 1487 186 1522 colore
203 1489 296 1523 tinsti
310 1517 319 1530 ,
331 1489 389 1534 qui
402 1487 541 1523 multum
553 1488 592 1522 de
606 1499 717 1523 natura
742 1489 819 1524 ferri
833 1489 995 1524 referunt:
1013 1501 1048 1523 ut
1057 1501 1191 1537 magnes
1204 1519 1215 1533 ,
1227 1491 1405 1525 haematites
1426 1489 1465 1525 sic

70 1536 179 1571 dictus
200 1564 210 1579 ‚
245 1536 300 1571 vel
337 1537 424 1583 quod
449 1548 675 1584 erumpentem
704 1536 890 1585 sanguinem
926 1536 1074 1572 inhibeat
1102 1566 1112 1580 ‚
1146 1538 1201 1573 vel
1227 1540 1316 1585 quod
1345 1539 1468 1587 sangui-

72 1596 176 1620 neum
203 1584 329 1619 succum
367 1585 481 1620 reddat
512 1586 552 1620 ad
589 1597 697 1620 cotem
722 1599 730 1621 :
753 1587 830 1621 hinc
856 1585 970 1620 solutio
995 1585 1168 1621 haematitae
1194 1587 1349 1635 gallarum
1378 1588 1466 1622 infu-

75 1632 164 1668 fione
202 1635 234 1668 in
270 1645 376 1668 atrum
404 1633 549 1669 colorem
581 1634 756 1681 degenerat
780 1648 787 1669 ε
819 1634 911 1681 hujus
939 1636 1032 1668 variae
1054 1634 1123 1671 sunt
1150 1635 1268 1683 species
1311 1649 1318 1669 :
1363 1648 1401 1671 ut
1422 1637 1466 1672 la-

73 1684 125 1730 pis
138 1680 274 1724 scissilis,
299 1681 339 1716 fic
352 1683 456 1717 dietus
468 1683 556 1731 quod
582 1681 676 1718 facile
697 1683 861 1719 scindatur.
882 1682 944 1717 Illo
964 1694 1095 1718 utuntur
1109 1683 1253 1719 aurifices
1277 1683 1333 1720 ubi
1353 1698 1464 1733 argen-

73 1742 145 1765 tum
156 1732 311 1774 inaurant,
326 1730 377 1765 vel
391 1730 470 1766 folia
481 1744 551 1779 quae
566 1734 701 1780 gemmis
713 1732 811 1767 solent
829 1731 979 1779 subjicere
991 1761 999 1775 ‚
1015 1731 1202 1779 expoliunt:
1221 1732 1313 1780 hujus
1337 1737 1463 1782 generis

72 1779 121 1814 est
134 1782 255 1827 Smyris
266 1808 276 1823 ,
291 1780 447 1827 quonihil
464 1781 533 1817 fere
552 1781 601 1816 est
614 1781 719 1816 durius
739 1797 746 1817 :
770 1781 843 1818 hinc
856 1782 992 1828 gemmis
1011 1781 1171 1828 poliendis
1188 1785 1296 1830 magni
1313 1784 1358 1817 est
1379 1783 1465 1821 usus,

71 1830 122 1868 Hi
135 1827 256 1877 lapides
268 1831 300 1865 in
313 1828 389 1864 ferri
399 1829 518 1865 fodinis
531 1841 606 1873 „aut
617 1832 649 1865 in
664 1832 752 1864 terris
768 1829 926 1865 subrubris
940 1832 1152 1866 inveniuntur.
1167 1832 1266 1868 Unde
1285 1831 1441 1868 exsiccant
1457 1862 1467 1876 ‚

74 1877 555 1926 adstringunt,&consolidant.
573 1881 662 1914 Hinc
678 1882 778 1914 etiam
789 1890 879 1914 tanta
898 1892 1008 1914 eorum
1020 1881 1162 1927 gravitas
1184 1879 1330 1928 specifica
1350 1883 1463 1918 oritur.

72 1926 161 1963 Cum
173 1937 278 1962 autem
289 1927 371 1964 teste
380 1927 497 1976 Boylio
508 1930 677 1967 marmoris
688 1927 753 1962 albi
766 1930 905 1977 gravitas
915 1928 955 1963 ad
966 1940 1056 1975 aquae
1069 1932 1264 1976 gravitatem
1279 1929 1314 1964 fit
1329 1929 1397 1966 fere
1407 1960 1415 1973 ‚
1428 1943 1465 1966 ut

75 1986 175 2011 zeum
192 1973 312 2012 semisse
326 1975 366 2012 ad
377 1989 390 2010 ι
404 2004 413 2018 ,
431 1989 562 2023 magnes
579 1990 613 2011 ut
625 1976 796 2025 plurimum
814 1978 857 2011 est
873 1976 1054 2025 quadruplo
1065 1989 1150 2024 aqua
1164 1982 1293 2027 gravius
1313 1996 1322 2021 ς
1344 1979 1465 2015 haema-

74 2025 152 2062 ‚tites
165 2022 338 2071 quintuplo
348 2040 358 2067 3
367 2024 445 2071 lapis
454 2025 654 2061 calaminaris
672 2039 739 2073 quo
750 2037 880 2066 utuntur
892 2028 925 2060 in
935 2027 1158 2062 convertendo
1172 2040 1272 2075 cupro
1289 2031 1320 2062 in
1333 2041 1372 2062 aes
1386 2058 1395 2071 ,
1413 2028 1464 2065 seu

70 2074 109 2111 ,in
124 2071 338 2111 aurichalcum
349 2099 359 2113 2,
374 2074 417 2108 est
427 2072 495 2108 fere
505 2074 602 2108 instar
611 2077 788 2121 magnetis,
805 2078 854 2113 uti
873 2074 974 2109 tuthia
986 2075 1077 2111 instar
1088 2074 1261 2112 haematitae
1285 2078 1464 2126 ponderat:

71 2132 207 2169 gagates
225 2123 282 2167 qui
299 2119 412 2159 fossilis
426 2122 472 2155 est
483 2149 493 2163 ,
515 2121 654 2169 ejusdem
668 2123 735 2161 fere
746 2125 789 2162 est
800 2124 949 2171 ponderis
963 2135 1036 2158 cum
1045 2136 1137 2171 aqua.

117 2172 220 2208 Mitto
231 2171 274 2208 de
284 2169 354 2207 aliis
367 2169 526 2218 lapidibus
536 2171 642 2205 dicere
653 2200 662 2213 ‚
679 2183 714 2205 ut
725 2173 764 2209 de
780 2171 863 2211 talco
875 2201 884 2215 ,
896 2174 1000 2218 quiex
1016 2172 1151 2207 lamellis
1173 2171 1332 2213 flexilibus
1367 2178 1399 2209 &
1418 2185 1465 2206 ar-

72 2221 200 2266 genteis
210 2247 220 2262 ‚
234 2230 271 2257 ut
285 2217 364 2267 lapis
376 2218 540 2266 specularis
551 2220 676 2255 constat
689 2248 697 2264 ,
711 2219 765 2255 nifi
775 2222 860 2268 quod
876 2221 928 2256 hic
946 2221 1038 2257 instat
1057 2223 1132 2256 vitri
1151 2221 1305 2269 pellucet.
1338 2225 1380 2257 Ex
1395 2220 1465 2256 alu-

79 2270 166 2302 mine
176 2267 322 2316 plumoso
332 2280 386 2302 aut
408 2266 509 2303 sciffili
524 2267 606 2303 fiunt
635 2268 793 2313 ellychnia
809 2282 982 2318 perpetua,
999 2282 1034 2305 ut
1057 2282 1094 2303 ex
1115 2272 1280 2312 ami-anto,
1295 2282 1392 2316 quem
1418 2269 1464 2303 id-

74 2317 164 2355 circo
180 2328 307 2355 ueteres
319 2316 475 2358 asbestum
488 2317 609 2356 dixere,
620 2318 740 2358 Refert
748 2319 868 2356 Plinius
889 2319 909 2354 a
924 2319 954 2355 se
966 2318 1048 2354 visas
1064 2318 1123 2351 effe
1133 2328 1266 2365 mappas
1277 2332 1316 2352 ex
1331 2331 1362 2351 eo
1375 2319 1464 2362 info-

72 2365 124 2403 761'5
133 2368 352 2406 conviviorum
361 2365 686 2413 ardentc5‚sordibus
701 2367 817 2412 exustis
834 2370 935 2417 magis
944 2366 1156 2416 splendescere
1171 2368 1256 2414 igni,
1283 2365 1380 2414 qm‘tm
1397 2369 1467 2417 posL
1496 2394 1499 2397 -
