1878 2724
31 411 41 425 Ι

77 192 140 242 'qua
151 190 242 242 parte
250 187 418 227 cerebrum
434 188 554 239 spe-&at
563 219 574 234 ,
593 184 844 239 apophyfimaut
856 189 936 224 lame
942 187 1019 223 llam
1029 184 1173 223 ert-&am
1182 184 1389 232 emittit‚quae
1400 147 1463 225 gg

69 244 126 277 'sta
135 240 211 290 galli
225 269 235 284 ,
251 240 295 275 ob
312 239 554 275 similitudinem
569 239 630 274 dici
641 238 729 274 solet.
747 239 825 287 Qa
834 236 914 274 vero
928 247 1019 286 parte
1035 234 1144 271 nasum
1151 233 1279 282 respicit
1290 261 1300 276 ,
1316 235 1350 269 in
1362 233 1459 270 aliam

74 301 207 338 quoque
226 287 414 339 apophyfirn
433 288 565 332 desinit,
586 299 658 336 quae
675 299 790 323 vomer
803 289 995 323 nominatur.
1020 286 1102 319 Sunt
1117 284 1188 319 ahae
1212 281 1352 330 lamellae
1366 281 1459 319 offex

71 344 158 374 'cum
169 336 232 374 osse
241 337 382 373 cribroso
396 340 590 374 continuatae
600 349 672 386 quae
682 348 718 372 os
731 333 874 372 efficiunt
886 332 1097 383 spongiosum.

110 389 148 422 In
163 385 289 422 naribus
301 387 433 423 demum
442 385 510 422 sunt
524 387 592 421 duae
604 384 740 421 lamellae
757 383 847 421 offeae
862 413 870 428 ‚
890 395 1026 432 quarum
1045 384 1148 431 prima
1170 386 1205 418 ὃ(
1226 379 1364 415 inferior
1385 377 1462 416 offis

71 435 246 470 maxillaris
257 438 385 471 interno
396 436 487 470 lateri
497 436 699 472 conneffitur
710 451 719 479 3
732 445 836 482 eaque
851 433 950 468 latum
963 431 1054 468 velut
1065 443 1183 466 uncum
1194 429 1294 464 efficit
1304 458 1314 472 ,
1337 441 1404 476 quo
1422 427 1462 464 si·

70 489 133 520 'nus
144 484 286 520 maxillae
300 484 452 521 foramini
469 483 624 533 infigitur.
641 485 792 531 Superior
813 481 943 518 lamella
963 482 980 518 ὲ
1000 478 1140 515 cribroso
1159 478 1222 514 offe
1241 480 1293 513 cui
1304 480 1459 513 continua

74 533 138 577 est,
154 531 295 582 suspensa
307 562 317 577 ,
345 533 366 570 ὲ
382 544 473 582 parte
485 535 656 582 posteriore
672 530 771 568 divisa
781 531 857 566 duas
870 529 1036 566 laminulas
1048 540 1133 563 creat
1145 557 1155 571 ‚
1168 530 1252 563 inter
1278 538 1357 574 quas
1369 531 1403 563 &
1419 537 1460 561 os

73 580 155 617 illud
163 582 248 630 quod
260 581 390 631 planum
400 583 545 618 vocitant
558 610 568 626 ‚
583 582 670 629 quod
697 593 736 616 ue
747 582 934 616 interiorem
949 577 1155 616 &lateralem
1165 575 1253 612 oculi
1263 575 1375 610 orbitae
1383 586 1460 622 par-

75 640 144 665 tem
155 631 321 666 constituit
331 660 340 674 ‚
350 630 488 680 plurima
498 629 565 666 sunt
576 630 659 667 ossea
691 629 790 666 oliola
799 657 808 672 ‚
824 641 896 676 quae
909 628 1013 678 plures
1026 627 1170 661 condunt
1185 624 1316 660 cellulas
1330 622 1368 658 fic
1382 620 1458 657 effi-

73 678 142 715 stas
152 689 236 714 utex
245 679 313 714 aliis
324 682 356 714 in
366 679 442 715 alias
449 691 562 729 pateat
577 680 689 715 aditus.
709 681 773 715 Hae
792 677 928 714 lamella:
939 676 980 713 ab
995 674 1059 711 offe
1071 673 1212 710 cribroso
1229 671 1381 722 profe&
1393 670 1458 708 uni

70 738 146 762 scum
159 727 281 762 cellulis
299 730 452 765 interiore
464 730 571 765 tunica
588 727 652 764 nasi
660 728 847 765 vestiuntur.

112 775 276 823 Qorsum
289 789 398 812 autem
416 789 484 813 tam
499 777 669 826 exquisitus
681 779 713 813 in
727 788 766 811 ea
784 787 875 824 parte
895 772 996 808 sensus
1008 799 1018 815 ,
1049 784 1103 807 aut
1120 770 1317 808 membranae
1332 780 1457 804 textura

74 834 142 859 tam
152 824 318 871 peculiaris
329 855 339 870 ‚
354 825 408 862 nisi
420 826 491 862 huic
505 826 574 862 usus
587 836 718 873 quoque
731 823 767 859 fit
785 824 948 872 peculiaris
968 821 987 857 ὲ
1000 833 1111 857 natura
1123 820 1259 856 tributus
1280 829 1291 855 Ξ
1317 821 1404 854 Hinc
1421 819 1455 853 in

70 871 280 916 *distillatione
292 886 347 910 aut
356 886 495 924 coryza,
506 886 580 910 curn
589 875 656 911 haec
669 874 778 909 tunica
784 874 890 908 nimio
901 871 1037 906 humore
1054 870 1166 905 madet
1177 897 1188 913 ,
1208 868 1348 903 olfactus
1361 868 1457 916 peni-

69 930 125 956 ·tus
139 920 338 959 obtunditur.

103 970 180 1018 Jam
191 969 271 1005 vero
284 972 316 1007 id
325 971 457 1008 dubium
469 972 605 1007 minime
616 971 756 1014 videtur,
767 968 987 1005 distillationes
997 972 1110 1018 capitis
1119 981 1186 1004 non
1197 977 1264 1003 tam
1276 965 1296 1001 {a
1309 961 1458 1005 cerebro,

72 1018 175 1065 quarn
186 1017 370 1067 &glandulis
383 1021 467 1055 male
480 1019 604 1056 affeffis
615 1019 769 1068 proficisci
787 1032 796 1054 :
810 1029 908 1065 atque
920 1018 951 1052 id
967 1021 1230 1066 optime-:autum
1248 1014 1292 1049 est
1304 1012 1457 1054 anatura,

73 1078 117 1101 ne
128 1065 285 1102 colluvies
295 1067 395 1104 setosa
407 1072 439 1104 iu
451 1068 618 1105 cerebrum
632 1068 727 1116 usque
740 1077 897 1116 penetret.
909 1068 997 1102 Nam
1007 1069 1041 1102 in
1058 1066 1156 1100 oculis
1173 1094 1183 1107 ,
1200 1070 1234 1101 δε
1243 1060 1371 1097 naribus
1383 1057 1455 1106 ipsis

73 1112 207 1149 infinitae
215 1114 286 1152 sunt
297 1116 457 1166 glandulae
469 1147 480 1161 ‚
495 1130 563 1166 quae
578 1116 712 1152 fetosum
729 1117 900 1152 humorem
918 1114 1094 1150 secernunt.
1111 1112 1287 1160 Postquam
1303 1110 1391 1144 enim
1404 1107 1456 1142 hic

71 1164 196 1198 aurium
209 1166 364 1200 cavitates
375 1194 385 1209 ‚
398 1166 519 1210 oculos,
531 1178 639 1209 nares,
653 1165 760 1200 fauces
775 1165 921 1212 irrigavit
931 1191 940 1206 ‚
952 1175 991 1198 ex
1001 1162 1195 1210 auribusper
1204 1158 1460 1207 aelim-ductum,

71 1221 112 1246 ex
129 1210 229 1246 oculis
239 1225 295 1260 pet
308 1215 427 1262 pund&
442 1213 625 1263 lacrymalia
642 1215 676 1248 in
686 1226 776 1249 nares
787 1242 796 1256 ‚
816 1213 1018 1260 hinc-partim
1037 1224 1093 1260 per
1109 1212 1278 1259 ingen-tem
1289 1208 1410 1242 hiatum
1422 1206 1456 1240 in

71 1257 182 1294 fauces
193 1288 202 1303 ,
214 1264 331 1308 partim
349 1274 406 1310 per
421 1264 587 1312 angustum
602 1262 720 1297 fretum
736 1264 767 1297 in
778 1264 840 1296 oris
849 1263 1025 1295 cavitatem
1036 1289 1045 1303 ,
1058 1272 1126 1295 tum
1140 1271 1197 1307 per
1205 1256 1411 1305 oesophagum
1421 1255 1457 1288 in

71 1308 289 1354 ventriculum
301 1311 485 1347 &intestina
500 1341 509 1354 ,
521 1323 589 1346 tuni
601 1310 686 1347 forte
694 1313 726 1346 in
736 1309 807 1346 vasa
816 1309 986 1359 sanguinea
1005 1321 1062 1357 per
1078 1308 1166 1357 chyli
1187 1313 1220 1343 &
1244 1304 1386 1354 lymphae
1396 1303 1455 1336 du-

72 1357 142 1391 &us
160 1355 249 1392 suum
265 1360 432 1405 circui-tum
442 1359 590 1395 absolvit.
604 1360 691 1395 Cum
702 1371 810 1394 autem
822 1359 1002 1405 quantitate
1013 1386 1024 1401 ,
1048 1368 1103 1391 aut
1117 1356 1271 1404 qualitate
1289 1356 1314 1387 is
1338 1352 1455 1386 humor

71 1407 257 1449 peccaverit
266 1437 273 1451 ,
285 1419 352 1454 turn
362 1407 470 1442 morbi
485 1414 518 1446 δ(
528 1408 666 1444 catharri
678 1409 835 1456 imprimis
844 1409 999 1442 oriuntur.
1015 1408 1097 1441 Sunt
1109 1417 1219 1440 autem
1231 1399 1386 1451 glandulae
1395 1412 1454 1435 ve-

72 1451 122 1488 lut
129 1450 233 1490 cribra
243 1455 361 1506 quibus
370 1455 474 1493 serum
483 1457 504 1494 ὲ
515 1456 665 1506 sanguine
677 1456 854 1492 secernitur.
875 1455 938 1490 Sed
955 1454 996 1490 de
1009 1455 1057 1490 his
1067 1453 1144 1504 saepe
1158 1452 1331 1489 dicendum
1343 1449 1395 1485 est.

616 1554 648 1591 C
660 1555 688 1588 A
705 1556 729 1590 Ρ
741 1553 774 1593 U
788 1555 818 1590 T
853 1555 867 1589 1
881 1557 923 1591 V.

499 1653 557 1686 De
573 1652 687 1686 auditu
706 1650 745 1688 (ῥ’
769 1651 857 1686 illius
872 1654 1000 1699 'organo-

170 1752 292 1790 Uditfis
301 1762 454 1798 organum
465 1751 496 1785 in
512 1761 573 1784 tres
585 1761 688 1795 partes
699 1749 888 1786 distinctum
903 1749 1039 1783 videtur.
1056 1748 1163 1782 Prima
1173 1741 1343 1778 auriculam
1358 1740 1455 1788 ipsam

171 1814 243 1836 cum
261 1810 353 1834 antro
374 1799 549 1841 exteriori,
576 1803 609 1835 &
633 1810 792 1846 tympano
803 1797 1039 1845 complectitur.
1058 1799 1093 1829 ln
1114 1793 1250 1829 secunda
1267 1792 1310 1826 est
1328 1802 1455 1825 antrum

72 1850 236 1895 quoddam
247 1850 376 1884 interius
393 1859 467 1882 cum
476 1847 595 1895 duplici
606 1859 660 1881 aut
672 1847 790 1895 triplici
803 1846 929 1881 ostiolo.
942 1847 1055 1881 Tertia
1064 1845 1201 1890 denique
1215 1853 1254 1876 ex
1267 1839 1385 1889 duplici
1394 1849 1455 1874 ve·

70 1895 119 1931 lut
127 1896 259 1940 cochlea
271 1925 280 1941 ,
299 1908 371 1932 cum
383 1895 508 1930 duobus
521 1897 611 1931 nervi
624 1895 773 1931 auditorii
793 1897 887 1930 ramis
909 1894 1136 1942 compingitur.

108 1945 257 1987 Auricula
270 1957 308 1979 ex
319 1945 386 1978 lato
396 1945 427 1979 in
437 1945 555 1990 arCtius
567 1943 702 1991 spatium
715 1943 825 1980 sensim
841 1944 1008 1978 commeta
1022 1943 1063 1976 est
1079 1970 1089 1985 ,
1108 1953 1175 1988 quo
1195 1938 1267 1987 plus
1287 1937 1366 1971 aeris
1379 1946 1455 1983 per-

72 1990 146 2028 cuffi
159 2021 168 2036 ‚
177 1997 212 2029 &
226 1992 316 2027 velut
325 1990 508 2026 undulantis
517 1993 670 2038 excipiat.
687 1992 735 2027 Est
752 1995 840 2027 enim
858 1993 949 2026 instat
963 2001 1140 2033 cornu‚aut
1153 1991 1226 2023 coni
1238 1998 1339 2034 quem
1350 1983 1455 2018 surda-

74 2041 128 2075 stri
151 2040 254 2076 solent
281 2038 410 2074 auribus
437 2039 630 2079 admovere,
654 2051 692 2073 ut
715 2040 888 2074 tremulum
921 2041 1000 2073 aeris
1026 2049 1155 2073 motum
1177 2036 1321 2084 colligar.
1353 2032 1455 2068 Unde

70 2087 191 2136 quibus
201 2100 287 2123 aures
295 2085 421 2122 rese&
436 2086 569 2122 fuerunt
584 2115 594 2129 ‚
622 2088 643 2120 ii
656 2087 788 2133 quidem
799 2085 958 2122 obtusiore
971 2085 1041 2121 sunt
1052 2086 1161 2120 auditu
1175 2114 1184 2128 ‚
1199 2090 1233 2122 &
1245 2084 1335 2119 bruta
1353 2080 1454 2115 solent

72 2137 224 2184 auriculas
236 2150 277 2171 eo
287 2147 497 2178 convertere,
518 2135 605 2170 unde
622 2133 713 2172 sonus
731 2134 943 2183 proficiscitur.
964 2137 1055 2171 Auris
1070 2133 1222 2183 cartilago
1236 2136 1268 2168 in
1282 2133 1385 2165 varios
1397 2127 1456 2162 fle-

72 2192 130 2222 'xus
146 2183 419 2232 contorta,clefinit
435 2186 468 2218 in
483 2191 555 2217 eam
565 2182 834 2230 ‹cavitatem‚vqnae
848 2184 971 2218 concha
984 2186 1140 2218 vocitatur
1151 2212 1160 2224 ,
1170 2182 1258 2229 quod
1272 2181 1390 2214 limacis
1403 2189 1457 2210 co-

73 2234 200 2279 chleam
215 2233 349 2274 referat.
369 2231 550 2267 Substantia
570 2230 650 2265 illius
668 2231 715 2265 est
741 2232 964 2280 cartilaginea,
993 2244 1034 2267 ne
1054 2231 1075 2266 si
1089 2230 1218 2266 mollior
1241 2227 1315 2262 effe-t
1328 2255 1338 2269 ,
1362 2229 1459 2260 {onos

73 2282 354 2331 fraiigeresstporius
366 2280 465 2326 quam
478 2280 672 2316 admitterer.
689 2281 749 2315 Per
760 2283 864 2314 varios
873 2280 972 2315 flexus
987 2285 1020 2317 &
1030 2280 1190 2315 anfractus
1205 2279 1238 2311 in
1256 2276 1380 2323 specum
1399 2285 1458 2308 an-

75 2333 225 2377 teriorem
234 2329 364 2366 desinit:
381 2333 470 2377 cujus
489 2328 638 2364 foramen
653 2327 742 2363 firma
760 2327 946 2364 membrana
959 2357 969 2371 ‚
992 2340 1089 2374 quarn
1108 2338 1299 2375 tympanum
1316 2332 1434 2357 vocant
1444 2348 1456 2364 ‚

72 2377 256 2423 obducitur.
278 2377 496 2416 Anfractuosae
509 2377 572 2413 illae
590 2377 679 2427 spirae
702 2388 895 2427 tympanum
911 2376 954 2412 ab
968 2378 1108 2414 externis
1122 2375 1243 2422 injuriis
1258 2385 1362 2408 rutum
1380 2382 1461 2421 praeq

1127 2425 1158 2461 A
1169 2436 1187 2458 a
1197 2435 1214 2457 a
1224 2435 1242 2457 a
1267 2424 1298 2472 iij
