1878 2724
491 92 564 130 DE
600 92 764 129 MOTU
801 91 1073 129 SIDERUM.
1394 109 1430 132 22

68 141 331 182 sudsubofcurum
340 139 585 191 apparebat.Ac
595 142 726 177 demum
740 140 964 190 parallelismus
982 142 1036 177 ille
1053 138 1155 177 fasciae
1166 152 1239 176 cum
1253 140 1394 178 ansarum
1407 111 1450 178 lis.

73 207 135 231 nea
147 221 156 237 ,
177 204 230 227 aut
240 197 362 241 majore
377 193 535 227 diametro
546 190 656 226 annuli
667 191 698 225 id
714 192 840 226 videtur
853 189 1036 238 persuadere
1050 192 1287 226 connexionem
1301 189 1446 239 aliquam

67 241 130 278 effi-
146 254 197 276 aut
210 243 258 286 de¹
277 241 461 277 tndentiam
480 243 562 276 inter
575 239 729 276 annulum
742 252 779 279 ac
792 238 1001 275 lumenasole
1023 237 1180 275 reflexum
1200 241 1233 273 in
1256 251 1370 287 corpus
1387 243 1445 276 Sa-

67 292 149 327 turni
159 302 196 324 ex
209 287 269 325 una
288 300 396 338 parte,
415 295 447 326 &
461 289 589 325 fasciam
600 300 652 323 aut
662 301 779 325 zonam
791 287 1013 327 subobscuram
1032 300 1071 323 ex
1087 299 1177 336 parte
1187 287 1297 327 altera,
1316 289 1372 327 lsta
1392 290 1446 326 fe-

65 351 100 375 te
113 341 243 387 conjicit
261 342 308 373 vir
322 338 431 374 clariff.
452 340 486 373 in
504 337 718 373 d1ffettatione
737 337 796 373 hac
811 337 850 371 de
866 350 900 372 re
917 336 1103 386 conscripta.
1128 340 1172 372 Ex
1191 349 1255 384 quo
1273 339 1386 388 utique
1403 339 1445 377 li..

41 384 45 387 ’
64 398 145 436 quet
157 390 280 422 Saturni
292 389 371 421 circa
384 390 548 435 proprium
566 399 710 423 centrum
728 388 919 434 vertiginem
930 398 967 421 ex
980 387 1042 423 hoc
1057 386 1275 434 phaenomeuo
1287 398 1348 420 nec
1363 399 1444 424 con-

63 436 152 471 cludi
178 434 264 484 posse
285 448 343 471 nec
357 436 474 472 refelli.
492 438 581 472 Hinc
599 447 711 470 tamen·
731 435 970 469 revolutionem
993 437 1119 471 Saturni
1145 436 1227 468 circa
1249 433 1444 481 peculiarem

61 497 156 520 axem
192 486 324 533 conjicit
347 488 390 520 D.
415 484 579 526 caninus,
603 483 691 531 quod
712 494 826 531 quarta
846 482 866 518 ἐι
889 485 992 531 prima
1025 482 1250 519 observatione
1277 482 1356 518 hora
1377 484 1443 520 visa

63 531 100 568 sit
112 532 201 569 velut
216 546 298 569 zona
315 534 452 570 candida
469 539 502 571 δι
521 533 624 568 lucida
635 536 718 568 inter
733 530 898 567 obscuram
910 545 1026 567 zonam
1045 539 1077 570 &
1091 531 1240 567 annulum
1250 559 1260 574 ‚
1275 543 1349 578 quae
1368 533 1442 569 ant&

62 594 132 618 non
151 593 358 630 apparuerat,
381 595 517 630 quaeque
531 582 651 630 P0st24
662 581 754 615 horas
769 593 828 615 nec
846 579 1027 628 suicopiam
1046 581 1123 616 fecit
1138 598 1147 624 ·‚
1160 579 1211 614 secl
1230 579 1291 614 alia
1309 579 1373 615 visa
1397 583 1442 617 est

62 631 177 665 itidem
195 630 299 665 lucida
312 631 394 666 ultra
411 630 587 666 obscuram.
608 630 709 677 Qod
728 630 945 665 forteevincit
962 642 1013 665 eas
1033 642 1132 666 zonas
1146 629 1208 665 unii
1220 641 1291 663 cum
1304 632 1443 668 Saturno

61 680 221 726 integram
231 678 470 714 revolutionem
484 693 550 715 non
560 676 712 726 perficere
725 693 732 714 :
743 678 794 712 sed
809 690 862 712 eas
875 690 908 714 ur
923 681 1047 728 inJ9ve
1064 679 1253 724 interrumpi
1266 706 1275 720 ‚
1288 690 1324 712 ac
1332 681 1443 715 Satur.

60 738 139 767 num
151 729 183 761 in
198 726 248 762 sua
259 727 467 762 revolutione
478 728 581 764 modo
590 740 686 763 unam
704 756 714 770 ,
732 725 835 762 modo
845 727 978 762 alteram
995 727 1163 764 candidam
1178 726 1273 761 nobis
1285 725 1441 763 obverte-

62 785 150 818 tere,
168 787 222 811 aut
232 787 375 811 recentes
388 775 520 812 formari
540 783 573 814 δι
592 775 779 812 evanescere
791 803 802 818 ,
828 778 874 809 uti
892 778 1013 825 injove
1029 775 1073 811 ob
1088 786 1232 810 ervatum
1255 774 1326 810 fuit
1354 778 1440 813 Vide

60 822 203 907 tfibulam
221 824 432 862 secundamin
448 827 695 866 tettioxtraetatu
707 836 766 860 aere
785 823 912 860 incisam
928 854 938 869 ‚
950 824 1022 874 ‘ubi
1039 824 1102 861 hoc
1117 823 1358 873 phaeiiomenon
1381 826 1440 862 de-

92 883 230 909 fleatur.-

535 971 589 1006 De
607 973 742 1008 Saturni
750 971 958 1020 fhtellitibus.
973 996 976 1000 -

93 1070 146 1105 De
156 1069 287 1105 Saturni
298 1067 416 1105 annulo
429 1069 633 1117 exHugenio
643 1098 652 1112 ‚
663 1072 719 1117 qui
737 1072 855 1117 primus
864 1080 939 1104 ‘eum
949 1066 1084 1111 detexit,
1103 1074 1136 1107 &
1147 1070 1278 1107 Caffino
1290 1072 1344 1119 qui
1355 1071 1439 1105 mul-

62 1127 96 1152 ta
116 1130 248 1165 quoque
262 1120 343 1152 circa
363 1117 502 1152 eundem
515 1116 667 1153 annulum
687 1118 889 1160 observavit,
907 1116 976 1152 satis
999 1117 1099 1152 multa
1113 1118 1272 1156 diximus:
1290 1131 1374 1155 nunc
1397 1119 1438 1153 de

62 1164 163 1200 tribus
185 1166 274 1214 hujus
290 1164 624 1214 planetaesatellitibus
640 1194 650 1209 ,
668 1169 721 1213 qui
737 1180 776 1202 ex
794 1166 903 1202 iisdem
920 1165 1040 1201 doetils.
1058 1167 1142 1202 Viris
1155 1197 1165 1211 ,
1182 1170 1236 1216 qui
1252 1180 1307 1203 eos
1321 1160 1439 1214 satelli-

62 1225 109 1248 tes
127 1217 222 1262 primi
247 1214 456 1249 observarunt
475 1241 485 1256 ‚
508 1219 544 1250 δε
560 1226 670 1248 eorum
697 1217 848 1263 periodos·
868 1213 1081 1258 definierunt,
1107 1227 1264 1265 perpauca
1283 1211 1436 1253 dicamus.

57 1263 136 1297 Hoc
153 1265 264 1311 utique
282 1275 455 1298 commune
469 1260 612 1306 habent,
627 1274 662 1297 ut
679 1265 712 1298 in
725 1263 823 1311 plano
837 1263 905 1297 fere
919 1263 1030 1297 annuli
1046 1266 1225 1299 continuati
1242 1263 1312 1300 suos
1330 1276 1436 1300 motus

61 1309 248 1355 absolvant,
259 1310 280 1346 fi
291 1314 419 1346 tertium
438 1313 599 1358 exceperis
612 1339 622 1354 ,
631 1313 689 1358 qui
704 1311 852 1348 nonnihil
867 1310 909 1346 ab
922 1323 966 1346 eo·
975 1311 1074 1358 plano
1088 1312 1248 1358 deflectit:

96 1361 144 1397 Ac
154 1362 272 1407 primus
286 1361 417 1407 quidem
425 1358 578 1394 satelles&
591 1371 705 1395 centro
723 1362 850 1395 Saturni
869 1372 929 1394 una
947 1359 1057 1395 annuli
1076 1361 1234 1398 diametro
1258 1366 1291 1398 &
1309 1360 1451 1399 duabus·

61 1410 163 1443 tertiis
175 1409 269 1443 distat
282 1423 292 1445 :
307 1411 391 1443 circa
409 1411 578 1443 Saturnum
589 1407 692 1454 spatio
704 1409 872 1455 4.dierum
896 1421 930 1442 12
944 1408 1013 1444 hor.
1037 1417 1097 1450 27⁴
1112 1413 1226 1446 minut.
1241 1409 1437 1447 revolvitur.
1451 1435 1453 1437 -

59 1455 252 1506 Telescopio
280 1471 309 1505 35
332 1457 449 1506 pedum
466 1459 499 1491 in
518 1458 663 1490 maximis
681 1456 702 1492 ξι
719 1459 854 1492 Saturno
871 1455 1115 1504 digreffionibus
1128 1458 1333 1506 conspicitur:
1350 1470 1435 1494 nun-

57 1517 155 1553 quam
166 1519 244 1541 vero
258 1505 299 1540 sui
313 1508 440 1554 copiam
451 1505 529 1539 facit
537 1533 547 1548 ,
560 1517 633 1538 cum
645 1506 781 1541 Saturno
790 1508 925 1540 vicinior
935 1506 980 1539 est
994 1520 1003 1541 :
1016 1506 1154 1543 necdum
1166 1508 1269 1541 videri
1283 1509 1389 1554 potuit
1401 1509 1434 1542 in

59 1554 342 1601 conjunc‘ltionibus
354 1567 426 1588 cum
438 1556 571 1589 Saturno
585 1582 595 1596 ,
607 1556 706 1588 etiam
721 1557 756 1588 in
766 1556 904 1588 maxima
916 1553 1085 1589 latitudine
1099 1571 1107 1598 ς
1127 1556 1211 1590 unde
1221 1555 1351 1591 alternis
1364 1567 1434 1590 tan-

61 1613 128 1637 tum
145 1603 260 1637 diebus
274 1605 420 1638 cernitur.
438 1605 535 1637 Anno
553 1609 608 1646 167
620 1614 638 1636 2
666 1603 700 1636 in
714 1601 949 1638 Observatorio
965 1603 1077 1651 Regio
1101 1602 1122 1638 ὲ·
1145 1602 1273 1639 Caffino
1291 1605 1433 1650 primum

58 1649 139 1687 visus
151 1650 223 1687 fuir.
859 1693 861 1695 ¹

94 1700 256 1734 Secundus
267 1698 390 1734 satelles
410 1697 505 1746 longe
515 1709 590 1733 ante
598 1698 804 1748 abHugenio
814 1697 1000 1734 observatus
1015 1698 1138 1742 fuerav,
1156 1697 1244 1746 isque
1265 1699 1370 1734 multo
1388 1700 1432 1735 est

60 1745 235 1783 illustrior:
252 1761 326 1783 nam
341 1747 493 1782 mediocri
519 1746 690 1796 telescopio
715 1749 833 1796 percipi
854 1747 970 1795 potest.
990 1750 1018 1781 Is
1039 1762 1064 1792 4
1094 1748 1258 1782 diametris
1277 1747 1397 1783 annulli
1412 1748 1433 1784 ἓι

59 1807 173 1831 centro
188 1797 314 1831 Saturni
333 1808 535 1838 removetur,
550 1801 583 1833 ὅ(
596 1798 678 1831 circa
695 1809 769 1830 eum
782 1795 882 1844 spatio
894 1798 924 1829 16
935 1797 1059 1831 dierum
1075 1809 1112 1840 23
1122 1796 1271 1831 horarum
1285 1799 1430 1832 vertitur:

59 1855 96 1878 ac
111 1843 162 1878 suo
173 1845 391 1879 motulineam
416 1847 580 1891 apparenti
598 1844 704 1879 annuli
721 1844 986 1879 circumferentiae
1006 1844 1154 1879 describit
1174 1843 1357 1891 parallelam
1374 1860 1382 1881 :
1399 1847 1432 1881 in

60 1893 341 1938 conjuuffionibus
361 1906 432 1927 cum
455 1895 590 1928 Saturno
601 1922 610 1936 ,
623 1893 710 1940 quod
730 1892 810 1941 saepe
825 1906 975 1942 magnam
988 1892 1107 1928 habeat
1124 1892 1328 1928 latitudinem
1340 1922 1350 1936 ,
1361 1892 1432 1941 ple-

61 1950 197 1985 rumque
211 1941 403 1990 conspicitur
415 1968 424 1984 ,
437 1939 500 1975 sive
513 1944 695 1989 conjunctio
704 1941 761 1976 fiat
776 1946 807 1977 in
820 1954 910 1991 parte
924 1941 1095 1991 superiori,
1116 1941 1178 1976 five
1196 1945 1230 1976 in
1244 1953 1335 1990 parte
1348 1942 1432 1978 infe-

60 1999 148 2022 nori.

106 2037 231 2071 Tertius
241 2035 362 2070 satelles
372 2037 392 2071 a
401 2037 529 2072 Caffino
537 2039 671 2083 primum
683 2038 893 2087 deprehensus
909 2039 972 2074 fuit
991 2052 1077 2074 anno
1091 2045 1163 2083 1671
1176 2051 1312 2074 exeunte
1325 2041 1433 2075 0610-

63 2084 123 2127 bri,
141 2089 174 2120 δε
188 2087 319 2119 ineunte
333 2085 513 2121 Novembri
537 2086 569 2118 in
585 2090 721 2122 maxima
740 2089 761 2122 ἐι
786 2090 921 2122 Saturno
940 2087 1126 2135 digreffione
1143 2088 1205 2123 fuit
1223 2087 1408 2122 observatus
1423 2106 1431 2131 ;

64 2144 131 2168 mrn
144 2136 273 2167 evanuit
286 2162 294 2175 ,
304 2146 362 2167 nec
379 2134 479 2167 videri
494 2135 600 2180 potuit
611 2135 664 2168 nisi
677 2139 758 2169 circa
768 2136 910 2170 medium
920 2135 1140 2172 Decembrem
1157 2138 1232 2171 anni
1252 2143 1322 2176 1672
1337 2149 1345 2170 t
1360 2147 1428 2170 rur-

63 2180 129 2216 sum
149 2180 178 2215 se
196 2182 294 2215 oculis
312 2180 475 2224 subduxit,
497 2181 600 2215 donec
615 2181 670 2216 sub
683 2186 810 2218 initium
824 2184 985 2218 Februarii
1000 2188 1063 2229 1673
1079 2197 1135 2232 per
1148 2197 1177 2227 13
1196 2185 1262 2216 dies
1272 2183 1351 2217 visus
1369 2183 1426 2219 est:

66 2243 102 2265 io
121 2231 283 2264 diametris
304 2230 410 2264 annuli
436 2243 505 2264 cum
528 2228 676 2266 semisse&
692 2244 801 2266 centro
822 2234 949 2266 Saturni
972 2234 1087 2274 distat,
1105 2238 1139 2267 δε
1155 2231 1323 2277 periodum
1339 2229 1427 2266 suam

64 2280 144 2313 circa
159 2278 241 2312 hunc
254 2279 416 2326 planetam
427 2278 525 2327 spatio
540 2278 605 2312 fere
618 2281 657 2314 80
671 2281 792 2314 dierum
810 2280 953 2316 conficit.
974 2284 1048 2317 Nec
1059 2279 1089 2313 se
1105 2279 1281 2313 videndum
1295 2277 1425 2325 praebet,

62 2325 118 2362 nisi
126 2328 159 2364 in
168 2330 306 2363 maxima
314 2327 336 2363 ἐι
345 2330 469 2364 Saturni
477 2326 579 2377 globo
589 2327 775 2376 digreffione
787 2329 990 2367 Occidentali
1001 2343 1011 2365 ε
1022 2339 1096 2366 nam
1109 2326 1426 2410 luminsissincremenq

1259 2386 1280 2422 ¹1
