1878 2724
301 143 341 184 96
670 129 931 169 PHYSICAE
971 129 1325 175 GENER‘AQLrs

308 187 355 221 dae
366 183 458 229 sunt,
471 183 528 220 nisi
544 183 680 218 omnino
692 181 819 216 constet
836 208 845 222 ‚
864 190 919 214 aut
934 180 1138 217 revelatione
1156 183 1267 218 divina
1281 212 1290 226 ‚
1317 192 1373 217 aut
1393 181 1489 218 certis
1506 178 1717 219 demonstra:-

310 234 456 270 tionibus
467 233 559 267 aliter
571 231 640 267 fieri
650 244 715 266 non
735 227 831 279 posse.
849 228 953 276 Qod
963 243 997 263 m
1006 231 1111 265 :xime
1125 232 1158 265 in
1173 231 1236 266 hoc
1250 233 1402 281 mysterio
1415 232 1596 268 tenendum
1610 247 1618 269 :
1633 246 1723 269 cum·

311 281 568 320 innumerabiles
587 279 646 315 sint
669 282 757 323 viae„
779 276 899 326 quibus
919 276 982 312 hoc
1001 277 1220 314 inenarrabile
1240 284 1483 317 Sacramentum
1509 285 1597 318 Deus
1615 281 1724 331 postit-

313 331 452 368 efficere.
470 328 659 378 Philosophi
679 340 828 364 naturam
843 326 998 363 consueto
1011 328 1126 363 ordine
1140 330 1406 377 progredientem
1419 360 1430 375 ‚
1449 337 1482 369 δε
1502 344 1552 367 res
1571 333 1652 380 ipsas
1675 343 1724 367 ut=

313 382 384 418 fieri
397 380 520 422 solent,
535 378 809 428 contemplantur.
827 379 917 425 Qae*
932 388 1041 414 autem
1057 389 1170 428 praeter
1183 390 1302 415 naturae
1320 381 1468 417 ordinem
1487 383 1578 417 Deus
1599 380 1727 417 ino-lia..

314 442 365 465 tur
380 459 387 472 ‚
403 442 470 464 non
482 440 660 477 attingunt.

349 478 415 515 Alii
428 490 550 526 negant
567 479 600 512 id
614 478 655 512 ad
666 475 766 512 fidem
777 481 943 524 pertinere
956 506 966 520 ‚
980 489 1037 513 aut
1046 476 1066 513 ὲ
1075 477 1180 514 Cone.
1194 478 1288 515 Trid.
1304 477 1481 514 definitum
1494 476 1729 529 fiiiffe‘‚corpus·-

315 528 434 565 Christi
449 526 508 563 effe
523 530 554 562 in
569 527 764 563 Eucharistia
777 525 840 564 sine
851 526 1048 563 extensione.
1068 530 1151 563 Non
1166 539 1239 563 earn
1255 528 1390 575 quidem
1408 526 1512 564 habet
1532 556 1543 572 ,
1563 540 1661 575 quam
1675 532 1726 565 in·

315 590 412 613 cruce
435 575 655 612 extensionem
669 604 679 620 ,
714 575 768 610 sed
789 589 862 613 eam
891 577 978 613 forte
993 606 1003 622 ,
1019 589 1118 625 quam
1149 577 1257 612 statim
1273 577 1293 613 ὲ
1310 579 1529 627 conceptione
1550 576 1731 622 obtinuit,.

315 640 391 662 cum
402 627 590 662 omnimoda
603 628 743 675 partium
752 626 1030 670 conformatione,
1046 632 1079 663 δι
1092 629 1343 676 organizatione
1354 657 1363 671 ‚
1376 639 1411 662 ut
1424 627 1618 675 loquuntur3
1634 637 1729 662 tam„

316 675 373 711 ersi
383 678 469 711 enim
479 705 488 720 ,
507 678 656 724 inquiunt
666 674 839 718 ,extensio
853 677 894 711 ad
910 687 1059 711 naturam
1072 679 1216 724 corporis
1228 678 1260 711 in
1271 675 1451 713 universum
1466 678 1630 724 pertinet,
1649 689 1733 713 now

317 738 358 760 ea
369 737 479 760 tamen
493 726 539 760 est
552 736 637 760 certa
651 730 685 761 &
695 724 831 760 definita
841 725 990 774 cujusque
1007 727 1151 773 corporis
1162 737 1277 761 natura
1289 743 1297 770 3
1308 731 1341 763 ὅ(
1350 726 1439 761 idem
1449 725 1495 761 est
1507 724 1613 760 infans
1629 753 1640 768 ‚
1661 727 1734 773 qui:

318 774 446 810 adultus
461 788 469 810 :
486 775 562 809 licet
571 773 693 809 diversa
702 773 737 809 sit
749 774 901 811 extensio.
916 774 1007 823 Qd
1021 776 1120 823 igitur
1135 773 1241 810 obstat
1253 777 1429 822 quominus
1443 775 1573 823 Corpus
1592 773 1733 809 Christr

318 825 483 873 integrum
495 824 548 859 vel
564 822 618 858 sub
634 825 771 859 minima
785 822 888 872 specie
898 823 1035 859 sensibili
1047 826 1273 860 contineatur:
1291 824 1569 872 quemadmodum
1581 821 1737 871 inglanm

319 874 368 908 dis
379 903 389 918 ,
415 872 516 917 fabae,
536 873 668 921 tulippae
685 878 718 910 ὅ(
732 873 866 908 aliarum
880 873 1062 922 plantarum
1075 872 1274 921 germinibus
1286 877 1354 921 jam
1390 873 1485 910 lantae
1501 874 1657 922 integrae‘,
1671 884 1736 908 ras·

320 925 408 960 mi&
423 922 503 957 folia
522 934 707 958 cernuntur.
728 924 801 957 Imo
814 928 847 960 &
858 925 891 957 in
901 924 957 957 ovi
970 923 1122 957 cicatrice
1133 921 1188 957 vel
1206 933 1282 957 ante
1297 887 1544 959 incupbationern
1561 924 1628 970 jam
1645 933 1737 970 paro

320 983 368 1007 tes
379 971 620 1020 delineatasper
637 970 830 1019 exquisitum
847 970 1096 1020 microscopium
1106 973 1277 1008 cernimus.
1297 971 1388 1019 Quid
1401 970 1563 1019 quod.vel
1579 972 1613 1005 in
1627 983 1739 1017 aquae:

320 1021 471 1070 pluvialis
487 1021 615 1070 guttula
633 1021 735 1056 multa
760 1020 1131 1058 intuemuranimalcula
1143 1019 1456 1069 omnibuspartibus
1465 1020 1619 1056 formata.
1640 1022 1737 1067 Qu:

321 1071 457 1118 quidem
476 1071 577 1105 modo
597 1099 605 1113 ,
625 1072 796 1117 inquiunt.
828 1070 918 1118 hujus
943 1071 1086 1118 mysterii
1099 1069 1345 1118 possibilitatem
1363 1069 1578 1106 demonstrari
1594 1078 1738 1118 putant„

323 1120 427 1163 Qod
442 1122 529 1155 enim
543 1119 603 1155 hac
618 1121 746 1154 ratione
759 1120 887 1168 Corpus
900 1119 1018 1154 Christi
1038 1121 1217 1155 innumeris
1231 1118 1310 1154 locis
1327 1118 1558 1167 reproducatur
1569 1147 1579 1162 ‚
1611 1118 1643 1152 id
1659 1119 1724 1153 uti-

322 1181 386 1216 que
399 1182 466 1204 non
476 1169 519 1203 est
532 1171 609 1204 Deo
620 1166 779 1204 difficilius
788 1198 797 1213 ‚
810 1167 912 1217 quam
925 1180 996 1204 rem
1013 1168 1151 1204 eandem
1166 1169 1200 1203 in
1218 1167 1365 1217 pluribus
1378 1169 1556 1204 momentis
1578 1166 1633 1202 vel
1646 1179 1736 1203 con--

324 1221 421 1252 tinnis
436 1246 446 1260 ,
469 1218 521 1253 vel
539 1220 725 1265 interruptis
748 1218 972 1265 reproducere.
1003 1218 1106 1266 Qod
1120 1220 1259 1254 ominno
1276 1217 1297 1253 a
1310 1217 1479 1253 voluntate
1490 1219 1557 1252 Dei
1574 1216 1724 1265 pendet,

323 1278 462 1313 eamque
480 1266 500 1301 a
515 1269 678 1315 Scriptura
692 1265 1031 1302 sanCta&traditione
1039 1266 1187 1302 discimus
1200 1279 1282 1311 3nec
1295 1269 1488 1302 *continuata
1502 1265 1558 1300 illa
1572 1265 1738 1300 traditio-.

322 1317 370 1350 nis
392 1314 486 1350 series
501 1344 510 1358 ‚
528 1328 592 1362 qua
613 1315 833 1351 heterodoxos
848 1317 984 1351 omnino
999 1318 1158 1351 vincimus
1169 1346 1179 1360 ,
1199 1315 1373 1352 deserenda
1387 1315 1436 1350 est
1445 1343 1456 1359 ‚
1471 1325 1620 1362 utvaequo
1631 1315 1723 1350 Mar.
1737 1342 1740 1343 γ

324 1375 358 1399 te
374 1393 382 1407 ,
393 1363 443 1399 seu
454 1364 632 1400 rationibus
648 1364 667 1400 ὲ
680 1364 886 1414 Philosophia
900 1367 1048 1414 repetitis
1062 1376 1178 1401 contra
1190 1377 1246 1400 eos
1263 1377 1457 1415 pugnemus.
1471 1394 1473 1396 -

366 1414 429 1449 Sed
439 1425 552 1449 contra
566 1415 735 1458 instamus5
742 1427 800 1450 nos
819 1414 957 1462 quidem
968 1427 1035 1450 non
1051 1426 1175 1450 temere
1191 1415 1365 1450 decernere
1377 1415 1461 1450 hanc
1474 1414 1515 1450 de
1526 1424 1640 1449 natura
1654 1424 1741 1449 cot--

325 1465 412 1510 poris
428 1466 620 1512 opinionem
638 1462 717 1499 fidei
739 1466 852 1500 nostrce
870 1464 1024 1512 dogmata
1042 1476 1211 1500 evertere:
1232 1463 1284 1500 sed
1302 1466 1406 1499 minus
1434 1463 1482 1499 illi
1504 1477 1577 1498 cum
1596 1465 1633 1497 iis
1651 1474 1743 1511 quae:

324 1512 490 1561 Theologi
505 1514 644 1557 decent,
662 1515 839 1549 convenire
852 1513 958 1560 :quod
976 1512 1088 1549 usitata
1100 1543 1109 1558 ,
1127 1519 1161 1551 &
1173 1515 1354 1549 communis
1371 1513 1642 1562 Philosophorum
1651 1514 1726 1561 opi-

326 1564 382 1598 nio
399 1575 472 1597 cum
488 1565 612 1597 ratione
624 1560 688 1610 ipsa
699 1592 708 1605 ‚
727 1575 763 1597 ut
776 1563 975 1597 ostendimus
989 1592 998 1606 ,
1011 1569 1045 1600 ὅ(
1060 1563 1151 1611 hujus
1167 1563 1308 1611 mysterii
1324 1561 1388 1597 fide
1407 1565 1516 1611 magis
1528 1560 1723 1598 consentiat.
1737 1591 1742 1594 .

327 1611 416 1646 Cum
429 1614 517 1645 enim
531 1610 657 1646 essentia
671 1607 822 1660 cujusque
841 1614 887 1645 rei
900 1614 1019 1646 mutari
1042 1625 1109 1647 non
1120 1611 1215 1661 poffit
1226 1641 1236 1655 ,
1259 1611 1280 1647 si
1296 1614 1440 1660 corporis
1455 1622 1575 1647 natura.
1589 1612 1622 1645 in
1641 1612 1742 1646 trina.

326 1659 525 1696 dimensione
540 1659 637 1709 posita
656 1661 712 1705 sit,
725 1674 793 1696 non
809 1659 1060 1708 videoqu‘i'fieri
1081 1674 1182 1709 queat
1198 1673 1236 1696 ut
1254 1673 1367 1709 corpus
1389 1661 1516 1696 Christi
1544 1672 1602 1695 ore
1622 1658 1740 1695 suma-.

328 1721 377 1744 rur
392 1712 555 1758 integrum
569 1738 579 1752 ,
597 1710 651 1745 nisi
671 1708 973 1759 penetrabilitarem
999 1712 1033 1745 in
1055 1709 1244 1756 corporibus
1271 1709 1438 1744 admiseris
1457 1724 1465 1745 ε
1497 1722 1596 1756 quam
1615 1720 1741 1744 tamen:

328 1757 490 1794 Cartesius
503 1770 539 1792 ut
553 1761 720 1807 principiis
731 1757 788 1792 suis
802 1759 997 1792 contraiiam
1007 1771 1074 1792 non
1083 1759 1290 1792 admitteret:
1306 1769 1494 1804 quanquam
1510 1757 1655 1806 plerique
1666 1760 1741 1804 qui·

328 1820 403 1842 eum
419 1806 612 1854 sequuntur,
627 1808 686 1842 hac
701 1809 732 1841 in
749 1819 782 1841 re
800 1804 841 1839 ab
852 1811 918 1852 ejus
939 1808 1096 1853 opinione
1110 1806 1285 1843 discedunt.
1310 1806 1374 1841 Sed
1389 1818 1497 1854 neque
1517 1807 1547 1840 id
1567 1804 1743 1854 assequor„

328 1856 385 1903 qui
402 1856 471 1890 fieri
490 1855 584 1904 possit
597 1885 604 1898 ,
621 1869 656 1891 ut
675 1855 858 1904 superficies
870 1854 1024 1903 cujusque
1039 1855 1200 1904 particulae
1214 1867 1382 1891 remaneat
1394 1884 1404 1899 ,
1422 1869 1491 1891 non
1505 1858 1587 1890 trina
1599 1856 1726 1892 dimen-
1740 1878 1743 1879 ν

328 1904 371 1941 sio
386 1934 395 1947 ‚
415 1919 481 1940 non
494 1905 578 1939 ilius
596 1906 799 1953 profunditas
815 1918 821 1940 :
838 1917 876 1939 ac
886 1905 1016 1940 demum
1036 1906 1117 1942 nihil
1133 1905 1258 1942 necesse
1271 1905 1315 1940 est
1329 1917 1378 1941 tot
1399 1905 1667 1955 reprodufflones
1688 1905 1741 1940 in.

329 1955 444 1989 eaden]
471 1955 573 1989 hostia
598 1954 799 2004 supponere..
1513 1966 1517 1973 ·

364 2007 438 2039 Nec
451 2006 548 2038 vidso
559 2007 635 2051 quid
647 2005 745 2040 causcc
760 2004 794 2039 sit
811 2008 913 2042 curin
928 2018 980 2041 eas
998 2007 1154 2053 angustias
1176 2006 1263 2041 ultro
1279 2019 1338 2042 nos
1352 2007 1561 2055 conjiciamus
1583 2034 1593 2049 ‚
1620 2010 1654 2042 &
1667 2017 1741 2040 na-ss.

330 2065 434 2090 tur-am
445 2056 588 2101 corpor's
600 2057 632 2089 in
647 2055 764 2102 triplici
779 2055 978 2090 dimensione
992 2055 1126 2102 positam
1140 2055 1200 2090 effe
1215 2086 1224 2099 ‚
1248 2068 1281 2091 ut
1297 2057 1489 2105 principium
1511 2053 1739 2090 inconcussum‘i

329 2104 513 2138 statuamus,
525 2105 616 2137 Licet
630 2106 760 2150 quidem
774 2107 901 2140 Nomin
909 2104 1010 2139 ilibus
1025 2108 1257 2152 quantitatem,
1272 2105 1325 2140 vel
1336 2104 1556 2141 extensionem
1568 2117 1639 2139 cum
1653 2102 1738 2137 sub--

327 2153 439 2187 stantia
457 2155 600 2200 corin-uis
617 2153 916 2197 coussmdere‚adeo
931 2166 965 2190 ut
980 2158 1143 2198 quantitas
1163 2158 1253 2203 panis
1268 2169 1336 2191 non
1348 2167 1538 2189 remaneat:
1557 2153 1609 2186 sed
1622 2152 1738 2187 iidem*

331 2201 477 2236 farentur
489 2200 706 2237 mensionem
725 2206 941 2239 accidentium
955 2202 1014 2238 esse
1026 2203 1224 2252 superstitem
1234 2235 1243 2248 ‚
1261 2217 1332 2251 quae
1345 2217 1415 2238 cum
1426 2215 1521 2238 antea
1535 2199 1612 2236 effer
1623 2213 1727 2249 pene-

334 2250 458 2284 trabilis
478 2279 487 2289 ‚
514 2251 829 2299 fitimpenetrubiliS.
848 2254 911 2289 Sed
923 2254 999 2300 quid
1016 2254 1139 2289 neccsse
1156 2256 1200 2288 est
1211 2256 1354 2302 corporis
1371 2251 1534 2288 essentiam
1558 2253 1590 2286 in
1610 2250 1739 2298 triplici*

331 2299 386 2332 illa
401 2300 596 2335 dimensione
612 2302 808 2337 constituere
826 2313 834 2338 ἓ
855 2306 928 2340 Nec
943 2305 1119 2350 quicquam
1130 2334 1138 2348 ‚
1154 2317 1189 2339 ut
1201 2304 1280 2339 mihi
1298 2303 1422 2337 videtur
1435 2331 1445 2345 ‚
1462 2303 1523 2336 dici
1544 2301 1651 2349 potest
1666 2298 1731 2333 ab-

334 2346 449 2381 surdius
466 2378 473 2388 ,
492 2350 591 2395 quam
616 2351 872 2390 coruxisculorum
892 2354 982 2402 panis
995 2351 1351 2402 superficiesremanere
1364 2380 1374 2396 ‚
1388 2364 1459 2387 cum
1478 2349 1658 2400 superficies
1676 2347 1728 2382 so-

330 2394 363 2431 la
384 2398 519 2432 existere
537 2400 627 2435 nulla
648 2400 751 2448 poffit.

1623 2447 1726 2495 Qud
