1878 2724
408 146 477 184 ‘442
711 127 1146 171 PHYSICAEPARS
1182 129 1464 172 SECUNDA.

409 186 554 221 alimenti
580 184 708 232 copiam
727 185 829 231 exigit
843 211 854 226 ,
879 195 920 218 ne
937 181 1049 231 planta
1067 181 1199 230 seipsam
1215 182 1390 220 consumat.

444 238 558 280 Itaque
572 234 604 266 in
613 231 708 266 rebus
726 234 873 266 animatis
887 232 1018 279 quidam
1027 231 1107 266 inest
1122 229 1245 279 spiritus
1259 244 1327 280 quo
1345 241 1536 281 vegetantur
1548 260 1558 276 ,
1575 233 1695 280 quique
1711 233 1797 269 india

407 283 489 318 visus
503 310 512 324 ,
529 287 562 317 δι
572 283 725 314 continuo
735 279 821 315 fluxu
839 292 897 330 per
907 292 1003 315 venas
1015 308 1023 323 ,
1038 285 1071 316 δε
1088 279 1216 316 tubulos
1228 293 1310 328 quos
1320 280 1377 316 fibi
1385 283 1510 329 aptavit
1522 310 1532 324 ‚
1543 281 1604 316 huc
1613 280 1690 316 illuc
1701 294 1794 318 com-

407 341 506 366 meat.
523 333 559 364 In
570 327 764 364 animalibus
775 342 843 365 non
857 341 963 364 ramos
981 330 1151 373 duntaxat,
1164 334 1196 366 δε
1206 328 1293 377 quafi
1302 330 1406 364 stratas
1421 328 1522 365 habet
1535 333 1601 365 vias
1612 358 1623 373 ,
1634 329 1685 365 sed
1694 333 1792 366 etiam

405 376 605 425 receptacula
621 406 630 420 ‚
645 383 678 413 &
694 377 784 412 velut
797 378 945 425 quaedam
956 381 1176 426 promptuaria
1191 407 1201 422 ‚
1217 381 1250 414 in
1265 377 1382 426 quibus
1396 380 1648 427 praeparatur-In
1661 381 1698 413 iis
1710 391 1794 427 quo-

405 438 470 473 qne
480 426 630 460 humores
644 425 698 473 ipsi
708 437 745 460 ex
759 426 967 462 circulatione
977 425 1158 462 subtiliores
1171 438 1340 475 procreant
1352 426 1475 475 spiritus
1484 454 1494 470 ,
1513 439 1551 462 ex
1562 426 1678 475 quibus
1692 427 1793 464 sensus

406 480 554 511 &motus
573 474 751 510 dimanant.
765 478 967 523 Qanquam
981 478 1015 510 in
1031 475 1191 510 nonnullis
1209 488 1342 523 quoque
1360 474 1468 510 herbis
1481 504 1491 519 ‚
1505 487 1542 510 ut
1553 478 1586 510 iri
1603 475 1714 524 planta
1732 480 1793 511 mi-

403 524 501 566 mosa,
516 534 568 558 aut
580 521 725 558 senfitiva
735 525 881 571 quaedam
897 524 1039 560 inchoati
1054 523 1160 559 sensus
1178 535 1333 573 apparent
1346 525 1465 559 indicia
1484 539 1492 560 z
1509 536 1583 560 nam
1596 525 1731 560 admoto
1742 526 1793 560 di-

401 574 471 620 gito
482 570 543 606 sese
554 572 750 607 contrahunt
764 589 775 617 3
798 573 888 620 quod
902 573 987 610 forte
999 573 1209 609 nervulorum
1221 579 1253 609 &
1267 572 1419 608 fibrarum
1439 574 1564 608 textura
1574 575 1675 622 magis
1692 572 1728 609 fit
1737 587 1794 609 ex-

402 620 531 668 quisita,
549 631 605 655 aut
623 632 728 668 partes
742 624 955 669 pneumaticae
970 651 980 666 ‚
1003 620 1226 659 &subtiliores
1234 622 1320 657 hunc
1330 624 1561 658 contractionis
1579 634 1705 658 motum
1716 621 1793 657 effi..

402 671 500 706 ciant.
514 672 553 704 Et
567 670 700 716 quidem
714 681 787 705 cum
799 669 914 719 globus
927 670 1079 706 sulfureus
1094 673 1126 706 in
1147 670 1220 706 vase
1234 673 1338 705 vitreo
1350 670 1433 706 fusus
1456 671 1544 706 leves
1569 673 1610 706 ad
1630 671 1660 705 se
1685 675 1794 720 rapuit

401 718 559 766 plumulas
572 746 582 761 ,
597 730 707 753 earum
719 717 774 754 fila
791 720 895 754 statim
905 722 1069 769 eriguntur
1079 749 1089 763 ,
1105 725 1138 757 δι
1153 719 1397 768 quodammodo
1410 719 1639 755 distrahuntur:
1662 731 1694 755 at
1703 719 1728 755 si-
1737 721 1792 758 vel

401 767 541 815 digitum
559 767 761 811 admoveris,
782 768 885 802 statim
901 768 1005 811 ultro,
1029 780 1065 803 ut
1088 771 1120 804 in
1139 769 1248 818 planta
1267 766 1686 813 senfitiva‚contrahuntur‚
1702 770 1792 817 quod

400 815 537 851 fortassis
556 814 732 862 utrobique
746 815 785 851 'sit
795 818 885 852 causa
895 830 962 852 non
973 815 1142 854 diffimilis.
1161 818 1197 852 ld
1210 816 1313 865 ipsum
1328 820 1370 853 D.
1385 817 1429 851 du
1448 819 1524 852 Clos
1547 819 1580 853 in
1593 817 1792 866 colophonia

399 876 473 911 quae
484 867 516 899 in
533 875 660 898 retorrae
674 864 784 900 fundo*
797 866 864 913 post
873 865 1117 900 distillationem
1129 864 1355 901 terebinthinae
1374 865 1586 909 remanserat,
1608 879 1708 914 nuper
1732 867 1791 901 de..

399 911 602 947 monstrabat
619 926 627 947 ε
647 925 721 947 narn
737 913 893 961 plumulas
911 914 951 948 ad
969 914 999 948 se
1017 914 1123 957 trahit,
1136 926 1172 949 ut
1186 913 1335 949 electrica
1351 926 1486 963 corpora
1504 942 1514 957 ,
1532 927 1602 962 quae
1614 916 1717 964 digito
1733 916 1791 951 ad.

399 973 493 996 moto
508 961 614 995 statim
631 959 662 995 se
673 962 868 997 contrahunt
877 991 886 1004 ,
901 961 972 996 fere
983 973 1018 997 ut
1027 961 1175 998 limatura
1185 961 1331 1011 chalybis
1348 964 1383 998 in
1393 965 1552 1012 magnetis
1562 963 1651 1011 polo,

434 1012 478 1045 Ex
488 1011 528 1044 iis
543 1007 680 1044 efficitur
690 1010 834 1057 plantam
849 1009 909 1045 effe
921 1022 1036 1059 corpus
1054 1023 1208 1060 vegetans
1220 1039 1230 1054 ,
1248 1025 1314 1047 non
1341 1011 1479 1047 sentiens
1493 1040 1503 1056 ‚
1518 1012 1672 1060 quodque
1688 1012 1731 1048 ab
1750 1016 1788 1048 iis

398 1056 589 1106 corporibus
602 1069 674 1104 quae
687 1061 865 1094 inanimata
879 1059 1027 1094 dicuntur
1036 1088 1046 1103 ‚
1065 1062 1097 1095 in
1109 1063 1146 1094 iis
1160 1059 1262 1096 tribus
1270 1059 1467 1108 potissimfim
1481 1060 1589 1095 differt
1603 1089 1613 1104 ‚
1631 1062 1720 1108 quod
1732 1063 1789 1097 de-

399 1109 608 1141 terminatam
619 1105 740 1141 habeat
749 1107 1046 1143 conformationem
1063 1125 1072 1152 3
1093 1110 1182 1155 quod
1197 1111 1354 1144 nutriatur
1370 1126 1379 1151 ·,
1400 1109 1490 1157 quod
1504 1109 1645 1155 denique
1672 1109 1713 1145 sui
1731 1123 1788 1158 ge-

397 1157 483 1189 neris
495 1184 506 1198 ,
524 1165 560 1189 ut
572 1156 617 1189 ita
632 1153 766 1201 loquar,
784 1158 997 1192 aeternitatem
1014 1157 1255 1194 individuorum
1272 1160 1506 1207 propagatione
1534 1157 1713 1195 conservet.
1734 1162 1788 1197 De

397 1202 528 1251 singulis
551 1215 591 1238 ex
606 1203 718 1239 ordine
741 1206 913 1254 agendum.
1778 1225 1779 1228 ¹

907 1303 1158 1341 CAPUT
1209 1309 1258 1344 11.

826 1401 879 1435 De
887 1402 1077 1451 plantarum
1090 1403 1342 1449 conformatione.

400 1497 577 1583 PLantae
591 1527 600 1543 ,
615 1509 652 1534 ut
664 1498 786 1546 reliqua
797 1497 866 1533 fere
875 1510 995 1534 naturae
1009 1513 1029 1534 o
1055 1511 1106 1534 eta
1116 1529 1125 1543 ,
1144 1500 1247 1537 solent
1260 1515 1333 1538 curn
1347 1503 1492 1552 perfec‘ka
1504 1502 1572 1538 sunt
1582 1507 1616 1539 ὅ(
1626 1503 1783 1544 absoluta,

465 1558 531 1580 non
544 1547 653 1596 inipso
663 1549 878 1596 generationis
896 1512 1054 1597 progressi}
1068 1547 1237 1585 observari.
1259 1554 1313 1586 Sic
1328 1564 1471 1588 naturam
1484 1553 1711 1588 tantummodo
1725 1554 1784 1589 de-

392 1592 529 1629 »saltone
543 1624 553 1639 ‚
563 1598 674 1645 &post
684 1607 785 1630 certas
802 1597 952 1645 periodos
965 1614 974 1640 ς
996 1611 1063 1633 non
1078 1599 1111 1633 in
1127 1597 1193 1647 ipso
1209 1602 1326 1636 itinere
1336 1630 1345 1644 ,
1360 1603 1448 1648 quod
1465 1601 1621 1644 instituit,
1635 1613 1784 1637 contem-

396 1641 530 1689 plamur.
553 1647 591 1680 Et
611 1657 721 1681 tamen
736 1643 757 1678 fi
773 1649 842 1692 quis
859 1645 1105 1693 praestantiffimi
1123 1648 1280 1694 cujusdam
1296 1651 1424 1685 artificis
1442 1650 1623 1685 industriam
1643 1678 1653 1693 ,
1681 1655 1716 1686 ὅ(
1731 1663 1783 1685 ar-

397 1701 466 1725 tem
477 1694 592 1727 intueri
603 1694 683 1729 velit
694 1723 703 1737 ,
719 1705 772 1728 aut
782 1694 899 1729 discere
914 1723 924 1738 ‚
940 1697 965 1729 is
974 1708 1040 1730 non
1050 1695 1165 1731 rudem
1180 1708 1304 1733 tantum
1315 1701 1498 1742 materiem,
1513 1709 1569 1732 aut
1577 1711 1658 1746 opus
1671 1699 1784 1746 ipsum,

395 1751 467 1774 cum
477 1744 544 1786 jam
560 1742 604 1776 est
616 1743 798 1791 perfectum
811 1772 822 1786 ‚
842 1742 1022 1778 intuebitur
1040 1758 1049 1779 ς
1065 1742 1117 1778 sed
1131 1747 1229 1780 etiam
1242 1759 1313 1781 cum
1328 1760 1368 1782 eo
1389 1745 1641 1783 commorabitur
1653 1776 1662 1790 ‚
1681 1753 1714 1784 &
1729 1759 1782 1784 to-

396 1789 457 1822 tius
474 1792 549 1823 artis
561 1791 752 1840 progressum
763 1791 860 1826 oculis
870 1797 904 1828 &
913 1794 1022 1827 animo
1033 1791 1184 1829 lustrabit.
1201 1795 1267 1829 Cur
1275 1795 1370 1830 nobis
1387 1796 1525 1831 eandem
1542 1807 1648 1830 curam
1661 1826 1670 1840 ‚
1686 1803 1719 1833 &
1731 1797 1780 1831 di-

394 1836 563 1882 ligentiam
577 1842 610 1873 in
629 1851 747 1875 naturae
755 1839 904 1887 operibus
923 1839 1078 1875 adhibere
1089 1869 1098 1883 ‚
1114 1853 1150 1875 ac
1166 1841 1275 1877 semen
1285 1872 1294 1885 ,
1308 1855 1363 1878 aut
1377 1856 1510 1891 granum
1524 1843 1544 1878 ἐι
1560 1841 1700 1892 satuipso
1710 1858 1778 1880 non

395 1884 492 1918 liceat
509 1886 664 1934 inspicere
675 1917 683 1930 ,
696 1893 730 1923 &
741 1900 797 1934 per
807 1890 917 1922 omnia
928 1893 996 1935 ejus
1009 1891 1208 1924 incrementa
1221 1891 1336 1925 ducere
1346 1894 1360 1923 ?

433 1934 486 1966 Sic
501 1937 712 1970 enimintueri
727 1935 853 1982 juvabit
867 1963 876 1977 ,
893 1937 1059 1983 quomodo
1075 1939 1211 1983 primum
1231 1938 1345 1986 plantae
1365 1941 1582 1976 rudimentum
1593 1939 1655 1975 sese
1668 1940 1779 1989 paula-

394 1984 454 2017 tim
471 1981 584 2016 effera:
596 1995 635 2018 ex
648 1986 780 2018 materia
795 1983 980 2032 spermatica
990 2014 999 2028 ‚
1011 1997 1080 2031 quae
1091 1997 1182 2020 terrae
1194 1990 1317 2035 gremio
1332 2001 1466 2037 excepta
1477 2017 1488 2032 ‚
1505 1995 1538 2026 δε
1547 1989 1780 2033 mollita‚instar

388 2029 485 2064 {acris
497 2029 534 2064 fit
546 2031 696 2078 liquidior
709 2050 718 2076 3
730 2043 766 2066 ut
781 2031 914 2067 fibrillas
927 2045 990 2080 qua
1007 2032 1139 2078 sursum,
1150 2048 1215 2082 qua
1234 2035 1380 2073 deorsum
1392 2037 1553 2086 proferat,
1575 2051 1645 2085 quae
1664 2050 1703 2073 ex
1718 2051 1778 2074 eo-

395 2079 469 2114 dem
481 2079 575 2115 velut
589 2080 765 2115 umbilicali
781 2081 871 2116 nodo
886 2082 1080 2129 prodeuntes
1100 2111 1110 2125 ‚
1131 2085 1365 2127 caudicem‚aut
1379 2098 1525 2121 truncum
1547 2090 1579 2122 in
1596 2086 1779 2132 arboribus,

391 2138 447 2162 aut
468 2127 610 2162 culmum
628 2131 661 2164 in
673 2128 841 2164 frumentis
854 2158 863 2173 ‚
875 2142 927 2164 aut
938 2130 1061 2166 caulem
1075 2134 1107 2167 in
1117 2132 1236 2177 herbis,
1251 2133 1408 2171 calamum
1419 2138 1453 2171 in
1467 2133 1610 2170 fistulosis
1623 2163 1634 2178 ,
1646 2134 1775 2184 scapum

386 2177 423 2210 in
436 2175 652 2225 leguminibus
671 2189 849 2225 procreant·

410 2226 490 2272 Jam
499 2225 577 2260 illud
586 2238 719 2274 quoque
737 2229 855 2261 intueri
869 2227 1029 2271 iicebir,ut
1042 2228 1162 2264 culmus
1172 2234 1270 2267 tritici
1280 2231 1457 2281 v.gr.fibras
1466 2233 1508 2267 ab
1520 2234 1679 2266 exteriore
1691 2232 1774 2267 dun·

387 2282 475 2308 taxat
486 2274 678 2318 annulo,ceu
694 2275 735 2309 ab
744 2274 923 2310 umbilicali
941 2278 1029 2311 nodo
1045 2280 1076 2312 in
1090 2277 1210 2315 summa
1223 2282 1328 2315 radice
1348 2281 1519 2316 constituti
1535 2281 1772 2315 deducat.Hinc

380 2321 472 2355 illius
485 2325 606 2357 cavitas
621 2338 628 2359 ε
641 2323 716 2359 crim
731 2323 792 2358 alia
810 2323 847 2358 fit
864 2327 946 2359 ratio
961 2327 1100 2360 caudicis
1120 2329 1150 2361 in
1163 2329 1278 2364 arbore
1291 2358 1299 2370 ,
1319 2334 1405 2376 cujus
1421 2328 1508 2364 fibrae
1519 2329 1560 2364 ab
1573 2331 1685 2364 intima
1699 2327 1772 2363 sub-

380 2369 498 2407 stantia
512 2371 725 2419 proferuntur.
744 2375 794 2412 Ut
809 2374 886 2412 nodi
891 2386 953 2422 per
968 2375 1138 2412 intervalla
1160 2390 1198 2413 ex
1218 2377 1305 2413 fibris
1319 2376 1525 2426 preffioribus
1537 2407 1548 2422 ,
1564 2383 1595 2415 δε
1612 2379 1699 2414 varie
1717 2377 1774 2414 de·

1492 2494 1506 2508 Ι
