1878 2724
392 144 438 177 3¹2
717 129 976 165 PHYSICAE
1011 129 1156 166 PARS
1193 128 1472 170 SECUNDA*

391 179 423 214 le
441 177 520 215 visus
539 186 674 229 ponatur
696 178 794 214 :1³0st
809 181 851 214 88
869 179 936 213 dies
953 178 996 212 ad
1019 191 1120 214 unum
1135 191 1175 214 ex
1197 181 1237 214 iis
1261 182 1390 228 punitis
1404 189 1585 216 revertetur
1605 196 1615 224 3
1632 191 1668 214 ac
1687 181 1794 218 tardos

389 229 524 276 quidem
535 239 629 263 motu
646 239 685 261 ea
695 227 815 276 pundka
826 226 931 263 versus
941 238 1050 262 ortum
1064 227 1274 265 deferuntur:
1286 229 1368 265 adeo
1375 241 1411 266 ut
1420 241 1487 266 uno
1499 229 1600 278 gradu
1613 241 1671 275 4⁰³
1686 233 1779 268 annis
1800 251 1805 271 ι

391 287 658 326 promoveantur.
1738 310 1739 313 ,

418 327 520 373 Hujiis
533 336 638 359 motus
649 323 758 360 orbita
768 325 956 375 eclipticam
965 325 1068 370 secat,
1079 330 1113 364 ὅ(
1124 338 1198 362 cum
1210 338 1249 361 ea
1264 324 1364 362 efficit-
1378 327 1530 376 angulum
1542 325 1594 363 sex
1611 326 1779 377 graduum:

390 377 434 409 ita
449 385 485 408 ut
498 373 584 409 linea
599 373 750 410 sectionis
766 387 870 424 prope
883 375 956 410 solis
971 387 1119 410 centrum
1141 375 1340 424 pertranseat
1354 390 1362 410 :
1379 378 1481 412 nodus
1495 405 1505 420 ‚
1521 376 1574 412 seu
1592 375 1785 412 intexseffio-
1802 408 1806 414 .

390 422 530 458 borealis
543 423 583 457 ad
598 437 626 467 ις
646 424 782 472 gradum
791 424 966 474 [corpionis
977 424 1113 460 refertur
1126 439 1134 461 :
1145 436 1246 473 atque
1256 425 1290 460 hi
1300 425 1454 461 nodiuno
1469 426 1569 474 gradu
1579 425 1650 461 fere
1663 440 1701 473 45
1717 438 1777 461 an-
1803 447 1807 465 2
1842 443 1845 473 5

390 474 439 507 nis
450 484 699 520 promoventur.
1283 519 1287 523 ¹
1437 520 1441 522 ἡ
1803 511 1806 514 .

426 531 457 567 3⁰
482 522 569 557 Cum
581 522 760 557 Mercurius
776 521 833 558 sub
844 521 999 558 obtutum
1013 535 1081 560 non
1095 523 1209 568 cadat,
1226 523 1282 560 nifi
1297 535 1375 560 cum·
1394 523 1442 560 est
1467 525 1500 559 in
1519 525 1660 559 maxima
1681 522 1702 559 ὲι
1726 522 1777 558 so·
1802 558 1805 561 .

391 570 422 604 le
458 569 668 617 digreffione,
698 574 752 606 vix·
773 584 914 620 unquam
930 571 1010 607 tubo
1025 574 1137 621 optico
1149 575 1304 610 rotundus
1316 574 1443 608 videtur
1457 587 1466 609 :
1480 572 1535 608 sed
1551 572 1716 608 interdum
1724 572 1777 608 bi-

390 618 506 654 fariam
516 617 616 655 sectus
626 649 636 663 ,
647 632 683 654 ut
692 621 768 656 luna
784 624 816 657 in
825 621 1025 669 quadraturis
1036 639 1045 666 3
1055 623 1216 657 interdum
1231 620 1511 672 paulogibbofior‚
1525 633 1581 656 aut
1594 622 1779 669 aliquantu-

390 667 456 703 lum
475 679 572 704 cavus
586 671 744 706 cernitur:
756 683 895 717 cumque
906 673 933 705 is
946 670 1108 706 horizonti
1122 670 1158 706 fir
1170 674 1337 720 proximus
1348 700 1358 715 ‚
1372 677 1406 708 δ(
1419 669 1593 719 vaporibus
1607 669 1788 714 obductus,

390 716 538 752 vixillius
553 716 687 766 figuram
704 731 761 754 aut
775 719 1034 768 magnitudinem
1045 718 1165 768 assequi
1179 719 1349 769 poffumuS.
1368 721 1403 754 ld
1414 731 1525 756 tamen
1548 718 1654 767 liquet
1666 731 1739 756 eum
1757 719 1783 756 ὲ.

390 765 455 801 sole
466 775 577 810 1umen
590 766 676 802 suum
686 770 822 803 mutuari
831 797 840 812 ,
853 774 889 805 &
898 770 980 804 circa
990 767 1091 803 solem
1101 770 1245 806 revolvi.-

439 829 490 861 4¹¹·
517 815 610 850 Visus
619 816 666 852 est
681 829 796 865 quater
813 820 847 852 in
863 817 937 852 sole.
957 829 999 852 ιο.
1012 820 1042 854 A
1060 816 1221 854 Gaffendo
1236 831 1322 854 anno
1334 824 1397 864 1631
1408 817 1461 851 die
1477 815 1613 865 septima
1623 818 1777 853 Novem-

389 861 466 897 bris.
482 876 528 898 20.
550 867 687 901 Surattae
699 878 788 902 anno
802 873 887 913 1650.
909 876 946 910 30-
962 866 984 902 ὲ
994 870 1036 902 D.
1049 866 1239 903 Hevelioin
1257 867 1372 903 Pruffla
1382 897 1391 911 ,
1403 871 1441 904 δι
1450 866 1683 902 Londinianno
1694 871 1778 911 1661,

390 927 411 958 3-
424 914 517 949 Maii.
531 928 570 960 40
587 915 760 949 Avenione
774 915 792 950 a
811 919 890 951 DD.
906 916 1125 963 Beauchamps
1135 944 1145 959 ‚
1166 922 1199 952 &
1213 916 1325 952 Gallet
1341 917 1394 951 die
1410 914 1547 963 septima
1556 913 1775 953 Novembris:

391 974 466 996 cum
484 965 525 997 D.
539 961 686 998 Caffinus
708 963 763 999 scri
789 975 823 999 to
837 968 868 1000 in
886 963 1052 1012 publicum
1066 965 1156 999 edito
1171 966 1381 1001 Astronomos
1398 965 1459 1000 hac
1474 965 1513 997 de
1531 974 1566 997 re
1584 961 1754 1000 monuiffet
1765 978 1781 1000 εἸ

392 1010 482 1058 isque
498 1023 536 1046 ex
548 1011 699 1048 omnibus
712 1011 757 1048 ob
773 1012 996 1049 ervationibus
1008 1015 1092 1048 inter
1106 1013 1136 1048 se
1157 1013 1284 1048 collatis
1307 1026 1458 1063 apogaea,
1478 1017 1511 1049 ἃ
1524 1012 1627 1047 nodos
1644 1014 1777 1048 Mercu.

391 1061 432 1092 rii
460 1059 622 1097 definivit.
645 1063 681 1096 in
695 1062 853 1109 postrema
866 1061 1096 1097 observatione
1118 1062 1200 1097 Visus
1217 1062 1264 1097 cst
1279 1062 1386 1112 figurae
1397 1061 1501 1097 ovalis
1517 1072 1575 1109 per
1588 1072 1683 1097 axem
1702 1061 1774 1097 tubi

392 1110 495 1155 optici
507 1109 692 1157 conspectus
704 1139 713 1153 ‚
732 1114 811 1147 &in
824 1109 891 1159 ipso
902 1113 991 1146 exitu
1007 1111 1185 1158 quadruplo
1197 1115 1299 1159 major
1319 1111 1467 1160 apparuit
1484 1138 1495 1153 ,
1512 1121 1613 1156 quam
1632 1112 1667 1145 in
1688 1109 1774 1144 disco
1802 1129 1806 1142 ;

392 1155 495 1193 solari.
518 1158 690 1193 Diameter
703 1159 859 1195 Mercurii
875 1158 1050 1196 centesima
1069 1160 1199 1195 decima
1209 1162 1326 1196 ofitava
1350 1172 1422 1208 pars
1439 1158 1547 1194 solaris
1570 1159 1721 1194 diametri
1739 1161 1776 1195 in

391 1205 452 1239 hac
472 1205 701 1242 observatione
711 1212 862 1257 apparuit
874 1227 883 1252 3
895 1209 962 1244 fere
972 1220 1006 1243 ut
1019 1207 1060 1243 ab
1075 1208 1186 1244 illustri
1200 1211 1398 1245 Astronomo
1409 1207 1554 1244 Hevelio
1575 1207 1679 1242 fuerat
1691 1207 1773 1243 defi-

391 1255 478 1288 nitus
492 1268 586 1290 :cum
603 1267 713 1291 tamen
733 1259 913 1292 Mercurius
932 1270 1000 1292 tum
1014 1268 1103 1292 terrae
1122 1256 1198 1292 effer
1216 1260 1363 1293 vicinior.
1386 1261 1420 1293 ln
1434 1257 1549 1291 ultima
1571 1269 1700 1304 quoque
1713 1256 1774 1292 ob-
1803 1282 1806 1286 -

390 1301 573 1339 servatione
591 1305 735 1339 distantia
749 1308 904 1341 Mercurii
916 1306 935 1341 ὲ
951 1317 1035 1340 terra
1048 1318 1123 1341 cum
1135 1306 1285 1342 distantia
1299 1305 1372 1341 solis
1389 1305 1410 1342 ἐι
1422 1317 1505 1340 terra
1520 1304 1635 1339 collata
1652 1306 1721 1342 fuit'
1736 1317 1775 1341 ut

391 1363 410 1385 2
430 1351 470 1385 ad
484 1366 506 1396 3.
522 1355 638 1400 Itaque
651 1352 671 1388 fi
691 1355 867 1389 Mercurius
887 1366 1011 1391 tantum
1023 1354 1043 1390 ὲ
1055 1353 1148 1390 nobis
1170 1354 1275 1391 fuiss‘et
1290 1366 1433 1390 remotus
1447 1382 1458 1397 ‚
1479 1366 1516 1388 ac
1532 1352 1577 1388 sol
1593 1352 1658 1401 ipse
1676 1382 1686 1397 ,
1701 1365 1772 1391 turn

390 1400 547 1435 diameter
569 1404 725 1437 Mercurii
745 1402 849 1438 fuiffct
867 1417 938 1452 pars
957 1415 1014 1439 1‹:0
1028 1404 1176 1438 diametri
1199 1403 1306 1439 solaris
1325 1420 1335 1447 3
1355 1414 1458 1450 eaque
1481 1401 1525 1437 est
1543 1404 1627 1438 inter
1644 1403 1770 1439 diame-

390 1459 475 1482 trum
495 1461 586 1484 terrae
597 1480 606 1494 ‚
622 1456 656 1487 δε
669 1451 860 1487 diametrum
870 1454 1025 1488 Mercurii
1036 1454 1205 1501 proportio
1220 1482 1230 1496 ‚
1244 1465 1317 1501 quae
1330 1457 1362 1490 18
1376 1454 1415 1487 ad
1433 1465 1481 1488 ιο.

425 1504 469 1544 50.
492 1498 606 1535 Motus
622 1502 776 1535 Mercurii
793 1513 947 1550 appatens
963 1501 1108 1549 respetitu
1122 1513 1211 1536 terrae
1229 1504 1435 1551 componitur
1450 1513 1488 1535 ex
1503 1510 1595 1536 motu
1608 1499 1770 1534 annuosp.
1804 1527 1805 1531 ,

387 1545 426 1580 lis
439 1550 472 1583 &
490 1549 644 1583 Mercurii
654 1551 788 1597 proprio
805 1578 814 1592 ‚
832 1562 928 1598 quem
947 1552 987 1587 88*
1007 1549 1119 1585 diebus
1134 1549 1290 1588 conficit:
1305 1549 1473 1590 Quomodo
1492 1560 1602 1583 autem
1618 1550 1642 1581 is
1669 1549 1771 1595 accipi
1803 1568 1805 1571 .

388 1593 527 1642 debeat,
541 1595 655 1632 definit
669 1597 814 1634 Caffinus
825 1628 836 1643 ,
853 1612 910 1635 nos
925 1611 963 1635 ea
979 1610 1107 1634 tantum
1126 1594 1399 1649 attingimus'quae
1417 1598 1586 1634 intellestu
1603 1595 1677 1632 sunt
1691 1597 1771 1632 faci»
1801 1624 1804 1628 .

387 1642 482 1681 liorar

975 1696 1028 1731 De
1040 1698 1079 1731 V
1076 1710 1179 1734 encre.

425 1789 522 1823 Circa
538 1795 702 1826 Venerem
721 1793 789 1827 haec
805 1794 874 1828 fere
893 1792 1080 1828 observavit
1095 1795 1155 1828 vir
1168 1791 1276 1828 clariss.
1289 1806 1335 1837 ιο,
1349 1806 1391 1839 47
1408 1793 1560 1842 gradibus
1576 1807 1649 1829 cum
1660 1794 1770 1830 semifi

388 1835 422 1871 se
442 1837 462 1874 εὶ
483 1837 549 1873 sole
577 1841 742 1875 interdum
766 1853 977 1884 removetur,
1002 1853 1162 1889 quantum
1189 1841 1259 1876 fere
1280 1841 1352 1877 luna
1372 1842 1583 1888 quatriduana
1597 1857 1605 1878 ε
1619 1842 1672 1877 sed
1686 1843 1772 1879 ‘illud‘

387 1888 487 1920 etiam
499 1887 674 1935 aliquando
686 1890 801 1925 accidit
812 1919 822 1934 ‚
840 1902 876 1925 ut
892 1904 931 1938 45
946 1902 994 1939 gr.
1010 1902 1083 1925 cum
1100 1887 1217 1925 semiffe
1233 1889 1252 1925 ἐι
1265 1889 1330 1925 sole
1347 1890 1480 1939 digressa
1501 1890 1540 1924 ad
1557 1903 1632 1927 eum
1653 1903 1766 1928 rever·
1798 1924 1801 1927 .

389 1946 490 1978 tatur,
517 1935 623 1985 ficque
643 1940 791 1974 maximae
812 1943 881 1987 ejus
909 1937 1119 1988 digreffiones
1134 1938 1261 1974 duobus·
1276 1939 1436 1975 duntaxat
1449 1938 1601 1989 gradibus
1622 1942 1708 1976 inter
1731 1939 1771 1977 se*

387 1982 577 2032 discrepent.

421 2044 473 2067 20.
499 2036 611 2070 Motus
627 2037 763 2070 Veneris
775 2037 855 2070 circa
870 2036 970 2073 solem
987 2037 1083 2073 velin
1094 2040 1278 2074 excentrico
1297 2039 1414 2075 circulo
1430 2067 1439 2082 ‚
1457 2038 1511 2074 vel
1529 2039 1563 2073 in
1576 2035 1677 2087 ellipfi
1689 2049 1763 2086 per-

389 2079 545 2117 ficiturtfic
554 2094 664 2119 tamen
676 2097 710 2119 ut
723 2086 878 2120 diameter
891 2085 1007 2121 orbitae
1019 2091 1154 2123 Veneris
1166 2087 1266 2124 {isolis
1280 2100 1390 2123 centro
1399 2089 1559 2123 dividatur
1570 2089 1602 2122 in
1616 2099 1652 2122 ea
1665 2089 1763 2121 ratio·
1797 2118 1799 2121 .

387 2142 428 2164 ne
437 2141 506 2176 quae
515 2131 560 2166 est
571 2135 658 2168 inter
671 2147 715 2177 70·
725 2140 756 2171 &
766 2149 810 2178 71,
826 2146 924 2182 atque
943 2139 1162 2171 excentricitas
1175 2137 1243 2172 fere
1257 2136 1344 2172 nulla
1363 2136 1408 2174 fit.
1423 2140 1593 2174 Diameter
1608 2146 1687 2170 vero
1700 2134 1763 2171 hu-

384 2182 433 2225 jus
454 2184 625 2216 excentrici
642 2184 680 2216 ad
696 2184 888 2219 diametrum
906 2182 994 2219 orbis
1010 2185 1116 2220 solaris
1134 2186 1178 2221 est
1196 2187 1230 2221 in
1246 2189 1455 2233 proportione
1467 2183 1548 2229 7zad
1562 2197 1638 2219 100.
1651 2185 1760 2219 Maxi-

385 2241 438 2262 ma
452 2232 587 2265 Veneris
601 2230 693 2267 {isole
706 2233 848 2267 distantia
864 2232 934 2275 ,seu
950 2234 1114 2282 aphelium
1133 2263 1143 2277 ,
1154 2246 1191 2269 ut
1211 2247 1249 2269 ex
1260 2233 1324 2269 sole
1337 2234 1406 2283 ipso
1417 2235 1578 2269 videretur
1588 2262 1598 2276 ‚
1613 2233 1656 2267 est
1671 2230 1759 2267 inse.

386 2278 491 2311 cundo
502 2281 603 2326 gradu
617 2282 747 2328 Aquarii
761 2311 770 2325 ‚
787 2281 979 2329 perihelium
991 2285 1023 2317 in
1041 2282 1175 2319 secundo
1234 2283 1294 2318 adu
1310 2284 1410 2318 Tauri
1424 2294 1542 2329 ·,atque
1557 2281 1624 2317 haec
1640 2282 1763 2331 putidi&

385 2323 425 2358 fic
442 2328 474 2361 in
484 2339 592 2364 ortum
604 2342 776 2365 moventur
790 2358 799 2372 ,
815 2342 851 2365 ut
867 2343 965 2366 unum
979 2332 1110 2380 gradum
1118 2296 1292 2367 configcriant
1311 2334 1394 2366 intra
1405 2338 1449 2377 46
1458 2342 1573 2366 annos,

414 2380 459 2420 Γ,
490 2381 600 2414 Venus
620 2382 661 2416 ad
670 2392 768 2417 unum
790 2392 831 2416 ex
844 2382 879 2414 iis
894 2382 1021 2427 punctis
1034 2380 1136 2430 spatio
1145 2394 1208 2430 ²²4
1216 2381 1352 2428 dierum,
1360 2380 1509 2418 horarum
1517 2393 1552 2427 17
1562 2382 1735 2418 revertitur
1744 2394 1757 2416 ε

1656 2440 1758 2477 atque
