1878 2724
392 148 450 178 106
698 136 996 176 PHYSICAE
1049 137 1465 177 GENERALIS

424 192 546 223 Com-ra
558 190 640 221 mim
660 201 668 222 τ
685 192 752 236 jam
771 186 1030 223 demonstratum
1040 188 1083 222 est
1098 200 1206 237 partes
1219 203 1336 226 omnes
1351 202 1385 226 m
1398 192 1557 226 continuo
1569 188 1646 225 astu
1662 190 1787 227 existe:

386 252 420 273 re
432 270 442 282 ‚
462 237 578 285 easque
593 239 676 271 inter
689 236 720 272 se
734 237 922 280 distinctam
936 237 1128 271 continuum
1137 239 1213 273 astu
1222 237 1282 274 effe
1297 239 1458 275 divifibile
1468 243 1501 275 in
1520 251 1626 288 partes
1642 253 1679 276 ex
1701 244 1776 289 qui.

385 288 443 323 bus
456 288 579 321 constat
592 299 600 320 z
614 298 691 333 ergo
700 284 721 320 fi
740 286 783 320 est
800 284 959 321 divisibile
971 286 1004 321 in
1015 284 1181 321 infinitum
1191 315 1200 329 ,
1212 290 1275 322 erit
1285 291 1360 324 actu
1368 288 1528 325 divisibile
1538 293 1571 325 in
1583 289 1751 326 infinitum
1761 319 1773 335 ‚

385 344 418 374 &
433 334 596 371 constabit
608 346 647 369 ex
657 333 792 369 infinitis
804 336 891 371 adiu.
901 337 984 371 Sunt
996 338 1084 370 enirn
1096 337 1129 371 in
1137 337 1295 372 continuo
1304 337 1440 374 infinitae
1449 341 1602 375 entitates
1614 368 1623 383 ‚
1633 337 1686 374 seu
1698 352 1773 389 par-

384 399 444 429 tes,
460 395 572 431 eaeque
588 397 655 419 non
671 386 820 433 potentia
837 395 983 428 tantum,
1001 383 1053 419 sed
1070 387 1146 420 aetu
1154 384 1272 423 insunt.
1301 389 1391 422 Nam
1410 389 1545 425 existunt
1557 389 1773 433 realiter‚.at-

383 446 446 482 que
456 435 539 468 adeo
553 434 628 468 astu
642 462 653 477 ,
667 447 733 468 non
742 436 893 483 potentia
906 440 963 478 3&
980 446 1187 482 quocumque
1214 434 1246 470 se
1264 447 1413 480 vertant,
1428 436 1593 474 infimtum
1616 439 1692 475 acZku
1712 450 1773 474 co-

381 495 498 531 guntur
509 483 685 518 admittere
696 511 706 527 ‚
718 483 810 531 quod
825 485 858 519 in
870 482 967 518 rebus
983 486 1098 518 creatis
1120 496 1180 520 nec
1189 482 1251 519 effe
1261 514 1270 528 ,
1280 497 1344 521 nec
1360 489 1487 534 concipi
1503 489 1619 535 potest.

417 533 481 568 Sed
494 562 504 576 ,
517 535 668 578 inquiunt
681 562 691 576 ,
704 531 839 569 infinitae
851 530 922 568 sunt
942 543 1050 580 partes
1066 535 1100 568 in
1114 534 1273 569 continuo
1294 547 1364 571 non
1381 535 1536 583 aliquorae
1551 564 1562 579 ,
1585 536 1636 572 seu
1644 548 1749 573 certa:
1760 548 1774 581 ,·

382 581 573 619 &definitae
583 581 760 619 -menffi-rae:
776 594 853 618 nam
861 580 1169 631 quantulaecumque
1182 582 1283 620 essent
1293 613 1302 628 ,
1316 596 1386 619 rem
1403 584 1532 622 infinite
1544 585 1711 622 extensam
1719 586 1771 622 ef.

381 631 515 667 facerent
529 641 579 666 :ut
594 629 615 665 si
627 643 665 665 ex
675 629 810 668 infinitis
820 632 927 682 digitis
938 644 1051 680 corpus
1066 633 1242 670 constaret.
1271 634 1455 681 Sedfflpartes
1466 634 1534 671 ‚1⁴11ae
1547 634 1617 670 sunt
1634 647 1774 683 propot-

381 680 543 724 tionaleS,
561 680 623 716 hoc
634 681 682 716 est
706 681 747 717 ad
764 692 887 718 certam
897 683 1147 730 proportionem
1169 684 1323 718 continue
1336 683 1554 719 &indefinite
1576 683 1774 720 decrescunt.

380 733 432 766 Sic
448 733 479 765 in
491 730 573 778 pede
590 727 662 765 sunt
673 731 741 765 duae
751 731 943 765 medietates
953 758 963 774 ‚
981 735 1016 767 &
1030 742 1230 778 unaquaeque
1241 732 1404 768 medietas
1417 735 1534 769 iterum
1549 734 1583 768 in
1593 733 1669 767 duas
1685 733 1775 769 divi.

379 781 411 815 di
422 780 525 828 potest
540 782 632 816 &ita
649 781 682 816 in
698 778 874 825 infinitum,
892 791 999 828 neque
1015 791 1161 827 unquam
1180 780 1387 816 exhaurietur
1400 781 1522 818 divisio.
1548 784 1601 817 Sic
1622 783 1655 816 in
1668 784 1776 818 conti-

377 843 445 867 nuo
461 828 530 864 sunt
545 827 679 865 infinitae
691 841 815 878 partes,
833 830 1380 879 inquiunt,syncategorematice,
1402 829 1456 865 seu
1474 833 1624 882 potentia
1639 858 1650 874 ,
1668 835 1702 868 &
1723 832 1776 868 in-

378 881 606 917 determinata:
616 907 626 922 ,
640 891 708 917 non
718 876 1155 927 categorem.1tice,seua6h1,
1166 885 1204 918 &
1217 880 1457 916 determinatae.

420 927 492 962 Sed
514 939 643 964 contra:
666 930 699 965 in
724 928 810 977 pede
827 927 896 964 sunt
912 929 988 963 adiu
1014 927 1081 962 duae
1096 929 1290 964 medietates
1308 958 1319 974 ‚
1343 941 1481 976 quarum
1501 940 1706 978 unaquaeque
1727 926 1775 965 est

374 977 550 1027 'semipedis
563 993 572 1021 ς
587 976 626 1013 fic
637 977 692 1012 illa
703 978 862 1013 medietas
876 991 914 1013 ex
930 975 1058 1012 duobus
1073 977 1217 1014 dimidiis
1232 979 1308 1013 atsto
1323 978 1465 1022 constat,
1489 985 1522 1016 &
1544 982 1590 1014 ita
1606 981 1641 1015 in
1657 976 1774 1015 infin-i-

379 1039 447 1063 tum
460 1040 557 1076 :ergo
570 1025 642 1062 sunt
654 1026 792 1063 infinitae
808 1028 1001 1063 medietates
1016 1026 1093 1061 actu
1106 1054 1117 1070 ‚
1128 1040 1196 1065 non
1209 1029 1357 1076 potentia
1373 1038 1510 1064 tantum.

413 1074 579 1113 Deindefi
597 1080 685 1114 Deus
703 1076 746 1112 ab
766 1088 886 1113 aeterno
906 1077 993 1112 hunc
1011 1076 1129 1124 pedem
1149 1074 1330 1125 incoepiffet
1352 1077 1522 1121 dividere,
1535 1075 1689 1125 profe&o
1704 1081 1773 1125 jam

378 1126 479 1163 effen:
488 1137 595 1175 partes
606 1129 682 1162 adiu
695 1125 849 1170 infinitae;
864 1139 936 1174 quae
949 1137 1059 1161 tamen
1072 1126 1202 1162 inerant
1215 1128 1382 1161 continuo.
1398 1127 1486 1162 Nam
1497 1137 1547 1160 res
1564 1136 1704 1174 quaeque
1721 1127 1774 1161 di-

377 1177 528 1213 viduntur
541 1177 575 1210 in
589 1187 627 1210 ea
639 1188 709 1222 quae
726 1176 800 1212 aetu
811 1175 927 1214 insunt.

421 1241 447 1261 2.
461 1229 552 1261 Deus
562 1225 671 1273 potest
681 1237 796 1260 omnes
805 1227 953 1261 continui
964 1237 1071 1274 partes
1081 1238 1169 1273 ‚quae
1183 1225 1255 1261 sunt
1273 1223 1314 1259 ab
1328 1226 1471 1261 invicem
1489 1224 1650 1261 distincta:
1662 1255 1672 1269 ‚
1683 1236 1775 1274 quae-¹

377 1287 441 1321 que
455 1273 517 1309 ase
531 1284 646 1308 mutuo
659 1286 727 1309 non
738 1273 909 1321 pendent,
926 1273 1070 1322 separare
1084 1275 1158 1312 :sed
1168 1285 1236 1309 tum
1251 1274 1382 1308 daretur
1391 1286 1462 1322 pars
1478 1273 1611 1316 ultima,
1627 1280 1662 1311 &
1685 1276 1773 1310 divi-

377 1322 508 1359 fibilitas
526 1324 819 1358 continuiomnino
835 1322 1077 1361 exhauriretur:
1094 1335 1175 1372 ergo
1194 1325 1389 1358 continuum
1407 1335 1474 1358 non
1494 1324 1540 1357 ita
1552 1322 1596 1357 est
1611 1325 1644 1358 in
1661 1322 1788 1361 infinit

378 1375 465 1409 &um
478 1371 588 1408 sectile
599 1402 609 1416 ,
623 1374 701 1420 quin
710 1372 792 1407 illius
807 1370 1007 1408 divifibilitas
1021 1373 1156 1409 tandem
1169 1373 1333 1408 exhauriri
1351 1383 1452 1420 queat
1463 1401 1473 1416 ‚
1497 1384 1535 1406 ac
1550 1383 1661 1420 partes
1685 1372 1773 1408 illius

376 1421 501 1458 ultimae
514 1423 581 1456 dari
595 1421 723 1471 poffint.
742 1423 828 1458 Cum
849 1424 936 1458 enim
951 1434 1059 1472 partes
1076 1434 1191 1458 omnes
1212 1421 1272 1457 sint
1290 1421 1383 1465 aCtu,
1404 1427 1438 1457 &
1457 1432 1548 1456 extra
1574 1418 1605 1455 se
1624 1423 1772 1459 invicem

377 1470 483 1521 pofitae
497 1470 528 1506 se
542 1469 573 1506 se
581 1484 694 1507 mutuo
706 1485 773 1507 non
782 1483 955 1519 penetrent
966 1489 975 1515 3
995 1484 1135 1520 cumque
1160 1474 1251 1507 Deus
1265 1482 1319 1505 eas
1337 1470 1489 1506 distincte
1510 1469 1685 1519 cognoscat
1702 1499 1713 1515 ‚
1735 1477 1772 1509 δε

377 1520 565 1562 conservet,
579 1534 686 1569 neque
700 1533 763 1558 una
774 1520 812 1556 fit
824 1521 955 1556 alterius
969 1520 1061 1557 causa
1074 1550 1084 1566 ‚
1102 1531 1157 1556 aut
1172 1520 1215 1555 ab
1237 1532 1275 1554 ea
1297 1521 1458 1567 pendeat:
1475 1521 1545 1553 imo
1569 1531 1644 1555 cum
1659 1531 1770 1568 partes

376 1569 435 1606 fint
447 1573 530 1606 inter
543 1569 576 1606 se
586 1571 743 1606 distinctae
756 1599 766 1613 ,
786 1582 887 1618 atque
906 1570 990 1605 adeo
1001 1569 1197 1620 separabiles
1209 1599 1218 1614 ,
1235 1582 1306 1607 non
1315 1569 1414 1604 video
1429 1580 1483 1604 cur
1497 1571 1575 1604 Deo
1591 1569 1639 1604 ita
1656 1568 1773 1610 volen-

375 1620 406 1656 se
420 1619 556 1669 separari
572 1633 641 1656 non
655 1619 788 1669 poffint.
1461 1647 1464 1650 -
1644 1642 1647 1644 -

407 1670 610 1719 Respondent
621 1699 631 1713 ‚
648 1681 777 1718 partem
793 1668 980 1718 quamlibet
998 1670 1144 1705 continui
1157 1667 1294 1717 separari
1312 1665 1399 1717 posse
1424 1666 1467 1703 ab
1480 1670 1572 1704 omni
1586 1667 1650 1703 alia
1664 1667 1770 1704 distri-

374 1718 489 1754 butive
504 1748 513 1763 ,
534 1718 598 1754 hoc
615 1719 679 1761 est,
691 1718 734 1752 ab
750 1718 805 1752 illa
821 1747 830 1761 ,
849 1718 903 1752 vel
914 1718 970 1752 illa
987 1730 1099 1766 parte-3
1113 1717 1165 1752 sed
1180 1730 1246 1751 non
1265 1716 1307 1750 ab
1326 1717 1479 1752 omnibus
1495 1717 1670 1752 colleEkive
1683 1716 1771 1752 sum-

374 1770 439 1815 ptis
453 1783 461 1804 :
475 1779 551 1802 cum
565 1766 602 1801 fit
612 1765 795 1804 deeffentia
813 1768 1009 1808 continui‚ut
1021 1764 1057 1800 fit
1067 1764 1236 1800 divisibile.
1249 1767 1301 1799 Sic
1311 1764 1430 1800 infiniti
1440 1766 1592 1801 homines
1605 1764 1678 1801 sunt
1692 1765 1769 1816 pos.

374 1816 479 1852 flbiles
492 1845 502 1860 ,
521 1827 582 1852 nec
599 1827 711 1850 tamen
725 1814 814 1850 fimul
829 1820 864 1852 δε
875 1814 1051 1850 εοὶίεᾶίνε
1070 1812 1130 1848 else
1140 1811 1281 1862 poffunt.

412 1870 556 1900 Contra:
570 1865 590 1901 ὲ
601 1863 687 1900 sensu
698 1864 903 1900 distributivo
916 1864 956 1898 ad
970 1863 1182 1899 collectivum
1195 1861 1380 1898 consecutio
1395 1862 1443 1896 est
1457 1865 1583 1911 optima
1594 1865 1627 1898 in
1644 1865 1683 1897 iis
1694 1875 1769 1911 quae

375 1915 443 1950 sunt
457 1915 533 1950 aestu
550 1943 560 1958 ,
584 1928 651 1950 non
667 1917 816 1962 porentia
839 1926 975 1950 tantum.
1010 1914 1100 1950 Nam
1114 1911 1136 1947 fi
1153 1924 1216 1947 una
1231 1923 1302 1960 pars
1316 1912 1463 1947 continui
1489 1911 1594 1960 potest
1617 1910 1680 1949 effe
1702 1911 1769 1948 fine

375 1963 537 1999 omnialia
554 1962 761 1998 distributive
780 1963 923 2012 sumpta,
936 1965 1025 1999 redte
1039 1962 1222 2009 colligimus
1239 1973 1311 1996 eam
1333 1959 1394 1995 esse
1409 1959 1501 2008 posse
1521 1959 1584 1995 fine
1611 1959 1768 1996 omnibus

374 2015 443 2049 aliis
461 2016 561 2048 etiam
578 2012 753 2048 collective
763 2011 896 2060 sumptis
908 2024 963 2049 :ut
975 2011 995 2047 si
1011 2013 1081 2059 quis
1094 2011 1214 2046 dixerit
1226 2039 1236 2055 ‚
1252 2009 1334 2045 nihil
1344 2009 1424 2045 mihi
1433 2010 1478 2045 est
1487 2022 1595 2057 neque
1604 2011 1672 2045 auri
1682 2039 1693 2054 ‚
1706 2022 1768 2045 ne.

373 2075 438 2111 que
454 2065 580 2112 argenti
597 2067 660 2099 διες.
684 2064 771 2098 reike
784 2062 963 2110 colligimus
982 2074 1057 2096 eum
1076 2061 1247 2096 hominem
1261 2058 1321 2095 effe
1333 2071 1439 2094 rerum
1453 2061 1602 2094 omnium
1618 2060 1767 2109 inopem.

376 2113 508 2148 Deinde
527 2124 597 2161 pars
615 2111 775 2159 quaelibet
796 2113 943 2147 continui
956 2110 1088 2146 realiter
1103 2109 1310 2159 distinguitur
1334 2107 1377 2143 ab
1398 2107 1554 2144 omnibus
1577 2107 1649 2143 aliis
1667 2110 1769 2153 etiarn

372 2161 547 2198 colleffive
563 2160 690 2209 sumptis
705 2176 713 2198 :
728 2173 807 2210 ergo
816 2160 858 2196 ab
877 2163 914 2195 iis
927 2160 1066 2209 separati
1079 2158 1186 2207 potest
1200 2186 1210 2202 ‚
1231 2163 1265 2195 ὃ(
1276 2156 1315 2193 fic
1327 2156 1457 2193 dabitur
1466 2170 1537 2206 pars
1554 2157 1682 2192 ultima.

407 2211 512 2259 Qod
531 2222 640 2245 autem
652 2209 788 2247 subinde
800 2224 826 2246 r(
836 2209 996 2259 spondent
1005 2210 1036 2243 id
1051 2208 1119 2244 esse
1137 2209 1178 2243 de
1188 2210 1316 2243 ratione
1325 2209 1471 2242 continui
1484 2235 1495 2250 ,
1509 2206 1598 2253 quod
1610 2204 1647 2240 fit
1660 2205 1769 2242 divisi.

375 2260 441 2296 bile
455 2263 487 2295 in
504 2272 608 2308 partes
624 2273 631 2295 :
647 2260 731 2295 adeo
743 2273 778 2295 ut
796 2273 866 2309 pars
881 2259 995 2295 ultima
1015 2259 1082 2293 dari
1105 2272 1171 2294 non
1185 2256 1301 2308 possit:
1324 2257 1386 2291 hoc
1402 2254 1499 2305 ipsum
1523 2257 1672 2303 principii
1689 2255 1772 2301 loco·

377 2309 503 2344 ssimunt
515 2339 524 2353 ‚
537 2310 623 2357 quod
634 2312 668 2344 in
683 2311 931 2345 contentionem
944 2311 1046 2344 venit.
1059 2309 1092 2344 ld
1109 2311 1196 2343 enim
1218 2308 1370 2355 quaeritur
1381 2307 1413 2339 in
1428 2317 1494 2351 quo
1508 2303 1609 2352 posita
1625 2304 1661 2340 sit
1678 2307 1765 2339 ratio

376 2360 592 2403 continui3a11
603 2361 635 2395 in
649 2358 712 2395 hoc
721 2359 809 2409 quod
825 2359 905 2395 sitin
916 2357 1076 2395 infinitum
1093 2357 1269 2394 divisibile:
1290 2368 1329 2390 ea
1343 2365 1421 2390 vero
1441 2354 1484 2389 est
1500 2354 1672 2392 manifesta
1684 2365 1764 2403 peti-
