1878 2724
367 107 728 150 TR-AGTATUS
765 105 1056 154 SE-iCUNVDJU
1072 109 1103 144 S.
1397 115 1443 146 18·

58 166 282 218 implerentur.
292 162 390 211 ‘ssQa
408 156 520 198 autem
531 158 600 195 arte
615 160 651 200 in
661 159 841 209 recipiente
858 157 914 193 aer
936 151 1188 212 comprimatur,
1202 159 1234 192 in
1249 156 1334 192 libro
1352 137 1445 204 supe:

59 209 127 254 'rius
146 204 488 260 laudato-exponitur,
504 207 561 244 ubi
573 209 673 243 etiam
690 207 780 244 nova
802 204 937 255 sclopeti
955 207 1152 254 pneumatici
1169 204 1276 245 forma
1291 206 1445 245 describi-

59 277 118 307 *tur
131 276 205 299 cum
226 261 282 298 suo
297 262 474 310 recipiente
486 288 497 303 ‚
521 260 555 294 in
567 270 632 306 quo
643 269 698 291 aer
711 257 751 292 ad
765 254 953 293 vicesimam
970 255 1020 290 sui·
1032 255 1125 304 spatii
1144 266 1271 302 partem
1294 255 1444 305 adigitur.

50 315 238 361 „Quantum
246 323 325 347 vero
338 321 393 344 aer
414 321 488 344 com
513 309 715 343 rimaturaut
730 303 882 348 rarescat,
904 317 950 339 ex2
960 304 1065 339 indice
1074 303 1131 339 'seu
1144 302 1226 339 tubo
1241 304 1445 353 cuihydrat..

58 356 345 412 ‘gytusinfunditur
354 388 365 404 ‚
378 358 478 405 digno
491 358 520 391 ci
529 361 594 404 jam
607 353 686 392 alibi
700 354 867 399 diximus,;
882 352 934 388 se‘d
944 366 1041 389 novo
1058 356 1160 388 etiam
1176 352 1209 386 id
1220 351 1384 401 peri-‘icitur
1392 367 1444 389 ar-

57 410 167 449 ,tificio
175 403 316 457 quodni
326 409 428 442 citato
440 403 676 453 opusculo'legi
691 403 814 452 potest;
830 413 888 441 nos
899 413 938 440 ea
947 412 1075 438 tanturn
1085 403 1273 449 attingimus
1283 401 1444 449 quae'sunt

57 455 167 501 nostri
180 450 322 495 instituti.
338 459 418 511 Qo
427 456 523 503 igitur
533 452 588 489 aer
599 453 702 504 magis
714 452 959 504 comprirnitur,
983 463 1025 490 eo
1041 451 1134 489 altius
1154 449 1295 486 ascendit
1306 451 1446 500 hydrat.

54 538 57 540 .
112 521 172 543 rus.
358 522 360 526 v

49 522 166 593 ’ἔξω
175 568 282 593 novus
295 554 481 604 producitur
491 549 506 596 ,'
520 549 593 587 cum
610 551 778 601 recipienti
789 550 940 586 exhausto
951 559 1005 585 aut
1025 548 1144 585 frustus
1157 579 1167 594 ‚
1184 560 1238 585 aut
1257 549 1351 584 maffa
1366 549 1444 585 fari-

53 599 229 650 incedant
246 617 320 639 caro
332 605 430 638 etiam
441 602 616 649 imponitur
631 613 639 635 :
653 612 720 636 tum
731 602 817 636 enim
827 611 930 636 novus
941 598 1051 646 prodit
1073 609 1128 632 aer
1142 601 1198 645 qui
1211 598 1445 647 hydrargyrum

57 653 143 699 2tubo
159 651 345 689 conclusum
365 649 496 687 attollit.
528 650 588 684 His
614 651 723 698 itaque
745 647 908 698 praemisfis
924 647 1092 683 videamus
1118 648 1199 693 quid
1223 646 1447 683 animantibus

59 699 186 739 occlusis
197 707 286 749 juxta
295 702 399 735 varios
410 700 491 733 aeris
507 697 604 733 status
617 701 786 750 contingat
799 715 809 744 3
826 696 889 734 five
902 709 956 733 aer
969 695 1005 733 fit
1021 696 1056 733 in
1066 695 1203 731 naturali
1217 695 1272 732 suo
1286 694 1447 741 statu,five

55 748 87 787 {is
108 750 144 786 sit
154 747 367 799 compressus,
383 745 659 787 smerarefaetus
712 748 714 751 ’
766 752 769 753 ’

92 802 236 836 Primum
249 798 557 846 itaque2du01mures
570 799 679 832 aranei
688 794 812 833 duobus
827 795 1057 847 recipientibus
1067 825 1078 840 ,
1097 794 1197 844 iisque
1210 793 1387 843 aequalibus
1399 793 1447 829 'si-·

55 850 126 885 mul
141 847 282 898 impositi
290 846 439 890 fuerunt,
452 857 521 881 turn
531 858 586 881 vas
605 846 743 882 alterum
762 849 928 883 communi
952 847 1109 882 duntaxat
1135 857 1210 888 aere
1223 845 1357 893 plenum
1383 846 1445 878 rite

56 896 248 941 obturatum
263 897 346 940 fuit3
365 894 416 931 sed
426 907 480 929 aer
499 896 532 931 in
553 894 691 931 alterum
710 897 869 944 recipiens
879 898 925 930 ita
937 897 970 930 vi
981 895 1110 930 adastus
1124 894 1168 929 est
1182 922 1192 937 ‚
1206 893 1445 942 ⁴utliydtargy-

54 959 109 990 rus
125 947 166 982 ad
178 960 219 984 ιο
239 947 358 995 digitos
375 943 461 980 ultra*
469 943 602 979 solitam
615 944 820 980 altitudinem
835 944 1015 993 assurgeret.
1044 944 1113 991 Q
1134 944 1166 977 in
1188 943 1352 977 communi
1369 953 1445 977 aere

47 993 176 1043 ‚positus
190 995 296 1031 fuerat
310 1022 321 1038 ‚
333 1005 390 1042 per
399 1006 446 1039 24
457 994 549 1030 unius
562 993 649 1029 horae
660 994 785 1030 minuta
794 995 877 1028 vixit
887 1023 897 1037 ,
911 1005 985 1028 cum
998 992 1146 1042 altegper
1159 990 1209 1026 sex‘
1222 991 1316 1026 horas
1331 996 1365 1029 &
1375 1003 1443 1026 arn-

55 1043 138 1091 plius
163 1044 371 1093 respiraverit.
395 1043 464 1091 Qi
475 1044 769 1078 incommuniaere
779 1041 1080 1085 conclususfueran
1097 1039 1250 1076 nonnihil
1269 1042 1350 1077 aeris
1364 1052 1443 1074 con-

47 1091 200 1141 sumpsit:
213 1105 289 1128 nam
310 1094 481 1127 mercurius
490 1091 536 1127 ad.
544 1102 581 1131 29
593 1092 769 1140 digitorum
783 1090 1256 1139 Anglicanorum-altirudinem
1266 1087 1441 1132 descendit,

55 1143 114 1188 qui
129 1140 249 1176 recluso
263 1139 335 1175 vase
357 1139 399 1174 ad
419 1153 456 1184 50
468 1140 588 1188 digitos
604 1152 640 1175 ut
661 1150 738 1175 ante
757 1142 891 1176 everlus
907 1140 966 1174 e‘st-
982 1140 1097 1185 v'quue
1118 1138 1189 1172 aliis
1208 1140 1442 1186 experimentis

55 1201 258 1238 compertum
271 1189 315 1225 est
325 1217 335 1232 ,
351 1190 426 1222 viva
441 1187 600 1224 ‚animalia
609 1187 686 1223 vafis
697 1187 841 1224 conclusa
850 1186 1000 1225 nonnihil
1014 1189 1096 1221 aeris
1108 1185 1284 1230 absumere,
1300 1196 1354 1220 aut
1369 1198 1442 1220 cer-

56 1245 89 1272 te
100 1237 180 1273 illius
190 1236 466 1273 elateriuminftin
492 1249 546 1272 ere
559 1249 650 1273 :cum
666 1237 818 1272 animalia
826 1239 957 1273 mortua
969 1235 1108 1273 multum
1124 1237 1206 1269 aeris
1221 1235 1342 1271 faffltii'
1363 1246 1441 1282 pro.

54 1292 229 1332 ereeng&
246 1287 438 1323 mercurium
449 1251 626 1334 pffiirimum
645 1284 807 1321 attollant.
1260 1293 1261 1297 ¹

58 1370 61 1375 ,
89 1350 116 1371 2·
141 1339 222 1372 Duae
238 1348 320 1371 ranae
336 1333 478 1371 similiter
491 1334 611 1383 duplici
622 1333 828 1383 receptaculo
840 1334 993 1372 conelusoe
1004 1336 1120 1370 diutius
1134 1335 1286 1369 vixerunt
1301 1344 1394 1380 3quae
1406 1334 1440 1368 in

47 1387 222 1421 ,communi
237 1396 297 1420 nec
314 1382 445 1419 densato
458 1395 531 1418 aere
541 1382 683 1432 degebat
693 1412 702 1427 ,
719 1396 858 1431 quatuor
875 1385 944 1419 dies
958 1413 967 1428 ,
979 1384 1080 1419 altera
1094 1400 1106 1432 5
1124 1385 1268 1431 integros
1279 1384 1371 1418 vixit.

87 1447 110 1477 3.
139 1435 216 1468 Mus
230 1444 361 1467 araneus
374 1431 508 1480 sclopeti
521 1432 717 1480 pneumatici
726 1434 895 1481 recipienti
915 1432 1076 1482 impositus
1088 1462 1098 1476 ,
1111 1443 1185 1466 aere
1194 1432 1234 1465 ad
1256 1429 1438 1466 vicesimam

54 1479 100 1516 sui
132 1481 195 1516 loci
205 1493 329 1529 partem
348 1481 480 1516 reddito
498 1479 591 1515 brevi
608 1481 740 1517 interiit.
762 1482 825 1516 Sed
837 1494 912 1516 aere
926 1480 1040 1529 septies
1057 1483 1160 1529 magis
1177 1478 1309 1515 densato
1321 1508 1331 1523 ,
1342 1492 1440 1527 quam

55 1528 97 1564 'ab
107 1530 329 1579 atniosphaerae.
339 1530 495 1578 pondere,
510 1542 580 1565 nius
595 1541 651 1578 per
664 1544 703 1576 24
717 1530 840 1567 minuta
854 1532 945 1566 unius
958 1530 1043 1565 horae
1054 1559 1064 1574 ,
1074 1530 1170 1578 longa
1188 1540 1300 1563 tamen
1320 1529 1437 1563 ducens

55 1576 184 1626 suspiria
194 1582 295 1615 vitani
311 1578 463 1626 produxit
478 1593 484 1613 3
497 1583 530 1615 &
542 1579 700 1612 extr-aetus
716 1577 883 1613 convaluit
896 1593 904 1612 ς
917 1579 1000 1613 adeo
1009 1591 1044 1613 ut
1059 1581 1158 1614 nimia
1179 1579 1259 1611 aeris
1276 1575 1439 1624 compres-

49 1625 101 1660 Τιο
122 1626 312 1662 animalibus
331 1625 456 1660 lethalis
468 1626 623 1659 videatur.
634 1625 697 1660 Sed
714 1636 822 1661 tamen
834 1626 984 1661 nonnihil
996 1625 1111 1674 preffus
1122 1626 1203 1674 saepe
1215 1623 1371 1659 salubrior
1379 1624 1439 1667 est,

55 1686 154 1721 quarn
177 1676 353 1710 communis
366 1685 419 1708 aer
434 1679 467 1711 &
480 1673 624 1709 inclusus.
641 1676 695 1709 Sic
713 1674 839 1710 avicula
856 1676 1027 1722 recipienti
1047 1673 1193 1723 imposita
1214 1685 1287 1708 cum
1301 1673 1387 1707 male
1404 1672 1436 1707 se

53 1721 213 1768 haberet,
229 1723 349 1759 intruso
364 1735 449 1766 aete,
467 1723 548 1757 adeo
557 1735 590 1757 ut
605 1726 777 1757 mercurius
790 1723 829 1756 ad
847 1737 883 1767 30
899 1724 1016 1772 digitos
1035 1723 1118 1758 ultra
1136 1722 1262 1757 solitam
1289 1721 1436 1756 altitudi-

52 1783 130 1820 nem
142 1771 346 1814 ascenderet,
361 1771 403 1805 sta
411 1773 468 1806 tim
482 1771 671 1806 convaluit:
687 1784 761 1806 cum
778 1770 951 1815 deficeret,
974 1774 1091 1807 iterum
1103 1784 1158 1805 aer
1171 1772 1204 1805 vi
1224 1770 1356 1806 intrusus
1368 1770 1414 1804 est
1425 1800 1436 1814 ‚

53 1820 315 1857 dum-mercurius
328 1834 368 1867 45
383 1820 489 1868 digitis
508 1819 602 1855 altior
616 1820 707 1856 fieret
717 1842 727 1864 ,-
739 1832 806 1855 tum
822 1823 937 1855 iterum
948 1819 1072 1855 sanitati
1082 1820 1125 1855 est
1142 1820 1287 1854 restituta
1298 1819 1435 1860 avicula,

53 1873 88 1907 ὃς
97 1880 209 1917 aperto
225 1871 401 1917 recipiente
411 1869 496 1904 bene
505 1866 676 1906 sehabuir.
688 1871 737 1904 Sic
745 1866 818 1904 'mus
829 1881 962 1905 araneus
978 1871 1011 1905 in
1022 1869 1129 1918 phiala
1139 1898 1149 1913 ,
1166 1873 1254 1917 cujus
1273 1868 1435 1903 orificium

53 1916 327 1965 illigataveficula
346 1917 533 1954 obturatum
555 1918 617 1961 est,
633 1917 769 1953 inclusus
781 1947 789 1961 ,
809 1931 882 1953 cum
895 1928 1048 1967 aegrotare
1060 1916 1229 1966 caepisset,
1255 1930 1329 1952 aere
1351 1919 1434 1952 intra

54 1967 213 2014 recipiens
226 1967 342 2002 adcreto
356 1995 365 2009 ,
378 1967 461 2001 adeo
479 1976 513 2000 ut
522 1965 655 2001 vesicula
675 1966 775 2016 pressa
799 1978 908 2002 aerem
930 1966 1038 2016 phiala
1054 1978 1248 2002 contentum
1261 1970 1346 2002 intus
1362 1978 1435 2014 pre-

57 2023 161 2047 meret
176 2041 185 2055 ,
206 2013 284 2048 licet
298 2028 399 2049 novus
411 2027 463 2048 aer
482 2027 549 2048 non
566 2014 684 2050 'subiret
695 2019 743 2059 ‚is
759 2028 867 2051 tamen
884 2016 997 2051 melius
1012 2015 1053 2050 se‘
1068 2014 1193 2051 habuit.

95 2062 171 2111 Jam
186 2060 263 2097 illud
273 2061 344 2096 satis
353 2064 396 2098 est
414 2074 623 2110 pervagatum
632 2064 785 2101 animalia
803 2067 834 2100 in
855 2077 956 2100 vacuo
972 2094 982 2109 ,
1001 2064 1051 2099 seu
1070 2066 1105 2099 in
1127 2066 1306 2113 recipiente
1320 2093 1328 2107 ‚
1346 2067 1433 2110 cujus

54 2109 164 2143 aerest
178 2109 448 2154 exhaustus,brevi
462 2113 602 2149 interire.
617 2113 738 2151 inferlm
753 2115 886 2161 quidem
901 2113 947 2148 ibi
963 2112 1082 2150 diutius
1097 2116 1223 2150 vivunt.
1244 2115 1295 2148 Sic
1312 2112 1433 2161 papilio

56 2167 119 2194 tres
131 2158 225 2194 horas
242 2170 417 2206 antequam
428 2171 520 2195 motu
532 2163 620 2195 omni
631 2165 814 2209 privaretur
826 2192 835 2206 ,
856 2165 890 2198 in
903 2175 1007 2198 vac-uo
1029 2163 1165 2211 perstitit
1175 2191 1186 2206 ,
1203 2175 1240 2196 ac
1250 2175 1339 2197 novo
1359 2170 1433 2193 aere

55 2207 187 2255 i'ndud'to
215 2219 338 2242 motuni
366 2213 399 2244 δέ
420 2209 504 2242 vires
537 2213 744 2256 recuperavit.
782 2213 926 2247 Limaces
954 2213 1020 2246 duo
1047 2212 1167 2246 exactis
1194 2212 1280 2245 horis
1309 2208 1433 2243 duabus

53 2255 183 2290 immoti
196 2261 380 2304 jacuerunt:
398 2256 469 2303 post
490 2255 541 2291 sex
557 2268 665 2292 tamen
685 2259 777 2294 horas
794 2264 935 2310 exempti
955 2261 1086 2296 tandem
1105 2261 1231 2295 moveri
1257 2261 1431 2306 incoepere.

54 2303 127 2351 Alia
142 2317 218 2339 rana
228 2306 295 2353 post
307 2306 381 2340 duas
392 2306 485 2341 horas
498 2308 529 2340 in
540 2317 642 2341 vacuo
657 2308 788 2343 interiit.

62 2354 224 2400 „Acetum
237 2354 420 2394 vermiculis
431 2382 441 2398 ,
457 2352 510 2389 seu
527 2356 658 2391 minutis
668 2357 825 2406 anguillis<
834 2357 953 2394 foetum
963 2369 1065 2395 vacuo
1080 2355 1231 2392 inclusum
1244 2355 1307 2392 fuit
1322 2373 1333 2401 3
1356 2369 1428 2392 ver.
