1878 2724
525 110 951 148 DFJMETEORIS.
1397 126 1429 154 61

59 179 62 181 ·
79 160 224 200 Multum
234 169 364 208 quoque
374 161 535 195 momenti
553 160 646 196 affert
657 160 726 196 situs
737 160 888 197 fluminis.
901 162 954 195 Sic
966 161 1130 196 Garumna
1140 160 1226 197 resta
1236 158 1304 197 fere
1315 165 1346 198 in
1360 131 1427 200 nia-

46 223 80 246 re
93 212 192 247 fertur
207 238 217 253 ,
241 222 306 244 non
325 210 404 243 item
422 210 572 255 Sequana
593 223 602 246 ε
626 208 721 259 serpit
737 212 823 245 enim
842 209 894 245 hic
907 208 1022 245 fluvius
1039 208 1207 258 multiplici
1226 210 1330 248 flexu:
1349 213 1426 248 hinc

45 260 132 296 aestus
144 258 249 294 multo
267 255 391 306 longius
401 258 432 293 in
445 259 645 294 Garumnam
655 258 755 306 quam
775 262 808 294 in
825 259 1007 306 Sequanam
1020 261 1164 295 excurrit.
1190 260 1290 305 Qod
1316 273 1425 297 autem

44 309 160 347 eodem
172 318 237 342 tem
262 319 318 341 ore
328 306 412 341 aestus
435 308 468 342 in
481 309 641 350 Oceano,
661 313 696 345 &
713 310 745 343 in
763 311 925 343 Garumna
943 320 1045 356 prope
1067 308 1278 357 Burdegalam
1298 312 1426 346 contin-

43 368 117 405 gat,
131 357 163 391 id
176 368 217 390 eo
252 367 265 390 t
275 356 362 402 quod
376 368 409 390 η
421 355 507 390 horis
518 355 636 391 tardius
651 356 860 406 Burdegalam
879 359 1067 404 perveniat,
1091 369 1158 404 quo
1176 369 1323 405 tempore
1345 360 1427 394 redit

43 407 77 441 in
94 407 230 441 Oceano
244 419 252 440 :
269 405 353 439 unde
369 405 520 440 Oceanus
534 432 544 447 ,
566 410 599 441 δε
615 407 776 440 Garumna
791 405 909 439 eodem
933 416 1082 453 ternpore
1102 406 1315 441 intumescunt
1326 435 1336 451 ‚
1359 420 1426 444 non

42 465 109 489 uno
121 454 253 501 quidem
265 452 339 487 :estu
351 482 360 496 ,
379 453 429 487 sed
446 451 585 490 diverfis.

45 531 49 535 .
77 505 115 538 ln
129 505 278 549 Sequana
297 513 359 536 tres
372 501 444 536 sunt
457 504 602 549 ingentes
626 500 740 537 fluetus
756 513 857 551 prope
872 502 1061 550 aequinoffia
1073 529 1082 545 ,
1101 507 1134 539 &
1155 501 1308 544 solstitia,
1330 504 1428 554 vulgo

41 552 76 587 Ia
85 550 177 585 barre
190 552 329 598 :primus
338 551 377 584 ad
392 550 593 585 altitudinem
605 551 673 586 fere
681 565 706 597 4
714 551 832 599 pedum
843 549 980 598 assurgit.
991 553 1080 586 Huic
1090 553 1253 598 proximus
1263 552 1353 596 οᾶος
1364 565 1426 588 ter-

41 602 102 636 tius
121 613 155 635 12
164 600 282 648 pedum
292 599 496 634 a'n'tudinem
514 598 658 648 superat,
676 605 711 636 δε
725 612 860 646 quatuor
880 611 962 647 pene
978 600 1129 634 horarum
1149 599 1250 648 spatio
1271 615 1305 647 25
1322 601 1427 636 leucas

42 647 180 684 Gallicas
202 660 321 695 magno
348 648 474 696 strepitu
498 660 694 695 percurrunt.
714 650 803 684 Idem
826 648 895 683 fere
908 650 940 682 in
958 651 1137 692 Garumna,
1159 648 1210 683 sed
1231 649 1347 684 tardius
1361 679 1370 694 ‚
1392 655 1426 687 &

42 699 182 733 maxime
193 698 279 731 circa
288 696 487 745 Septembris
498 698 628 732 initium
638 709 710 732 cum
722 709 811 744 aquae
826 696 895 732 sunt
904 696 1110 746 depreffiores
1122 725 1132 740 ‚
1151 701 1322 747 contingit.
1348 700 1427 745 Qo

40 757 150 782 autem
166 744 281 781 fluvius
292 745 436 793 pleniore
446 745 542 780 alveo
552 746 640 789 fluit,
658 759 698 780 eo
715 749 820 782 minus
833 746 888 781 has
899 747 1133 781 exundationes
1147 751 1316 795 experitur.
1330 749 1425 784 Cum

42 807 105 842 que
121 797 202 829 circa
216 797 409 841 aequinoctia
420 823 429 838 ‚
444 800 478 832 &
501 797 585 829 circa
610 795 778 830 novilunia
789 823 798 838 ‚
820 806 877 830 aut
894 794 1071 842 plenilunia
1090 800 1226 845 majores
1239 793 1298 831 fint
1317 798 1423 840 aestus,

42 845 80 878 iis
96 841 294 891 temporibus
311 843 343 879 hi
355 844 524 878 decumani
542 843 656 880 fluetus
677 849 815 891 majores
827 872 836 887 ,
849 849 885 880 ὃ(
902 843 1141 892 frequentiores
1170 846 1314 882 existunt.
1340 848 1426 882 Cum

43 893 141 927 etiam
155 895 310 940 Sequana:
326 892 436 927 alveus
453 892 545 928 instat
556 892 755 928 infundibuli
769 904 950 928 extremum
959 891 1119 928 orificium
1136 893 1256 929 habeat
1269 898 1425 944 apertius,

42 942 216 977 adveniens
230 941 320 976 aestus
332 940 380 976 ibi
394 953 557 976 tumentes
568 941 686 978 fluetus
702 954 770 978 non
788 944 928 979 excitat:
941 954 976 977 at
987 940 1165 976 ubifsenfim
1181 943 1273 978 instar
1287 942 1358 978 tubi
1368 956 1425 980 co-

41 991 181 1026 afflatur
197 1018 208 1034 ‚
226 1002 322 1038 aquae
341 1003 382 1026 ex
402 992 543 1026 Oceano
562 1004 689 1040 magno
713 994 840 1040 impetu
863 993 897 1026 in
928 991 1143 1040 angustiorem
1163 991 1296 1030 alveum
1310 995 1426 1029 irrum-

66 1050 135 1075 unt.

42 1051 64 1088 P
85 1087 165 1122 Illud
173 1099 306 1135 quoque
328 1087 520 1123 observatur
531 1089 563 1123 in
574 1089 738 1122 Garumna
749 1116 758 1130 ,
767 1087 818 1122 sed
827 1091 923 1123 ratius
938 1101 946 1123 ε
960 1088 1058 1135 idque
1072 1099 1190 1124 vocant
1201 1090 1228 1123 le
1237 1090 1422 1136 Masi-aret.-

42 1136 132 1184 quod
143 1136 241 1183 longe
252 1140 352 1184 majus
369 1137 453 1173 est&
467 1136 668 1183 frequentius
679 1138 712 1170 in
725 1137 883 1172 Dordona
893 1165 901 1179 ,
917 1149 1014 1183 quam
1029 1138 1062 1171 in
1081 1139 1246 1172 Garumna
1257 1138 1332 1187 ipsa.
1355 1140 1426 1175 Cu..

40 1189 86 1233 jus
99 1184 232 1220 effeetus
247 1188 407 1220 rationem
426 1196 528 1233 nuper
544 1187 578 1219 in
596 1187 770 1220 Academia
789 1188 1026 1229 D.Mariotte,
1043 1197 1085 1220 ex
1101 1184 1159 1219 fitu
1179 1186 1246 1233 ipso
1264 1188 1426 1237 utriusque

42 1232 135 1268 fluvii
148 1245 326 1280 antequam
339 1235 540 1270 conveniant
558 1261 568 1276 ‚
586 1245 701 1282 magna
715 1233 943 1282 probabilitate
954 1232 1135 1282 repetebat.
1147 1234 1274 1270 Flu&us
1289 1240 1376 1271 enim
1387 1238 1425 1272 il-

43 1283 67 1318 li
79 1283 248 1318 decumani
257 1285 288 1317 in
299 1285 464 1317 communi
478 1281 574 1317 alveo
586 1281 630 1317 ob
649 1282 732 1316 illius
753 1283 839 1318 alvei
853 1295 1004 1331 magnam
1025 1282 1231 1319 latitudinem
1246 1285 1289 1320 est
1301 1287 1425 1322 medio.

41 1333 123 1375 ctis;
138 1333 172 1366 in
190 1333 357 1366 Garumna
373 1344 459 1379 pene
476 1331 580 1366 nullus
596 1359 604 1373 ‚
618 1333 652 1366 in
667 1332 823 1367 Dordona
843 1332 940 1380 longe
965 1331 1059 1366 altior
1081 1332 1171 1379 quod
1202 1334 1363 1370 Dordom
1389 1339 1424 1370 in

43 1381 199 1416 directum
219 1382 397 1428 porrigatur
418 1392 491 1414 curn
508 1380 800 1423 communialveo5
816 1384 980 1416 Garumna
999 1392 1079 1415 vero
1106 1379 1245 1416 multum
1267 1383 1306 1416 ad
1325 1388 1425 1418 meri-

44 1430 130 1464 diem
146 1428 332 1465 infleetatur
349 1457 360 1472 ,
374 1433 406 1464 &
421 1429 571 1476 angulum
582 1426 704 1463 efficiat
717 1441 791 1463 cum
801 1429 898 1464 alveo
913 1427 1071 1476 utriusque
1087 1427 1228 1465 fluminis
1241 1436 1423 1468 communi:

42 1476 253 1514 unde‘flustus
265 1489 376 1526 praetet
390 1478 576 1513 direfflonis
588 1477 708 1512 lineam
725 1478 876 1526 impulsus
890 1477 1048 1525 frangitur
1059 1506 1069 1521 ‚
1089 1483 1123 1514 &
1137 1478 1241 1514 versus
1256 1482 1337 1528 ripas
1350 1494 1427 1528 pro..

43 1526 144 1562 trusus
159 1540 242 1575 pene
259 1529 470 1575 extinguitur:
487 1539 559 1561 cum
570 1529 697 1574 integer
708 1539 839 1562 maneat
857 1528 889 1561 in
901 1527 1080 1569 Dordona3
1103 1538 1170 1561 tum
1188 1530 1276 1574 quod
1295 1529 1348 1563 hic
1366 1528 1426 1565 flu-

44 1577 116 1610 vius
129 1576 226 1623 duplo
241 1575 277 1610 fit
297 1575 480 1622 angustior,
494 1587 564 1609 tum
582 1577 681 1609 etiam
693 1574 738 1608 ob
758 1575 790 1609 id
814 1577 955 1609 maxime
972 1574 1061 1622 quod
1079 1577 1110 1609 in
1136 1576 1295 1611 directum
1311 1581 1425 1624 jaceat,

45 1629 79 1661 ὅ(
90 1637 126 1658 ex
140 1637 249 1659 mutua
270 1624 374 1658 versus
388 1635 557 1672 utramque
569 1625 671 1670 ripam
682 1622 859 1658 reflexione
874 1624 957 1657 vires
980 1635 1110 1671 augeat.
1141 1625 1241 1660 Unde
1258 1625 1292 1660 hi
1310 1624 1424 1662 fluetus

44 1675 79 1708 in
99 1673 254 1708 Dordona
267 1672 338 1707 sunt
355 1672 526 1714 elatiores,
540 1678 573 1709 &
591 1671 827 1718 frequentiores
837 1684 936 1720 quam
950 1673 982 1707 in
998 1673 1164 1707 Garumna
1183 1684 1250 1708 tum
1269 1673 1315 1709 ob
1331 1673 1424 1710 fitum

47 1721 400 1768 Garumnaeobliquum
416 1751 425 1763 ,
443 1732 512 1756 tum
521 1721 566 1755 ob
578 1719 660 1755 illius
673 1720 887 1757 latitudinem.

79 1771 142 1805 Sed
161 1783 216 1805 cur
232 1772 311 1805 circa
328 1771 517 1806 Normaniae
530 1799 540 1813 ,
559 1776 592 1807 ὃ(
609 1770 782 1804 Armoricae
802 1769 942 1804 confinia
959 1772 1043 1805 tanti
1069 1770 1156 1805 aestus
1179 1772 1368 1813 incurrant,
1389 1782 1425 1806 ut

45 1819 84 1853 ad
96 1821 126 1856 S.
138 1819 307 1854 Michaelis
322 1847 331 1862 ‚
341 1825 374 1854 δε
387 1821 420 1855 S.
430 1819 589 1853 Maclovii
599 1819 759 1853 interdum
769 1825 810 1854 60
820 1819 938 1866 pedum
957 1818 1163 1853 altitudinem
1183 1818 1353 1868 superent?
1373 1821 1425 1854 An

43 1866 133 1903 forte
148 1868 180 1902 id
194 1868 308 1902 accidit
322 1868 416 1914 quod
426 1870 554 1903 Oceani
569 1880 658 1916 aquae
677 1867 696 1902 a
722 1868 857 1902 meridie
874 1870 907 1902 in
924 1870 1187 1916 Septentrionem
1207 1871 1335 1916 agitatae
1355 1870 1427 1902 Bri-

45 1926 166 1951 tanniae
178 1916 304 1950 occursu
322 1915 460 1950 resiliant
474 1945 484 1959 ‚
501 1929 596 1963 atque
608 1916 651 1950 ab
669 1918 842 1951 Armoricae
855 1921 890 1952 &
912 1918 1104 1952 Normaniae
1125 1916 1287 1951 littoribus
1308 1919 1426 1953 iterum

49 1962 229 2011 repercussae
246 1966 278 1998 in
289 1964 387 2011 ipsum
402 1965 490 1999 velut
500 1968 664 2013 angulum,
678 1970 710 2001 ὅ(
721 1963 883 2000 concursus
893 1965 1053 2013 angustias
1064 1964 1235 2000 confluant
1244 1965 1422 2003 uberrimae?

92 2013 182 2047 Idem
200 2012 267 2047 fere
278 2015 386 2047 evenit
400 2016 432 2048 in
447 2013 534 2048 freto
552 2013 770 2061 Magellanico
787 2025 919 2061 propter
932 2012 1093 2062 utriusque
1110 2016 1205 2049 maris
1220 2014 1374 2049 Atlantici
1392 2020 1426 2052 ἃ

49 2059 181 2097 Pacifici
191 2059 376 2096 concursum
387 2089 396 2103 ,
408 2063 594 2098 &motusin
607 2062 728 2096 diversa
745 2065 894 2099 nitentes.
907 2064 997 2099 Nam
1013 2065 1047 2098 in
1071 2062 1162 2098 fretis
1180 2062 1333 2098 omnibus
1357 2076 1427 2097 ma„

45 2111 168 2159 joribus
187 2106 278 2144 aestus
301 2108 422 2156 semper
434 2108 491 2144 fibi
510 2122 701 2145 occurrunt:
717 2112 804 2157 quod
824 2124 866 2146 ex
877 2123 1016 2158 utroque
1029 2111 1130 2146 latete
1147 2125 1236 2146 mare
1249 2123 1426 2160 prematur.

50 2159 140 2192 Idem
153 2159 220 2193 fere
231 2163 262 2192 in
275 2157 420 2192 confiniis
432 2160 557 2194 Oceani
571 2161 761 2202 Britannici,
773 2166 806 2197 &
823 2163 1008 2195 Germanici
1024 2162 1198 2209 contingit.
1219 2163 1290 2194 lmo
1308 2160 1425 2196 eodem

51 2208 123 2242 aestu
143 2220 230 2242 mare
245 2219 346 2255 prope
364 2208 507 2242 Orcadas
518 2207 538 2242 ἐι
552 2209 778 2254 septentrione
791 2211 823 2244 in
836 2209 986 2243 Austrum
997 2238 1006 2252 ‚
1019 2213 1052 2245 ὃ(
1075 2209 1182 2245 Caleti
1195 2207 1237 2243 ab
1263 2207 1375 2243 Austro
1392 2211 1424 2244 in

52 2258 185 2290 Boream
206 2258 329 2292 nititur.
356 2259 390 2290 In
408 2256 516 2290 medio
532 2267 640 2290 autem
662 2258 744 2292 inter
757 2268 928 2304 utrumque
942 2260 1120 2292 extremum
1142 2256 1241 2304 spatio
1260 2258 1315 2290 vix
1340 2256 1427 2292 aestus

51 2306 238 2386 percipitur.
254 2307 332 2341 Uno
347 2304 447 2340 verbo
459 2305 590 2340 aestuum
598 2305 791 2354 magnitudo
800 2335 811 2351 ,
820 2311 854 2344 δε
866 2317 994 2355 tempus
1004 2306 1177 2357 plurimum
1186 2305 1330 2352 pendent
1338 2304 1358 2340 a
1369 2302 1428 2340 fitu

64 2363 203 2390 ntorum.

217 2403 307 2440 Tom.
320 2405 370 2455 H.
1160 2404 1220 2438 22
