1878 2724
445 91 820 134 TRACTATUS
864 92 1129 134 TERTIUS.
1416 109 1475 138 21

76 149 250 201 'applicata
260 148 301 184 -Is
313 145 402 185 enim
416 146 548 182 demum
558 145 603 181 est
622 144 835 194 Philosophiae
853 145 1005 183 naturalis
1021 145 1143 183 fruetus
1159 144 1262 183 multo
1277 114 1470 194 uben-imni,

75 192 310 250 propositiones
319 195 512 234 universales
521 224 531 241 ,
551 201 585 233 &
598 195 787 231 induaione
797 192 967 230 roboratas
980 196 1020 231 ad
1038 198 1112 231 vitae
1129 193 1218 232 usum
1228 200 1263 233 δε
1273 199 1398 245 praxim
1407 199 1466 233 ad-

75 249 200 285 hibere.
216 250 305 285 Nam
315 247 407 296 quod
421 249 455 282 in
469 243 750 293 contemplatione
767 255 880 279 verum
896 245 1057 281 invenitur
1071 273 1082 289 ,
1099 244 1132 279 id
1155 244 1349 294 plerumque
1363 248 1408 283 est
1424 248 1467 282 ad

76 298 304 346 operationem
315 297 409 333 utile.
436 297 489 330 Sic
499 293 684 342 generalem
697 293 786 328 illam
807 292 1010 329 humiditatis
1032 297 1205 330 notionem
1226 295 1391 344 ingeniose
1407 297 1463 331 ad-

74 345 212 383 modum
228 351 262 383 &
277 346 402 382 utiliter
416 347 441 379 is
461 342 629 388 adhibuit,
646 344 705 391 qui
724 340 902 377 obeliscum
925 343 1211 392 Constantinopoli
1235 344 1256 379 ἐι
1277 343 1344 381 basi
1357 345 1468 381 multis

72 405 161 431 tetro
172 393 288 431 saeculis
300 394 459 431 revulsum
476 396 508 428 in
519 393 626 429 locum
637 391 723 428 suum
737 389 886 427 restituit.
895 392 984 427 Cum
1008 395 1096 428 enim
1112 421 1123 437 ,
1137 404 1174 427 ut
1189 396 1221 428 in
1245 393 1306 429 suis
1322 394 1466 443 Epistolis

72 442 177 479 refert
199 444 398 493 Busbequius
413 442 821 490 Ferdinandilmperatoris
838 441 976 489 Legarus
988 471 998 486 ,
1013 443 1180 496 ingentem
1191 442 1333 490 lapidem
1346 457 1466 493 magno

72 492 296 529 machinatum
306 506 322 528 a
349 502 462 542 paratu
477 489 648 534 erexisset,
659 501 696 524 ur
709 489 813 538 digito
830 499 958 525 tantum
975 489 1096 526 abesset
1110 490 1132 527 a.
1149 489 1215 526 bafi
1225 520 1235 534 ‚
1250 490 1306 527 ille
1327 496 1432 540 petito
1446 493 1466 529 ὲ

71 539 169 577 rebus
184 542 323 578 naturali
351 554 384 577 us
396 539 535 577 subsidio
544 567 554 583 ‚
567 538 653 589 juffit
663 537 773 574 afferri
786 536 973 573 immensam
985 552 1076 587 aquae
1087 543 1168 584 vim,
1179 552 1244 588 qua
1254 539 1362 576 multis
1376 542 1463 577 horis

71 591 108 626 ι’-η
126 591 310 626 machinam
324 590 413 626 illam
422 590 552 638 inje&a‚
570 589 666 624 funes
686 585 804 636 quibus
819 585 977 622 obeliscus
991 587 1181 633 librabatur,
1199 588 1309 625 senfim
1320 590 1468 627 madefa-

71 641 127 684 ἀί,
141 651 178 675 ut
190 650 303 675 eorum
320 639 368 674 est
388 650 501 675 natura
523 665 534 681 ‚
556 635 588 672 se
614 646 806 672 contraxere
820 649 828 671 ι
844 635 883 671 fic
897 647 932 671 ut
945 637 1124 673 obeliscum
1139 637 1234 673 altius
1248 638 1409 675 sublatum
1432 642 1467 677 in

69 684 229 736 affragalo
241 687 292 723 seu
311 686 375 723 basi
388 687 555 723 statuerint
568 698 686 735 magna
701 698 774 720 cum
789 685 1007 721 admiratione
1024 692 1060 724 &
1075 686 1185 736 plausu
1202 688 1303 737 vulgi.
1332 689 1467 735 Qanta

70 747 178 771 autern
194 735 230 772 fit
244 739 291 772 vis
303 737 425 773 humidi
440 737 523 771 aeris
537 764 547 780 ‚
560 747 600 770 ex
615 735 711 784 lignis
725 733 794 783 ipsis
807 746 879 782 quae
898 736 930 770 in
944 735 1079 771 humido
1090 747 1164 771 aere
1177 736 1413 783 intumescunt,
1426 750 1466 774 ex

68 784 213 834 pellibus
222 786 337 821 itidem
351 787 459 821 ovinis
470 813 479 829 ,
497 796 635 833 quarum
646 784 773 833 pondus
784 795 935 832 augetur,v
947 784 1024 820 licet
1034 787 1208 833 conjicere.

106 835 242 870 Omitto
253 845 288 870 ut
301 834 573 870 thern-iometrum
588 844 628 869 ex
644 844 740 869 motu
755 831 871 868 caloris
886 833 1058 881 expanfivo
1075 834 1149 869 satis
1160 835 1296 885 cognito
1308 863 1316 873 ,
1348 834 1388 871 sic
1406 835 1468 887 hy·

67 891 237 931 grometra
251 885 331 918 varii
340 885 471 933 generis*
480 882 594 918 ‘exilio
610 895 723 930 quem·
734 893 814 917 mox
825 881 1029 932 exposuimus
1042 912 1052 927 ‚
1061 883 1262 920 humiditatis
1275 884 1397 921 effectu
1408 899 1466 935 pa-

16 970 17 974 ,
68 933 149 974 rarii
160 944 362 979 quaeromnes
376 931 861 976 humiditati&&Recitatisin
868 943 944 967 aere
955 932 1071 981 gradus
1082 933 1313 969 demetiuntur.
1334 936 1370 970 In
1382 934 1468 972 hanc

68 992 137 1026 rem
153 983 200 1017 uti
213 977 316 1017 solent
353 979 513 1017 edunculo
524 982 738 1031 grani-avem
751 979 859 1017 fatuae.
870 1003 871 1006 =
881 982 950 1017 Hic
963 983 1052 1018 enim
1068 982 1194 1018 constat
1208 990 1247 1019 ex
1264 982 1408 1032 pluribus
1423 983 1464 1021 fi.

69 1028 135 1064 bris
157 1040 310 1077 tanquam
339 1030 475 1066 uniculis
485 1032 571 1066 inter
581 1029 611 1065 fe
620 1032 880 1078 'contortisfflene
890 1041 925 1065 ut
941 1030 1148 1076 intestinulis,
1165 1043 1234 1079 quae
1248 1033 1468 1069 instrumentis

67 1077 191 1114 muflcis
208 1089 360 1127 aptantur
370 1091 380 1123 ·,
390 1077 512 1126 quibus
525 1080 624 1114 etiam
639 1078 785 1115 nonrmlli
794 1077 967 1115 utbsolent.
977 1081 1041 1114 Sed
1052 1079 1178 1128 vulgari
1198 1080 1402 1129 hygrometri
1418 1083 1466 1118 fa:

67 1126 158 1162 brica
177 1126 350 1175 simplicior
369 1128 510 1164 videtur.
537 1129 628 1164 Nam
646 1126 852 1162 erectoillius
863 1130 957 1176 grani
968 1129 1162 1175 pedunculcn
1179 1133 1213 1166 &
1224 1130 1340 1165 chartae
1357 1131 1465 1180 agglu->

69 1178 181 1212 tinato'
201 1175 509 1225 aptatur-indiculus
525 1189 599 1223 cum
616 1176 787 1211 circulo-in
807 1186 914 1224 partes
938 1176 1064 1224 aliquas
1081 1176 1196 1214 diviso.
1214 1180 1337 1226 *ltaque
1355 1191 1392 1214 ut
1409 1192 1465 1214 aet

69 1225 345 1261 humidusaest-vel
361 1225 455 1261 siccus
467 1253 478 1269 ,
497 1235 649 1261 contorta
659 1225 749 1260 velut
765 1223 818 1260 fila
829 1223 1093 1273 sese›explicant,›
1114 1236 1172 1261 aut
1186 1226 1384 1263 contrahunt
1398 1255 1408 1272 ,
1428 1233 1464 1266 &c

68 1273 211 1309 indicem
229 1272 333 1322 ipsum
343 1303 351 1318 ,
366 1273 419 1310 seu
431 1272 582 1310 chartula:
597 1272 779 1322 oblongum
796 1272 967 1309 frustulum
982 1277 1069 1310 varie
1078 1274 1329 1310 circumducunt.

76 1328 81 1334 ’
100 1324 183 1369 Non
195 1322 299 1367 aliud,
315 1335 350 1358 ut
359 1336 452 1372 puto,
467 1325 584 1359 certius
597 1351 607 1366 ‚
626 1334 683 1358 aut
692 1321 734 1357 ab
744 1323 965 1370 aerisinjtiriis
985 1325 1086 1371 magis
1104 1333 1212 1359 tutum
1230 1323 1387 1360 adhiberi*
1398 1338 1463 1374 po.

70 1370 131 1406 test
143 1370 401 1420 hygrometrum‚
412 1385 509 1420 quam
519 1371 652 1420 spongia
662 1383 732 1418 quae
743 1370 905 1418 exquisitae
915 1371 1040 1407 bilanci
1055 1370 1208 1420 impofita
1217 1394 1228 1415 ,·
1246 1373 1300 1408 ve'l
1310 1376 1464 1412 minimas

67 1422 151 1455 aeris
169 1422 364 1456 mutationes
378 1420 434 1456 suo
451 1422 597 1469 pondere
619 1420 768 1462 indicat',
782 1430 821 1455 ut
833 1419 974 1455 fusein
986 1419 1135 1470 lingulati
1157 1422 1464 1471 traffltu'explicat

68 1468 290 1518 BoyliuS.-Sed
304 1469 408 1505 nostri
425 1483 493 1506 non
518 1469 715 1505 eliz-instituti
732 1468 774 1507 ad
790 1471 917 1517 praxim
936 1468 1037 1517 ipsam
1050 1469 1266 1514 descendere,
1283 1482 1341 1517 aut
1354 1472 1463 1520 quali-

69 1527 152 1554 tates
165 1529 279 1553 omnes
291 1531 463 1568 corporum
474 1520 628 1553 minutius
642 1516 827 1567 explicare:
846 1516 919 1552 stitis
933 1517 1030 1555 nobis
1045 1517 1144 1554 fuerit
1153 1517 1174 1552 fi
1186 1518 1294 1555 fontes
1306 1519 1388 1568 ipsos
1400 1550 1408 1564 ,
1420 1534 1461 1558 ex

67 1565 186 1614 quibus
197 1569 351 1616 praecipua
364 1577 487 1604 naturae
496 1567 713 1617 phaenomena
728 1567 802 1602 duci
811 1565 962 1615 poffunr,
973 1577 1012 1603 ut
1030 1566 1094 1603 sese
1106 1567 1162 1603 dat
1181 1566 1306 1603 oocafio
1313 1595 1324 1613 ‚
1334 1572 1462 1617 aperia„

69 1626 155 1688 ,ιὶτιιιῐςῗτ

122 1686 124 1688 ’
509 1714 759 1756 CAPUT
803 1714 1135 1754 Urs-rmum:

269 1812 457 1863 Qalitaetes
472 1812 594 1850 tafflles
604 1841 614 1858 ,
632 1825 712 1862 quas
720 1813 884 1862 ficundar
899 1822 1038 1873 vocarat,
1055 1811 1280 1862 explieamur.⁴

69 1910 224 1995 CUm
239 1911 412 1958 qualitates
424 1909 616 1948 taailessmt
626 1912 660 1947 in
673 1910 795 1960 duplici
813 1909 999 1946 differentia
1017 1910 1216 1947 constitutae:
1228 1921 1312 1956 ‘nam
1326 1912 1380 1948 vel
1398 1916 1460 1962 pri.

157 1972 215 1993 mae
228 1958 316 2005 sunt,
333 1972 369 1996 ut
385 1961 491 2005 calor,
517 1959 616 2009 frigus
628 1987 638 2003 ,
658 1960 852 2004 humidum,
879 1965 913 1997 &
932 1958 1053 1995 siccitas
1069 1987 1079 2004 ,
1104 1958 1158 1995 vel
1178 1971 1218 1995 ex
1238 1960 1278 1994 iis
1297 1961 1461 2009 proficisci

69 2005 171 2054 vulgo
182 2007 352 2044 creduntur
365 2037 375 2051 ‚
391 2010 475 2045 unde
484 2015 518 2047 &
526 2007 666 2045 secundae
676 2008 847 2058 qualitates
861 2010 1042 2055 vocitantur
1053 2009 1112 2045 :de
1121 2009 1235 2057 primis
1248 2009 1460 2056 qualitatibus

69 2056 140 2091 fuse
155 2056 292 2091 diximus
313 2074 322 2100 3
347 2055 489 2093 secundae
500 2057 521 2094 a
535 2057 668 2094 medicis
687 2060 746 2106 qui
763 2058 933 2094 meliorem
947 2055 1085 2107 phyficae
1104 2068 1231 2106 partem
1247 2058 1432 2097 invaserunt
1446 2087 1460 2104 ‚

69 2103 168 2141 fufius
179 2107 565 2152 pertraeiantursPaucai
588 2107 651 2141 itur
667 2105 709 2142 ab
721 2109 769 2150 iis,
785 2106 931 2155 aquibus
946 2107 1079 2156 expilati
1088 2106 1191 2142 sumus
1199 2133 1212 2150 ,
1225 2108 1459 2153 mutuabimur,

68 2164 113 2190 ne
123 2153 213 2203 quod
221 2155 255 2189 in
268 2152 396 2204 phyfica
408 2155 456 2189 est
470 2119 694 2201 utilissiq'mum
708 2161 742 2194 δε
759 2156 800 2191 ad
813 2154 920 2201 eam,s1
932 2157 1011 2206 quid
1027 2155 1125 2201 aliud,
1139 2157 1282 2192 maxime
1287 2161 1432 2204 pertinet
1444 2184 1458 2202 ,

68 2205 206 2239 oinuino
224 2201 450 2251 praetermififfe
471 2204 650 2240 videamur.

107 2254 170 2287 Hae
184 2252 359 2299 qualitates
370 2281 379 2296 ,
393 2264 465 2300 quae
476 2251 495 2288 *a
505 2254 614 2301 primis
628 2251 789 2301 profluunt
799 2282 809 2298 ,
835 2266 969 2303 quaeque
979 2255 1019 2290 ad
1030 2266 1143 2301 corpus
1156 2254 1298 2290 nostrum
1308 2252 1457 2290 referun-

72 2311 124 2336 tur
134 2329 143 2345 ,
154 2300 251 2349 paulo
263 2301 357 2337 aliter
370 2301 390 2338 a
403 2302 537 2337 medicis
547 2300 646 2349 quam
655 2301 676 2337 ὲ
685 2302 915 2339 recentioribus
927 2303 1123 2352 philosophis
1136 2308 1170 2340 &
1184 2303 1340 2351 cbymicis
1352 2303 1454 2351 expli.

69 2360 200 2387 cantur:
215 2362 401 2433 ssanquam
412 2349 432 2387 fi
442 2354 493 2389 res
504 2348 659 2389 attentius
674 2353 891 2402 perpendatur
900 2381 912 2402 ἓ
931 2354 1034 2402 magis
1048 2353 1133 2397 inter
1143 2350 1175 2388 se
1191 2349 1340 2437 vp-{illpusg
1349 2351 1452 2401 quam

259 2412 321 2437 om.
339 2425 341 2427 -
355 2401 406 2435 ΙΙ.
