1878 2724
10 222 11 225 Ἰ
89 183 131 221 ln
141 180 229 217 simia
245 179 340 228 digiti
359 178 481 227 pedum
505 176 574 214 sunt
587 177 763 214 admodum
779 175 933 227 oblongi,
950 181 984 215 ὃ(
999 174 1109 226 pollex
1133 179 1166 212 in
1182 176 1294 225 primis
1305 203 1316 220 ,
1333 142 1449 212 conixa

48 225 93 269 'in
119 241 216 266 manu
233 229 343 278 pollex
358 227 466 262 brevis
486 228 542 265 est.

93 279 263 317 Existimat
277 277 417 313 Borellus
431 280 462 313 in
478 281 563 325 equo
578 276 717 312 lentiore
729 289 821 312 rnotu
833 276 1060 325 progrediente
1077 287 1245 323 nunquam
1254 274 1331 309 duos
1349 274 1449 323 pedes

59 327 273 378 diagonaliter
285 326 448 375 oppositos
462 326 548 362 simul
565 327 689 361 moveri
704 354 714 369 ,
736 337 772 360 ut
796 326 934 374 vulgaris
952 326 994 360 est
1012 327 1147 373 opinio,
1172 324 1223 359 sed
1245 322 1363 371 pedem
1376 326 1450 358 uni-

61 378 161 414 cume
175 389 259 412 terra
276 375 401 419 attolli,
417 375 518 410 tribus
534 375 668 422 reliquis
685 374 786 410 firmis
795 373 1014 410 manentibus.
1026 377 1140 409 Motus
1158 375 1271 421 incipit
1281 371 1322 407 ab
1334 385 1401 407 uno
1411 384 1451 407 ex

61 425 294 476 posterioribus
306 427 360 472 qui
377 423 480 460 solum
495 424 696 472 impellendo
720 423 892 458 retrorsum
915 435 1090 473 promovet
1107 435 1251 458 centrum
1266 423 1454 470 gravitati53

63 487 133 512 tum
145 487 200 524 pes
217 476 356 510 anterior
371 473 513 521 ejusdem
526 473 632 508 lateris
646 471 855 516 attollitur,&
870 472 1048 509 antrorsum
1061 473 1173 508 fertur:
1186 471 1352 519 completo
1366 471 1454 519 gres.

61 523 96 560 su
113 525 250 558 duorum
267 523 382 571 pedum
397 550 407 566 ,
425 534 473 558 ex.
489 535 535 571 gr.
550 521 755 566 sinistrorum,
769 524 884 571 incipit
896 534 1004 558 motus
1021 523 1202 570 posterioris
1219 522 1306 569 pedis
1320 520 1428 555 dextri
1442 548 1455 564 ‚

63 572 197 609 tandem
211 573 392 607 anterioris.
411 570 545 607 Incelsus
560 573 646 606 enim
669 571 858 608 animalium
875 584 941 607 non
961 572 1007 606 est
1032 583 1139 607 motus
1151 573 1298 606 omnium
1317 571 1455 616 partium

63 634 155 670 aequa
169 620 345 657 velocitate
358 620 579 656 transsatarum
591 649 600 664 ,
615 626 648 657 δ(
663 619 834 656 secundum
849 621 986 656 eandem
1005 621 1220 656 diretStionem
1237 649 1246 664 ‚
1279 618 1456 667 cujusmodi

63 672 113 706 est
130 670 255 706 volatus
267 671 377 704 avium
388 684 396 705 :
407 669 457 704 sed
472 681 578 705 motus
595 671 651 718 qui
661 669 789 704 resultat
810 683 847 705 ex
867 669 1072 706 transsatione
1082 670 1296 718 quarumdam
1306 670 1456 715 partium,

64 732 135 768 quae
147 719 214 756 aliis
230 717 464 766 quiescentibus
477 721 653 754 innituntur
671 732 679 754 :
697 719 779 752 adeo
794 731 830 754 ut
841 719 959 755 animal
974 719 1090 754 stando
1110 719 1355 766 quodammodo
1379 732 1456 766 pro-

65 780 247 805 moveatur.
303 780 343 801 uo
353 779 461 802 autem
478 769 570 803 statio
583 767 739 804 machinae
756 767 844 802 firma
855 766 909 812 fit,
925 767 1027 804 tribus
1046 768 1158 805 saltem
1180 768 1336 803 columnis
1348 797 1357 811 ‚
1374 770 1458 803 inter

65 830 147 865 quas
163 817 249 852 linea
264 817 448 852 directionis
459 816 480 852 ὲ
496 828 609 851 centro
626 819 792 865 gravitatis
808 818 903 852 ducta
915 818 1036 852 incidat
1049 830 1090 852 eo
1101 830 1169 864 quo
1181 818 1318 851 diximus
1336 818 1437 852 modo
1447 846 1457 861 ,

66 866 216 902 fulciatur
233 863 356 901 necesse
370 866 421 902 est.
433 865 603 901 Columnae
614 877 747 912 quoque
756 878 884 901 crurum
893 867 1006 901 2²1·ectae
1019 879 1083 914 prae
1093 866 1209 901 duritie
1220 866 1272 900 sua
1282 894 1292 909 ,
1302 871 1336 902 ὃ(
1350 865 1459 901 sensus

66 916 195 964 stupore
218 913 342 962 pondus
356 913 544 949 incumbens
555 913 651 950 facile
667 912 830 949 sustinent.
855 917 904 950 Ac
919 926 1026 949 motus
1045 915 1177 950 demum
1194 915 1339 951 animalis
1355 927 1391 949 ea
1407 927 1459 949 ra-

69 966 161 999 tione
189 961 314 998 facilius
332 961 508 998 absolvitur
523 992 533 1007 ,
556 963 648 1011 quod
673 976 741 998 non
772 965 932 1011 integram
950 963 1096 1007 molem,
1119 964 1171 999 sed
1194 965 1312 1012 pedem
1327 966 1461 999 unicum

68 1014 196 1049 moveri
212 1040 222 1056 ,
236 1017 269 1048 δε
286 1011 395 1046 attolli
408 1012 636 1047 tantummodo
647 1023 816 1060 oporteat,
837 1015 893 1059 qui
911 1013 1008 1047 instar
1020 1015 1129 1055 conti,
1148 1025 1215 1060 quo
1229 1024 1362 1048 utuntur
1380 1025 1461 1047 nau-

69 1073 127 1105 tae,
140 1059 244 1098 solum
257 1059 455 1109 impellendo
464 1072 612 1096 centrum
623 1062 791 1109 gravitatis
806 1060 982 1096 antrorsum
993 1073 1168 1110 promovet
1183 1060 1283 1096 tribus
1301 1061 1461 1097 columnis

70 1112 187 1147 erefitis
199 1124 208 1146 ε
222 1109 292 1144 fere
304 1120 340 1145 ut
365 1121 471 1145 currus
483 1108 543 1144 suis
553 1112 631 1144 rotis
644 1112 772 1146 innixus
786 1109 985 1147 transfertur.
1211 1134 1221 1142 .

105 1161 193 1196 Aves
217 1157 304 1193 binis
316 1159 447 1206 quidem
466 1157 602 1208 pedibus
616 1160 772 1194 incedunt
786 1186 795 1201 ,
816 1158 867 1193 sed
888 1158 955 1193 talo
973 1172 1040 1194 non
1059 1161 1250 1196 innituntur.
1280 1159 1462 1194 Posteriore

71 1208 207 1257 quidem
220 1207 323 1255 digito
337 1207 527 1255 plerumque
541 1210 728 1243 muniuntur
741 1219 870 1242 :verum
884 1207 1011 1244 hicnon
1027 1219 1093 1243 tam
1112 1207 1241 1242 inceffui
1258 1209 1350 1243 datus
1364 1209 1461 1244 vide·

75 1269 126 1293 tur
137 1278 147 1299 ,
159 1268 257 1304 quam
268 1267 304 1290 ut
315 1255 465 1291 arborum
476 1268 581 1291 ramos
598 1257 759 1304 stringant.
788 1257 888 1292 Unde
903 1269 972 1304 quae
989 1268 1043 1291 aut
1059 1269 1226 1304 nunquam
1237 1287 1246 1300 ,
1267 1268 1323 1292 aut
1341 1269 1412 1292 raro
1430 1260 1463 1292 in

75 1304 206 1341 arbores
221 1304 249 1340 se
259 1307 416 1353 recipiunt
427 1334 437 1349 ,
452 1317 507 1340 aut
518 1305 630 1341 volate
642 1318 708 1340 non
720 1304 844 1353 potsunt
855 1334 863 1349 ‚
876 1317 912 1340 ut
927 1305 1072 1340 Struthio
1084 1335 1093 1349 ,
1103 1305 1166 1341 hoc
1175 1306 1268 1341 velut
1280 1307 1383 1355 digito
1413 1307 1466 1341 de-

75 1356 258 1391 stituuntur.
271 1353 386 1389 lisdem
400 1366 525 1402 ungues
541 1354 610 1390 sunt
618 1353 885 1399 breviores;aliis
899 1353 970 1390 sunt
987 1352 1148 1403 oblongi,
1165 1355 1305 1398 adunci,
1321 1361 1353 1391 δε
1366 1358 1465 1399 acuti,

74 1416 111 1439 ut
127 1404 245 1438 arctius
264 1415 369 1438 ramos
382 1403 651 1451 compleChmtur.
666 1404 862 1439 Struthionis
878 1416 934 1451 pes
944 1402 1067 1438 duobus
1079 1415 1207 1439 tantum
1220 1405 1331 1451 digitis
1342 1405 1465 1439 instrui-

77 1465 147 1497 tur,
167 1457 202 1489 &
225 1453 281 1487 uni
297 1453 526 1488 tantummodo
540 1454 666 1488 innixus
685 1453 826 1497 incedit,
842 1454 898 1500 qui
918 1453 1037 1500 pedem
1056 1452 1198 1489 hominis
1210 1453 1396 1488 calceatum
1416 1466 1465 1487 re-

38 1540 41 1541 ⁷
76 1501 153 1539 ferr.

113 1553 196 1588 Sunt
205 1563 280 1587 aves
290 1549 438 1598 quaedam
445 1559 481 1584 ut
492 1548 699 1584 onocrotalus
713 1578 723 1593 ‚
741 1550 841 1599 vulgo
854 1550 995 1599 pelican,
1007 1563 1079 1598 quae
1094 1548 1193 1598 pisces
1209 1551 1242 1584 in
1254 1549 1360 1586 fundo
1378 1563 1466 1600 aqua:

77 1612 248 1637 venantur.
265 1603 303 1636 1n
315 1599 362 1634 liis
379 1609 435 1646 pes
449 1608 585 1644 quatuor
601 1597 709 1645 digitis
719 1598 804 1646 pelle
822 1598 961 1646 quadam
971 1601 1123 1634 connexis
1135 1600 1178 1632 ita
1193 1598 1356 1634 distindlms
1371 1602 1467 1645 est‚ut

79 1660 195 1685 contra
212 1661 311 1697 atque
328 1650 361 1682 in
369 1649 492 1681 caeteris
510 1645 728 1682 animantibus
743 1649 838 1696 digiti
849 1647 1019 1683 introrsum
1035 1658 1208 1690 vertantur.
1229 1648 1331 1696 quue
1348 1663 1467 1698 magna

79 1710 198 1734 naturae
206 1697 332 1732 solertia
345 1695 507 1745 provisum
521 1696 585 1737 est,
603 1708 668 1742 quo
683 1709 751 1732 uno
766 1708 894 1732 tantum
915 1697 997 1744 pede
1016 1707 1126 1733 natare
1140 1695 1276 1744 poffint,
1293 1710 1367 1733 cum
1385 1701 1468 1734 alte-

81 1759 119 1781 ro
133 1746 269 1794 praedani
281 1745 366 1781 suam
377 1744 535 1779 referunt.
550 1743 774 1792 Oblongiores
793 1747 879 1781 enim
892 1746 983 1794 digiti
994 1746 1106 1780 latiore
1121 1744 1312 1781 membrana
1322 1748 1472 1797 colligati

81 1795 173 1831 instar
184 1797 313 1843 majoris
322 1795 403 1829 remi
413 1792 584 1828 introrsum
603 1793 682 1828 verfi
697 1795 728 1828 id
744 1795 891 1842 praestant
901 1823 911 1837 ,
920 1795 1105 1830 urnatando
1117 1795 1155 1829 ad
1166 1794 1310 1829 medium
1324 1800 1468 1845 corporis

81 1844 221 1879 tendant
233 1873 243 1888 ,
256 1855 365 1879 motus
384 1843 466 1876 adeo
480 1844 513 1877 in
529 1843 651 1878 rectum
668 1843 830 1892 dirigatur.
853 1844 956 1891 Qiod
974 1847 1086 1891 utique
1111 1843 1196 1879 secus
1210 1845 1358 1879 eveniret
1378 1844 1399 1880 si
1414 1858 1469 1894 pes

84 1892 260 1927 extrorsum
274 1904 310 1927 ut
322 1894 353 1927 in
363 1889 525 1926 anseribus
543 1897 576 1930 &
589 1891 738 1927 anaribus
754 1904 925 1942 vergeret:
947 1894 994 1927 uti
1010 1892 1124 1941 scapha
1145 1905 1212 1928 uno
1234 1904 1360 1928 tantum
1376 1908 1469 1930 renio

87 1943 159 1976 acta
173 1941 263 1976 reet‘a
273 1943 458 1989 promoveri
471 1953 537 1975 non
559 1940 679 1988 potest.

117 1989 227 2025 Multa
236 1989 378 2024 Borellus
389 1988 482 2024 affert
491 1989 531 2023 de
538 1987 639 2036 greffu
648 1991 758 2025 avium
768 2003 832 2025 non
846 1991 1037 2027 omittenda,
1048 1993 1084 2026 In
1094 1991 1169 2026 carii
1183 1991 1319 2040 pedibus
1332 2004 1471 2039 quatuor

75 2037 157 2073 ‘sunt
167 2036 241 2081 offa,
251 2049 391 2085 quatuor
401 2037 513 2071 itidem
523 2036 889 2074 articulationes.Pri-mfi
895 2040 937 2074 est
945 2052 980 2073 os
991 2040 1123 2074 femoris
1141 2044 1247 2076 minus
1259 2041 1359 2090 longfi
1371 2041 1479 2088 quam-

85 2098 124 2122 οε
138 2086 334 2130 cruriS,secus
346 2096 443 2132 atque
456 2086 489 2119 in
503 2084 746 2121 homine;fir1no
761 2089 873 2122 carina:
887 2087 944 2123 ossi
971 2088 1168 2125 adhaerescir,
1186 2088 1275 2125 Illius
1291 2089 1471 2125 articulatio

86 2135 136 2169 est
146 2137 180 2171 in
193 2136 303 2170 medio
316 2134 535 2182 longitudinis,
547 2133 635 2181 quod
643 2146 755 2170 venter
763 2140 866 2184 jacere
881 2135 1001 2172 debeat
1010 2150 1127 2186 pronus
1145 2144 1178 2176 &
1193 2138 1358 2174 horizonti
1368 2139 1472 2185 paral-

90 2183 182 2220 lelus.
210 2186 363 2220 Hominis
376 2181 454 2218 vero
468 2185 611 2218 ereetum
629 2196 741 2233 corpus
751 2185 859 2225 fulciri
873 2185 987 2222 debuit
1010 2189 1044 2222 in
1062 2199 1151 2235 parte
1167 2186 1212 2222 sui
1233 2185 1356 2223 infima.
1386 2195 1421 2223 20
1437 2189 1472 2222 Id

89 2234 293 2268 connthitur
306 2246 378 2267 cnm
389 2231 451 2267 osse
464 2230 552 2266 tibia:
570 2234 603 2267 in
615 2245 700 2280 genu
714 2251 723 2278 3
737 2236 769 2269 in
782 2234 916 2270 homine
931 2248 968 2270 os
982 2235 1062 2270 illud
1080 2235 1199 2283 duplex
1218 2236 1265 2270 est
1275 2264 1283 2278 ,
1303 2238 1337 2270 in
1354 2235 1470 2272 avibus

86 2284 238 2326 unicum,
253 2283 341 2329 quod
355 2283 450 2316 tertio
461 2279 516 2316 offi
532 2281 697 2329 praelongo
711 2284 791 2320 &in
808 2283 908 2319 altum
921 2285 1031 2319 erecto
1052 2286 1264 2332 conjungitur.
1282 2287 1317 2319 In
1338 2284 1473 2321 homine

86 2329 254 2367 calcaneus
268 2334 383 2365 dicitur
398 2359 407 2374 ,
421 2336 455 2367 δ(
466 2343 504 2365 ex
520 2329 692 2378 multiplici
703 2330 765 2366 osse
777 2336 983 2381 componitur
996 2348 1004 2369 t
1019 2333 1072 2367 sed
1090 2335 1122 2368 in
1136 2332 1251 2368 avibus
1279 2333 1321 2368 est
1340 2336 1472 2370 unicum

81 2378 185 2426 idque
195 2381 395 2466 P3{3³¹⁰¹³‘=[3¹}m
408 2408 416 2423 ‚
436 2385 470 2417 &
484 2391 715 2431 cum-extrema
727 2380 838 2431 planta
851 2382 945 2431 pedis
964 2383 1006 2428 ad
1022 2381 1142 2418 radices
1161 2381 1338 2468 digiltoruni
1353 2394 1474 2421 conne-

246 2444 310 2467 om.
367 2459 377 2471 .
1254 2444 1276 2481 Y
1292 2444 1315 2482 Y
