1878 2724
412 135 776 175 TRACTATUS
829 134 1156 174 SECUNDUS.
1408 142 1452 177 18.

59 190 148 226 :dem
164 195 356 239 argumento
378 185 540 223 ascensum
569 200 662 235 aquae
688 185 868 222 circumfusi
893 189 975 221 aeris
993 185 1145 236 preffloni
1160 195 1332 236 acceptum
1349 157 1462 223 referri*

69 251 138 276 non
148 248 300 287 oportere
313 250 321 273 :
334 248 534 284 quaecunque
551 235 587 272 (it
602 237 693 285 hujus
704 236 841 272 effectur
852 234 951 271 causa.

59 318 62 320 .
101 289 194 334 Kasp.
205 290 285 330 Duo
297 297 459 321 marmora
477 288 510 321 in
520 298 622 321 vacuo
631 283 860 322 interdumfibi
871 285 1081 334 pertinaciter
1096 281 1309 327 adhaerescere
1335 297 1342 319 :
1367 285 1458 332 quod

59 335 188 374 ‘subtilis
204 347 259 371 aer
273 337 331 382 qui
341 337 460 371 vitrum
468 345 621 383 penetrat
632 331 747 377 ,inter
759 334 824 369 duo
843 345 1004 369 marmora
1022 331 1143 374 summe
1165 331 1318 381 laevigata
1329 333 1385 381 aldi
1390 344 1460 370 tum

58 398 134 422 ‚non
151 383 271 421 habeat
287 397 294 418 :
314 396 414 431 quare
430 396 572 419 marmor
582 382 714 418 inferius
732 382 924 420 descendere
940 395 1010 419 non
1041 382 1141 426 otest,
1152 383 1232 430 quin
1242 383 1407 430 puriorem
1418 382 1457 418 il-

60 434 132 469 'lam
149 433 354 469 substantiam
364 444 490 481 premat
502 460 513 475 ,
526 438 561 470 δε
572 431 702 468 attollat
721 449 730 475 3
745 431 853 479 eaque'
862 432 963 481 magis
980 443 1015 467 re
1029 431 1094 466 istit
1108 460 1117 475 ‚
1149 429 1249 479 quam
1272 428 1314 464 ab
1330 432 1456 466 incum-

64 481 168 518 bente
186 493 321 531 corpore
338 483 440 529 premi
449 479 554 529 poffit.
567 482 651 516 Cum
662 479 774 516 tamen
784 509 795 523 ,
805 491 841 515 ut
849 480 1040 528 plerumque
1051 479 1090 515 fit
1100 509 1111 524 ‚
1121 490 1282 515 marmora
1293 478 1357 528 ipsa
1367 479 1454 524 oleo,

65 531 119 567 vel
130 531 241 580 spirim
251 532 318 566 vini
332 530 527 572 illiniuntur,
539 541 576 564 ut
589 528 673 564 illius
682 528 855 576 interjectu
868 532 969 578 magis
984 528 1251 578 conglutinentur
1263 556 1273 571 ‚
1300 537 1369 563 tum
1383 527 1456 564 bul..

63 579 102 616 lae
116 577 271 619 aereakex
294 578 390 623 oleo,
416 578 470 614 vel
484 575 593 626 spiritu
612 579 679 613 vini
693 578 801 625 statim
812 589 1001 626 emergunt,
1019 578 1076 613 ubi
1090 576 1217 614 craffior
1235 576 1254 611 ὲ
1277 578 1454 624 recipiente

61 641 117 664 aer
130 629 260 664 eductus
272 629 336 663 est:
351 640 422 676 qua:
434 625 532 662 bullae
543 629 576 662 vi
587 626 712 662 elastica
723 625 765 662 ab
778 626 919 661 aethetea
940 625 1118 662 substantia
1131 625 1273 660 dilatatae
1291 633 1453 672 marmora

61 689 137 713 ante
149 677 344 719 cohaetentia
357 677 542 724 disjungunt
558 690 566 712 :
582 671 925 725 ficque⁴experimenta
937 688 1009 726 quae
1023 677 1058 712 in
1069 673 1249 712 Academia
1259 674 1366 724 Regia
1379 703 1390 720 ,
1416 680 1451 713 δε

54 726 201 762 londini
217 725 306 761 faeta
318 717 389 760 sunt
401 753 411 767 ‚
433 724 527 761 facile
544 725 772 762 conciliantur.
1281 732 1285 733 ⁷

99 774 221 810 Eadem
231 774 279 809 est
289 776 371 810 ratio
381 773 543 823 syphoniS.
558 776 647 811 Nam
659 787 746 822 aqua
758 785 935 824 expurgata
952 773 1010 810 ubi
1023 773 1121 810 semel
1135 771 1235 810 fluere
1246 773 1450 822 coeperit‚per

49 835 126 858 -crus
148 821 298 872 syphonis
319 823 446 872 longius
459 835 522 872 prae
533 823 677 871 pondere
686 825 893 858 continenter
911 823 1002 868 fluit,
1014 829 1048 861 ὃ(
1061 836 1179 871 aquam
1193 822 1346 870 breviore
1359 834 1449 868 crure

48 883 248 908 acontentam
259 872 399 908 attollit:
410 884 471 907 nec
484 883 589 908 motus
603 871 658 907 ille
670 884 728 920 per
736 873 818 908 aeris
829 871 968 908 bullulas
978 874 1232 921 interrumpitur.
1256 871 1358 919 Qod
1376 874 1450 919 qui-

58 921 133 956 dem
145 922 274 957 videtur
287 920 424 970 probate
442 932 559 969 praeter
570 919 700 956 crassum
710 933 819 967 aerem
833 950 842 965 ‚
859 933 958 969 quem
974 921 1125 970 spirando
1137 922 1282 956 ducimus
1296 949 1306 964 ,
1325 922 1447 969 quique

49 969 293 1019 hydrargyrum
303 971 343 1004 ad
354 984 391 1015 27
399 980 453 1005 aut
469 972 507 1006 28
522 970 641 1018 pedum
650 969 855 1005 altitudinem
876 969 1037 1019 suspendit
1048 999 1058 1014 ‚
1076 970 1175 1005 alium
1196 969 1258 1005 else
1271 971 1447 1018 puriorem,

43 1021 407 1067 &gravioreimquique
416 1018 510 1054 nullis
521 1019 678 1055 machinis
692 1019 785 1054 educi
796 1019 972 1068 potest‚sed
981 1019 1090 1055 multis
1103 1017 1272 1056 effectibus
1282 1018 1312 1054 se
1324 1018 1443 1066 prodit.

84 1069 173 1104 Hinc
188 1071 275 1104 enim
286 1096 295 1111 ,
307 1080 346 1103 ut
362 1068 499 1103 diximus
515 1096 524 1111 ‚
545 1067 632 1104 forte
647 1070 747 1103 oritur
766 1067 898 1103 firmitas
924 1081 1096 1118 corporum
1107 1098 1116 1113 ,
1140 1069 1190 1104 vis
1208 1067 1333 1103 elastica
1346 1096 1356 1111 ‚
1375 1069 1443 1102 imo

46 1121 92 1153 x&
102 1118 240 1163 gravitas
252 1116 326 1165 ipsa.
349 1118 455 1164 Hujus
466 1116 601 1163 quidem
613 1119 695 1151 aeris
709 1116 834 1163 subtilis
848 1130 909 1152 nec
922 1118 1048 1166 pondus
1057 1147 1067 1161 ,
1089 1129 1149 1152 nec
1163 1119 1230 1154 vim
1244 1115 1330 1152 sensu
1345 1118 1444 1165 perci.

46 1166 158 1213 gpimus
169 1194 179 1208 ,
189 1165 279 1213 quod
290 1176 345 1201 aut
357 1165 472 1200 cuneta
484 1177 628 1213 permeet
641 1194 650 1209 ‚
668 1177 723 1200 aut
737 1176 843 1214 partes
860 1164 972 1201 solidas
990 1165 1191 1214 aequabiliter
1206 1175 1349 1215 premat.

89 1215 141 1248 Sic
154 1218 256 1262 aptati
265 1213 335 1249 sunt
353 1212 478 1249 follesa
495 1217 538 1250 D.
559 1215 659 1261 Boyle
673 1216 707 1250 in
720 1216 918 1262 recipiente,
938 1227 977 1249 ea
993 1215 1126 1262 quidem
1148 1218 1239 1258 arte,
1253 1226 1290 1249 ut
1310 1213 1441 1259 attolli,

47 1266 87 1299 ⁴&
100 1262 238 1310 deprimi
250 1262 346 1299 facile
356 1261 480 1310 poll'ent
492 1275 499 1297 :
511 1263 650 1309 quandiu
658 1261 781 1310 aliquid
798 1264 880 1297 aeris
894 1261 981 1298 craffi
994 1260 1156 1311 supererat
1167 1291 1176 1305 ‚
1198 1261 1343 1310 plumam
1350 1267 1440 1309 Juxta

40 1309 274 1358 xpofitam’flatu
293 1311 347 1347 suo
365 1310 622 1346 commovebant
638 1328 648 1355 ·,
663 1310 716 1356 sed
727 1311 876 1347 exhausto
890 1310 1026 1348 craffiori
1040 1324 1134 1355 aere,
1151 1311 1262 1360 pluma
1284 1309 1350 1359 ipsa
1368 1324 1438 1345 rna-

51 1358 152 1394 nebat
165 1356 303 1397 immo‘ta
319 1375 327 1397 :
347 1361 434 1408 quod
448 1359 595 1395 subtilior
615 1372 670 1394 aer
690 1360 709 1396 a
730 1359 863 1397 follibus
876 1373 935 1396 nec
953 1360 1037 1396 trahi
1049 1359 1141 1410 poffit
1155 1389 1164 1403 ,
1183 1373 1244 1395 nec
1253 1360 1359 1395 educi.
1386 1362 1438 1395 Sic

39 1409 149 1443 ¹¹etiam
159 1421 268 1456 aptata
282 1409 328 1443 est
339 1408 445 1457 syrinx
455 1407 571 1443 tubulo
584 1408 756 1452 occluso,ut
769 1421 823 1444 aer
833 1406 959 1445 crassior
970 1408 1073 1444 subire
1083 1423 1148 1445 non
1164 1407 1436 1458 polset,&ponde·

51 1468 85 1490 re
96 1455 134 1491 sic
142 1458 182 1492 ad
192 1456 358 1493 embolum
368 1455 557 1505 appenso‚ut
570 1457 726 1492 exhausto
736 1470 810 1492 aere
824 1457 973 1493 embolus
982 1456 1082 1494 facile
1097 1459 1306 1494 adduceretur
1317 1474 1326 1500 3
1346 1458 1435 1504 quod

40 1504 204 1541 ›craffioris
213 1509 294 1541 aeris
307 1505 409 1541 moles
421 1505 501 1541 nihil
514 1505 650 1553 amplius
663 1505 812 1543 obstaret.
829 1508 961 1542 Interim
980 1520 1048 1542 non
1069 1506 1205 1542 dubium
1225 1507 1268 1542 est
1282 1508 1362 1555 quin
1378 1518 1432 1541 aet

48 1552 196 1589 subtilior
208 1583 218 1598 ,
232 1567 287 1590 aut
298 1566 386 1590 certe
401 1554 540 1590 aetherea
553 1553 722 1590 substantia
736 1554 896 1603 syringem
912 1554 1010 1604 ipsam
1030 1555 1228 1604 impleverit.

86 1603 249 1637 Postremo
259 1603 346 1637 idem
359 1603 474 1637 author
483 1602 643 1650 syringem
657 1615 731 1637 curn
745 1602 823 1637 rubo
834 1605 940 1638 vitreo
954 1604 1109 1638 machinae
1119 1603 1282 1645 adhibuit,
1294 1603 1345 1636 cui
1358 1602 1432 1637 sub-

44 1652 125 1697 -jecit
142 1650 286 1699 spiritum
301 1653 365 1686 vini
376 1651 485 1686 colore
495 1655 654 1686 coccineo
665 1652 801 1686 tinctum
816 1651 990 1687 :exhausto
1006 1664 1079 1686 aere
1101 1650 1246 1688 craffiore
1257 1679 1267 1694 ,
1279 1655 1313 1687 &
1327 1651 1431 1686 addu-

36 1699 104 1733 sto
118 1698 252 1741 embolo
267 1699 348 1735 nihil
374 1698 497 1748 spiritus
514 1701 606 1742 vini,
636 1697 713 1735 nihil
742 1712 833 1747 aquae
851 1702 958 1748 potuit
979 1700 1140 1737 attollere.
1168 1703 1253 1748 Qae
1273 1701 1381 1734 omnia
1396 1700 1429 1735 id

46 1748 135 1793 quod
153 1747 302 1783 volumus
315 1750 450 1791 omnino
463 1747 676 1791 confirmant,
692 1754 853 1796 aquarn&
864 1749 1005 1797 liquores
1017 1749 1122 1785 attolli
1137 1749 1158 1785 ἐι
1168 1747 1264 1784 craffo
1275 1760 1429 1792 aere,non

46 1793 92 1833 ab
105 1809 145 1831 co
156 1796 314 1833 subtiliori
330 1825 337 1840 ‚
357 1802 390 1834 ὃ(
402 1798 526 1843 cuncta
540 1808 737 1844 permeante.
1141 1800 1143 1802 ’

76 1845 162 1894 Opp.
182 1859 216 1892 4.
235 1848 497 1893 Experimentum
507 1847 540 1881 in
554 1848 684 1893 Batavia
695 1845 835 1895 primum
853 1845 871 1881 a
886 1845 1008 1882 Clariis.
1025 1846 1180 1894 Hugenio
1196 1847 1324 1890 actum,
1340 1845 1425 1883 &ab

43 1905 85 1927 eo
100 1896 132 1928 in
147 1895 437 1942 AcademiasRegia
454 1893 561 1942 saepius
571 1896 747 1943 repetitum
757 1924 767 1939 ,
782 1895 872 1943 quod
881 1897 985 1943 prima
995 1894 1098 1944 specie
1109 1908 1244 1931 omnem
1263 1895 1425 1944 hypothe-

34 1940 100 1976 ⁴sim
113 1943 254 1984 nostram
265 1943 393 1983 yidetur
404 1943 600 1979 convellere.
608 1944 643 1978 ld
655 1943 733 1979 vero
748 1944 791 1978 est
802 1943 963 1994 ejusmodi.
983 1945 1076 1991 Aqua
1093 1956 1270 1994 expurgata
1287 1943 1381 1979 tubus
1393 1942 1423 1979 C

44 1989 233 2035 impleatur,
251 1992 348 2037 (fvide
364 1991 480 2026 decimi
496 1995 607 2040 capitis
624 1993 819 2040 postremam
835 1992 994 2041 figuram)
1018 1993 1173 2029 exhausto
1190 2006 1265 2028 aere
1275 1993 1340 2028 haec
1359 1992 1421 2028 sus.

42 2037 139 2083 pensa
155 2037 392 2091 adhuclnuiafness
408 2032 530 2075 tametsi
542 2039 583 2075 ab
590 2053 665 2088 aere
676 2039 836 2077 exteriore
853 2042 919 2079 non
932 2041 1104 2078 sustinetur.
1115 2041 1190 2077 Imo'
1198 2041 1291 2078 tubus
1308 2040 1420 2090 plenus

41 2085 242 2135 hydrargyro
252 2088 285 2130 in
295 2089 443 2133 machina
452 2101 509 2136 per
518 2088 695 2136 pluresvdies
709 2087 821 2127 relicto
832 2121 842 2135 ,
855 2103 890 2127 ut
901 2094 990 2126 omni
1004 2103 1077 2126 aere
1096 2091 1287 2140 intraxporos
1302 2090 1355 2125 dis
1348 2103 1420 2138 per-

40 2133 73 2168 so
86 2147 302 2182 expurgetur.
316 2141 349 2172 &
362 2135 422 2170 vasi
433 2138 582 2183 mercurii
598 2136 714 2185 ‘itidem'
726 2143 853 2190 purgati
873 2140 1056 2183 immersus,
1073 2153 1142 2176 non
1159 2139 1258 2175 modo
1282 2141 1322 2173 ad
1342 2151 1419 2173 con-

38 2182 159 2218 suetam
178 2183 402 2227 altitudinem,
413 2183 465 2218 sdd
476 2187 574 2220 etiam
588 2187 625 2221 ad
638 2195 679 2224 60
694 2193 727 2225 &
738 2202 789 2224 am
815 2189 872 2224 lius
890 2190 1066 2237 digitorum
1084 2189 1299 2231 altitudinem,
1316 2189 1415 2220 etiam

39 2234 138 2275 omni·
148 2245 221 2269 aere
242 2233 393 2268 exhausto
410 2233 621 2282 suspenditur,
640 2235 724 2282 quasi
739 2240 764 2271 is
786 2203 900 2274 solidus
916 2239 1003 2274 foret
1022 2252 1030 2273 ι
1057 2250 1175 2286 magno
1200 2236 1273 2271 Eine
1295 2235 1414 2269 indicio

24 2280 272 2330 ‚hydraroyrum
290 2283 321 2317 in
343 2280 664 2328 tuffisnonsustineri
676 2285 717 2318 ab
733 2289 854 2322 externi
871 2289 954 2323 aeris
964 2287 1114 2324 columna
1137 2283 1277 2331 ejusdem
1291 2283 1413 2332 ponde-

36 2331 96 2374 ris,
115 2312 177 2365 sedD
180 2330 390 2374 occultiorem
403 2327 462 2367 effe
481 2331 571 2380 hujus
586 2331 719 2370 effeetus
737 2333 869 2372 causam.

1113 2382 1141 2418 A
1154 2393 1172 2416 a
1208 2382 1240 2429 iij
