1878 2724
503 139 863 186 ritae-rarus
901 138 1230 183 stetimus.
1499 154 1552 191 ,εὖ

669 245 699 281 C
726 246 756 281 A
779 246 805 281 P
830 244 865 282 U
887 243 919 280 Τ
975 242 1027 280 11.

614 345 671 379 De
686 342 904 394 compofitione
923 343 1074 378 continui.

144 441 328 532 NUnc
338 443 485 480 adeunda
497 442 593 481 nobis
612 444 655 481 est
673 441 811 482 celebris
826 440 882 476 illa
901 441 942 475 de
956 442 1102 478 continui
1122 436 1363 488 compositione
1386 440 1540 487 quaestio,

253 507 323 541 quae
341 505 414 531 cum
425 493 462 531 fit
479 496 567 530 vatia
582 498 616 530 &
629 490 801 539 multiplex
815 518 825 533 ‚
841 492 875 525 in
895 490 1012 573 ‘plures
1030 503 1136 540 partes
1164 501 1238 524 eam
1257 487 1448 525 tribuemus,
1470 494 1540 526 Pri-

140 556 238 580 -mum
256 545 366 592 itaque
382 543 423 578 de
441 544 586 579 continui
598 552 713 576 natura
726 545 759 578 &
773 551 892 588 compo
905 540 1007 573 itione
1033 541 1175 575 dicemus
1187 566 1197 582 ‚
1225 549 1294 573 tum
1317 538 1480 574 involutas
1497 541 1538 575 de

147 594 275 642 punctis
291 598 325 630 &
337 592 577 630 mathematicis
591 596 625 628 ὃ(
635 589 771 640 phyficis
782 586 1016 624 controversias
1043 588 1083 624 fic
1098 587 1253 625 evolvere
1273 585 1482 634 conabimur,
1501 602 1536 625 ut

145 653 306 690 quantum
316 639 411 676 nobis
427 640 558 684 licebit,
569 639 589 676 ὲ
605 639 692 677 sensu
712 639 879 674 communi
893 649 959 674 non
977 639 1176 674 recedamus.

181 693 263 738 Qio
272 701 381 725 antem
399 689 526 726 facilius
538 689 756 740 intelligamus
777 690 810 724 in
828 700 895 736 quo
916 689 1058 723 maxime
1080 686 1231 723 continui
1255 685 1340 720 tatio
1354 684 1455 734 pofita
1477 686 1533 734 fit,

139 737 476 788 meminiffegoportet
500 751 538 774 ea
557 740 620 774 dici
643 740 801 775 continua
819 765 828 780 ,
847 748 988 785 quorum
1002 749 1149 773 extrema
1166 736 1238 771 sunt
1259 747 1360 780 unum
1381 748 1389 769 :
1406 748 1442 771 ut
1452 750 1534 773 con-

142 791 233 839 tigua
258 801 413 825 vocamus
427 819 438 834 ,
459 801 598 838 quorum
621 800 766 824 extrema
794 785 866 822 sunt
890 784 1003 831 (iuml,
1035 800 1068 823 ut
1092 800 1167 823 cum
1188 786 1258 820 duae
1283 796 1396 820 manus
1416 784 1446 820 se
1463 798 1533 822 tan-

139 849 233 889 gunt.
246 840 300 874 Sic
311 841 464 888 contigua
478 838 569 883 sunt,
587 852 659 887 quae
676 837 849 886 interjeEko
860 847 935 870 aere
946 864 957 879 ‚
972 848 1028 872 aut
1049 836 1155 872 subtili
1167 845 1304 883 corpore
1317 831 1380 869 sese
1396 839 1531 872 contin-

140 899 221 937 gunt
235 888 341 924 :unde
356 893 391 926 &
409 888 507 924 facile
519 889 751 938 disjunguntur.
777 887 862 922 Sunt
877 887 932 933 qui
956 898 1068 934 praeter
1091 885 1319 921 immediatum
1340 887 1529 922 contactum

137 936 247 973 nescio
268 949 366 985 quem
389 938 524 973 modum
541 939 672 974 unionis
685 939 769 972 inter
789 946 895 984 partes
914 946 1087 984 corporum
1108 934 1243 984 fingant.
1266 933 1357 968 Nam
1378 933 1530 983 plerique

135 998 204 1022 non
215 986 321 1022 tamid
333 998 478 1034 quaetunt
492 988 571 1035 quid
585 1000 699 1023 verum
709 985 746 1022 fit
760 1013 769 1026 ,
782 995 837 1019 aut
845 996 928 1020 vero
938 987 1125 1032 proximum
1136 1013 1146 1028 ,
1158 996 1256 1031 quam
1273 981 1370 1017 rebus
1391 983 1460 1032 ipfis
1482 996 1530 1020 re-

134 1033 254 1070 nebras
272 1034 442 1072 offundere
454 1066 463 1080 ,
476 1048 513 1072 ut
532 1036 593 1072 sese
617 1036 745 1072 facilius
769 1033 960 1083 expediant.
991 1036 1080 1085 Qd
1096 1045 1206 1071 autem
1226 1029 1324 1069 nobis
1351 1033 1500 1070 videatur
1515 1063 1528 1080 ,

129 1085 245 1133 :paucis
263 1087 455 1135 aperiemus,
489 1088 537 1122 Sit
550 1088 648 1136 igitur

669 1187 786 1222 -Prima
807 1182 982 1230 Conclusio.

168 1282 280 1316 Partes
291 1283 440 1318 continui
451 1295 518 1318 non
533 1293 591 1331 per
603 1282 761 1328 modum,
774 1284 832 1332 qui
849 1280 887 1317 sit
900 1282 1020 1317 entitas
1031 1278 1183 1328 quaedam
1201 1278 1428 1328 superveniens
1443 1308 1454 1324 ‚
1470 1278 1524 1316 sed

124 1340 191 1380 pet
205 1329 248 1365 sei
273 1330 318 1366 sas
337 1333 501 1367 uniuntur.

181 1344 278 1416 Ρνοῐ.
294 1381 391 1417 concl.
418 1381 540 1416 Modus
558 1380 616 1416 ille'
632 1381 851 1431 superadditus
874 1379 918 1415 est
934 1380 1073 1414 omnino
1087 1378 1212 1414 inutilis
1227 1407 1237 1422 ,
1255 1383 1289 1416 &
1302 1376 1519 1428 impoffibilis‚

129 1427 256 1464 Inutilis
272 1430 334 1465 est:
352 1442 427 1464 nam
446 1443 487 1465 eo
499 1428 625 1465 sublato
637 1442 744 1480 partes
759 1443 817 1479 per
833 1428 943 1478 seipsas
957 1430 1124 1471 uniuntur,
1144 1426 1201 1462 ubi
1221 1427 1334 1477 seipsas
1351 1431 1521 1477 proxime,

124 1482 168 1515 s&
187 1479 278 1514 atsto
299 1491 384 1515 nexu
403 1481 619 1529 contingunt,
645 1479 781 1517 &fimul
796 1477 1026 1527 implicantur3
1048 1489 1102 1512 aut
1122 1475 1143 1512 fi
1159 1475 1218 1512 sint
1237 1475 1350 1512 diverfi
1371 1479 1520 1527 generis,

129 1538 167 1562 ut
178 1528 295 1564 videre
305 1529 392 1564 estin
403 1531 531 1578 organis
543 1529 733 1566 animalium
744 1559 753 1574 ‚
764 1532 797 1564 in
807 1541 898 1564 ramo
915 1526 1041 1563 arboris
1054 1529 1171 1576 partim
1188 1527 1305 1570 viridi,
1328 1529 1447 1575 partim
1464 1524 1521 1561 fic-

126 1587 189 1621 co.;
206 1579 238 1612 in
250 1589 413 1612 marmore
429 1577 496 1625 ipso
511 1581 677 1615 varieoato
688 1607 698 1622 ,
742 1589 826 1612 artes
843 1576 906 1612 illae
919 1577 1149 1623 heterogeneae
1166 1578 1214 1610 ita
1233 1578 1316 1610 inter
1340 1575 1370 1610 se
1393 1588 1520 1610 conne-

130 1626 274 1670 ciuntur,
286 1637 322 1660 ut
336 1624 539 1661 commiffura
552 1609 621 1674 ipsa-²
630 1625 666 1662 sit
679 1592 877 1667 ianenfibilis‚
894 1635 1031 1671 tumque
1039 1626 1201 1658 continuae
1212 1624 1361 1659 dicuntur
1381 1641 1389 1667 ;
1415 1626 1519 1659 maxi-

129 1686 182 1708 me
194 1673 214 1708 fi
232 1687 302 1723 pars
312 1687 376 1710 una
389 1677 532 1723 corporis
546 1676 586 1710 ad
605 1687 732 1711 motum
747 1675 877 1710 alterius
890 1683 1062 1709 moveatur
1072 1700 1082 1715 ,
1098 1684 1132 1708 ut
1145 1674 1177 1708 in
1195 1672 1279 1707 duris
1303 1671 1493 1719 corporibus
1509 1686 1519 1709 ε

125 1734 204 1759 nam
215 1726 246 1757 in
257 1723 386 1770 liquidis
396 1724 429 1757 id
447 1725 540 1758 omni
559 1737 599 1759 ex
622 1737 713 1773 parte
729 1737 796 1760 non
818 1723 863 1758 est
878 1720 1088 1759 neceffarium
1099 1750 1109 1765 ,
1135 1721 1188 1756 sed
1204 1733 1332 1757 mutuus
1348 1726 1382 1758 ὃς
1399 1723 1517 1758 imme-

126 1771 230 1807 diatus
247 1771 554 1809 fiifficitcontaems.

163 1821 313 1867 Confirm.
339 1821 452 1857 modus
467 1821 524 1862 ille
541 1824 599 1869 qui
619 1834 725 1869 partes
741 1823 890 1857 continui
900 1821 1003 1858 neffir
1013 1848 1022 1863 ‚
1039 1818 1092 1854 vel
1109 1820 1144 1854 in
1161 1830 1296 1867 utraque
1307 1831 1398 1868 parte
1417 1820 1495 1854 inest
1505 1848 1516 1864 ,

126 1868 180 1905 vel
211 1873 244 1905 in
269 1871 526 1916 alterairaiitum.
552 1872 590 1906 Si
609 1873 698 1919 prius
717 1872 833 1907 dixeris
851 1884 858 1906 :
885 1883 964 1918 ergo
979 1869 1096 1906 modus
1111 1868 1167 1903 ille
1183 1871 1244 1903 en't
1266 1867 1356 1904 fimul
1375 1872 1410 1905 in
1431 1869 1514 1904 duo-

126 1915 185 1955 bus
197 1918 287 1957 locis.
297 1921 401 1973 .Qd
413 1919 439 1953 {i
452 1923 503 1955 uni
520 1923 648 1956 tanturn
665 1933 705 1957 ex
724 1919 867 1970 partibus
877 1919 1040 1955 adhaereat
1050 1946 1061 1962 ,
1086 1929 1142 1953 cur
1154 1919 1335 1967 unipotius
1347 1931 1445 1966 quam
1467 1918 1515 1953 al..

126 1969 188 2003 teti
200 1977 210 2004 Ξ
225 1971 326 2005 mitto
337 1969 493 2019 explicari
505 1982 571 2004 non
580 1968 667 2018 posse
676 1970 847 2019 quomodo
859 1969 950 2016 huJus
960 1969 1088 2017 generis
1101 1968 1257 2003 entitates
1269 1979 1322 2003 aut
1333 1968 1514 2016 producan-

128 2025 196 2059 tur,
209 2028 266 2052 aut
275 2019 479 2055 destruantur
493 2033 501 2055 ε
519 2018 615 2054 finitae
634 2017 693 2056 sint
710 2033 751 2056 an
772 2018 916 2062 infinitae‚
930 2022 964 2055 δε
981 2016 1044 2052 alia
1056 2015 1237 2066 hujusmodi
1259 2016 1400 2066 plurima
1415 2018 1515 2065 quaeri

127 2063 255 2113 possunt
266 2079 356 2115 ‚qnae
369 2067 513 2104 consulto
525 2070 708 2104 omittimus
719 2098 729 2114 ,
749 2082 824 2105 curn
842 2069 953 2117 magni
972 2079 1037 2102 non
1050 2065 1109 2108 sint
1127 2065 1206 2103 usus.

169 2114 234 2167 Srd
247 2142 256 2157 ‚
268 2118 421 2162 inquiunt
434 2145 444 2160 ,
460 2115 542 2154 solus
559 2119 699 2166 partium
715 2121 882 2161 contaetus
893 2117 932 2151 ad
952 2117 1205 2156 continuitatem
1220 2112 1425 2150 efficiendam
1446 2127 1514 2150 non

124 2160 259 2201 sufficit:
273 2164 396 2212 alioqui
410 2166 495 2200 inter
505 2168 661 2201 continua
676 2173 710 2204 &
723 2170 876 2218 contigua
891 2165 1020 2202 nullum
1032 2165 1177 2202 futurum
1189 2165 1236 2199 est
1256 2164 1434 2200 discrimen.

161 2213 344 2260 Rtsponfitm
357 2218 420 2264 jam
434 2214 513 2251 alibi
524 2213 808 2258 fuit‚'continuum
819 2229 918 2253 unum
936 2214 997 2251 esse
1009 2243 1019 2258 ,
1044 2221 1077 2253 &
1095 2226 1201 2250 toturn
1219 2212 1401 2262 physicum,
1416 2213 1511 2247 certis

124 2261 310 2299 afflonibus
325 2262 347 2307 ,a
358 2275 471 2298 natura
487 2264 700 2300 destinatum:
714 2265 797 2300 illius
809 2267 939 2301 demum
957 2277 1064 2313 partes
1075 2276 1141 2300 tam
1159 2265 1246 2298 arcte
1257 2264 1341 2297 inter
1357 2261 1511 2295 sedevin-

125 2312 202 2352 citi,
215 2322 251 2346 ut
267 2310 470 2349 cornmiffura
487 2311 550 2361 ipsa
564 2313 654 2351 nullo
675 2312 761 2349 sensu
776 2316 980 2363 percipiatur.
1009 2315 1100 2348 Hinc
1123 2310 1256 2347 metalla
1275 2308 1387 2344 divcrfi
1411 2322 1511 2358 genc-

122 2359 168 2393 *ris
194 2357 281 2395 fimul
311 2361 519 2397 ferrumimta
541 2391 550 2405 ,
585 2376 650 2397 non
672 2365 843 2407 continua,
865 2362 917 2397 sed
935 2364 1086 2409 contigua
1101 2359 1320 2395 dicidebent:
1342 2370 1455 2394 catena
1469 2371 1509 2395 ex

121 2407 234 2444 vmultis
249 2411 374 2446 annulis
392 2423 542 2447 contexta
556 2425 622 2447 non
645 2412 687 2445 est
700 2413 854 2460 quiddam
872 2412 1071 2446 continuum.
