1878 2724
291 139 365 173 704
662 158 663 161 ,
813 130 838 164 P
861 129 896 164 H
916 128 948 164 Y
967 128 988 164 S
1007 129 1022 163 Ι
1042 127 1071 164 C
1091 130 1130 164 ΑΞ

304 177 489 224 ephemerae
504 186 609 225 partes
627 187 700 223 quae
718 175 751 211 in
769 178 807 212 iis
821 177 950 213 inseetis
964 191 1032 214 non
1051 177 1189 213 multum
1202 175 1274 212 sunt
1287 169 1453 212 dissimiles
1468 203 1478 220 ‚
1500 187 1540 211 ex
1553 175 1637 212 Viro
1655 175 1717 212 ἀο->

307 225 444 262 Ctiffimo
460 223 661 273 exposuimus
672 253 681 268 ,
697 238 782 262 nunc
797 228 957 276 postrema
973 226 1148 277 bombycis
1165 225 1389 262 transmutatio
1403 225 1560 263 adeunda.

339 274 493 324 Bonibyx
506 273 590 309 bene
605 274 712 323 pastus
725 276 956 312 contabescere
968 278 1092 326 incipit,
1111 282 1144 314 &
1156 276 1259 312 moles
1273 276 1418 324 corporis
1434 273 1543 310 sensim
1553 278 1721 312 imminui-

309 335 358 359 tur
369 353 377 367 ‚
390 336 446 373 per
460 325 548 358 diem
562 329 595 361 ἃ
608 323 744 373 amplius
756 325 776 362 a
790 325 867 361 cibo
876 325 1033 370 abstinet,
1046 325 1157 362 alvum
1172 337 1332 361 exonerat
1345 337 1417 360 cum
1431 323 1524 359 succo
1541 325 1651 361 mellei
1664 339 1720 361 co,

274 371 278 374 ⁴
306 373 382 407 loris
397 375 556 422 ,corporis
569 372 660 408 color
672 387 834 420 mutatur,
850 374 942 410 situm
956 377 1069 423 quaerit
1085 377 1226 411 texendo
1240 375 1504 411 sericoidoneum
1518 376 1602 411 inter
1611 388 1721 410 ramu-

305 422 354 457 los
366 422 519 459 arborum
534 453 543 467 ,
566 435 622 458 aut
645 421 755 472 scopas
769 442 778 469 ·‚
792 437 861 460 rum
881 425 1008 461 succum
1026 426 1124 460 instar
1141 425 1258 460 succini
1277 436 1315 459 ex
1334 436 1392 458 ore
1413 425 1560 468 emittit,
1584 430 1618 462 &
1641 425 1720 474 ligni

305 471 510 516 frustulo,aut
524 476 652 520 corpori
665 473 758 509 alteri
775 473 887 509 scabro
903 473 942 509 sic
955 474 985 509 se
1001 475 1280 523 applicat‚utinde
1293 474 1446 509 recedens
1461 472 1553 509 filum
1572 475 1668 510 ducat
1685 479 1719 512 ὃς

305 522 437 556 reducat
452 521 559 570 saepius
573 536 580 557 ε
599 522 686 570 quod
706 526 819 571 utique
829 527 896 558 aeri
910 522 1089 572 expositum
1103 523 1290 559 concrescit·
1300 525 1354 559 Sic
1371 522 1475 558 latum
1489 524 1658 571 quoddam
1669 537 1719 558 re.

305 581 339 605 te
350 574 514 617 pertexit,
543 577 577 608 &
599 572 742 607 medium
769 573 937 621 spatiolum
953 574 1110 622 relinquit
1129 574 1234 609 ovalis
1248 585 1333 622 pene
1349 572 1471 622 figurae,
1482 573 1572 621 quod
1589 572 1720 622 expleto

307 620 459 656 foluculo
471 621 656 670 impleat.1d
669 621 747 657 vero
761 623 904 658 staminis
918 635 1092 672 pertexens
1104 623 1392 671 caputidentidem
1404 623 1720 667 adducit&retrahit,

307 669 421 707 &alvo
436 670 603 706 immobili
616 671 701 706 tensa
711 677 780 719 jam
795 674 926 708 stamina
939 671 1075 721 pedibus
1085 675 1304 722 corripit,tum
1315 675 1407 708 vario
1424 674 1538 721 capitis
1557 685 1648 708 motu
1658 673 1720 707 sta..

306 732 383 755 men
394 719 496 768 ipsum
506 721 628 756 diducit
642 723 674 756 in
687 721 772 771 spirae
784 721 1034 760 modum:bidu0
1042 735 1096 759 aut
1106 724 1213 758 triduo
1226 724 1266 757 ad
1280 721 1441 758 summum
1453 722 1515 758 hoc
1527 725 1633 771 operis
1645 735 1720 771 per-

306 767 422 806 ficitur.
444 771 608 805 Interdum
623 770 693 806 bini
713 772 895 821 bombyces
907 774 939 808 in
960 773 1079 808 eodem
1090 772 1239 808 folliculo
1256 771 1458 807 elaborando
1485 771 1719 809 consociantur.

347 818 506 854 Folliculo
526 819 624 855 serico
643 820 792 858 absoluto
806 852 815 867 ‚
835 823 1013 857 contractis
1026 822 1174 872 partibus
1195 821 1349 872 bombyx
1373 824 1406 857 in
1420 821 1533 857 nidulo
1550 821 1719 857 decumbit

306 872 342 904 δέ
354 868 508 916 quiescit).
520 881 590 905 tum
607 870 697 905 color
711 884 853 907 mutatur
863 901 872 916 ‚
886 885 974 907 crura
989 871 1071 908 fiunt
1080 872 1248 922 graciliora
1263 884 1404 921 ‚ungues
1417 872 1538 920 pedum
1548 871 1718 906 retrahun-

306 927 358 952 tur
371 935 380 962 3
391 927 504 955 venter
514 921 694 954 exinanitus
712 920 840 954 subsidit
858 938 866 962 3
893 924 993 956 cranii
1006 934 1121 955 cavum
1133 921 1255 968 aquoso
1265 922 1409 968 repletur
1419 921 1525 965 succo,
1540 926 1573 957 &
1585 919 1718 957 densum

305 965 363 1000 sub
379 969 468 1003 corio
481 966 658 1015 bombycis
669 968 750 1003 latet
765 969 978 1006 involucrum.
993 973 1121 1004 Interea
1132 982 1187 1004 cot
1202 970 1292 1004 tarde
1309 980 1462 1004 movetur
1475 999 1484 1013 ,
1499 974 1531 1006 &
1547 971 1629 1004 intra
1641 982 1717 1017 qua-

305 1016 448 1051 triduum
459 1028 532 1051 cute
541 1015 684 1064 deposita
695 1019 728 1052 in
747 1017 903 1052 aureliam
914 1017 993 1054 abit.
1010 1019 1112 1065 Qod
1131 1017 1168 1052 fit
1177 1018 1271 1052 unius
1285 1020 1402 1052 minuti
1416 1023 1448 1054 &
1461 1031 1496 1052 ιο
1506 1018 1717 1055 secundorum

305 1063 415 1113 spatio.
448 1063 594 1102 Primum
609 1078 663 1101 cor
687 1066 841 1102 ciriffime
866 1069 1063 1111 concitatur,
1084 1069 1227 1116 corporis
1239 1065 1367 1102 habitus
1383 1067 1578 1102 convellitur
1594 1096 1604 1111 ,
1624 1072 1659 1104 δε
1673 1080 1716 1104 εκ

306 1113 484 1150 transversa
496 1115 631 1150 laterum
645 1117 877 1152 constrictione
891 1128 1064 1153 externum
1075 1119 1198 1152 corium
1207 1115 1248 1151 ab
1259 1119 1416 1152 interiore
1427 1116 1603 1154 divellitur.
1621 1119 1717 1163 Quin

304 1169 340 1201 &
355 1164 489 1200 testatur
504 1169 547 1202 D.
562 1166 800 1201 vaamerdam
825 1169 859 1202 in
878 1165 1006 1203 semera
1023 1167 1227 1202 trachearum
1245 1178 1411 1202 externam
1424 1166 1612 1215 pelliculam
1629 1169 1715 1204 exui.

305 1213 441 1249 Sciffura
453 1227 492 1250 ex
502 1227 543 1250 eo
553 1226 644 1250 motu
656 1214 692 1251 fit
702 1218 735 1251 in
747 1216 840 1251 dorso
849 1228 953 1265 prope
972 1228 1070 1265 caput
1085 1246 1095 1261 ‚
1121 1229 1179 1266 per
1193 1229 1291 1264 quam
1310 1215 1472 1264 reliquum
1495 1229 1611 1266 corpus
1629 1218 1715 1262 exit,

303 1262 434 1300 senecta
447 1266 578 1299 interim
589 1264 736 1300 deorsum
750 1266 912 1302 dermita:
927 1279 986 1301 nec
997 1279 1111 1315 parum
1126 1266 1256 1301 confert
1267 1266 1387 1314 liquor,
1411 1269 1469 1314 qui
1483 1266 1611 1302 ecranii
1625 1270 1714 1302 cavi-

305 1312 425 1348 tatibus
438 1314 610 1361 egreditur.
628 1316 713 1351 Tum
727 1327 877 1351 antennae
890 1315 1050 1352 craffiores
1063 1345 1074 1358 ,
1085 1315 1143 1350 alae
1158 1321 1190 1353 &
1204 1328 1294 1351 crura
1310 1328 1400 1351 emer
1424 1328 1492 1352 unt.
1510 1316 1574 1351 Sed
1592 1328 1635 1363 ear·
1644 1329 1713 1365 par-

304 1374 354 1398 tes
366 1376 438 1398 cum
450 1362 623 1400 fintuvidae
637 1370 671 1402 ὃ(
683 1365 837 1410 mumsae,
866 1365 924 1401 fibi
944 1377 1057 1402 mutuo
1076 1365 1298 1401 adhaerescunt
1311 1395 1321 1410 ,
1347 1370 1380 1402 &
1407 1365 1486 1401 imul
1510 1366 1712 1415 complicatae

304 1415 399 1448 unius
426 1414 612 1462 indumenti
631 1414 770 1464 speciem
791 1413 948 1464 praebent.
977 1415 1077 1452 Unde
1092 1420 1159 1464 jam
1173 1427 1288 1451 natura
1306 1414 1478 1465 papilionis
1501 1415 1643 1451 formata
1654 1417 1714 1453 est;

303 1463 396 1510 Qin
407 1465 481 1499 &in
497 1461 663 1512 bombyce
677 1476 752 1500 ante
764 1463 1099 1501 folliculicontextum
1114 1464 1171 1500 sub
1185 1464 1327 1500 secundo
1345 1470 1378 1501 δι
1392 1467 1489 1500 tertio
1509 1464 1628 1500 annulo
1643 1470 1710 1514 jam

303 1514 408 1560 prima
426 1512 547 1548 alarum
561 1514 691 1548 exordia
703 1544 711 1558 ‚
726 1520 760 1552 &
780 1517 882 1563 prima
902 1526 1118 1550 antennarum
1131 1515 1317 1550 rudimenta
1333 1515 1365 1549 in
1375 1517 1486 1550 cranio
1498 1513 1712 1563 apparebant:

302 1562 387 1596 adeo
403 1573 440 1597 ut
454 1562 582 1597 aureliae
599 1562 716 1612 species
731 1563 767 1598 sit
777 1564 867 1600 velut
880 1563 968 1599 larva
976 1563 1159 1613 papilionis.
1170 1564 1308 1599 Aureliae
1319 1577 1360 1600 ex
1370 1576 1460 1613 parte
1470 1564 1649 1613 posteriore
1662 1567 1712 1601 vi-
1746 1612 1749 1613 ⁷

302 1611 341 1645 sae
353 1612 475 1646 extima
495 1610 692 1662 figurajpene
706 1613 808 1649 ovalis
821 1614 875 1648 est.
891 1616 930 1650 In
940 1613 1101 1662 superiore
1123 1613 1204 1649 dorsi
1214 1627 1305 1662 parte
1331 1616 1456 1649 eminet
1469 1626 1585 1662 corpus
1601 1612 1710 1649 A'um-

299 1659 395 1695 bonis
407 1660 521 1707 specie.
535 1664 612 1697 Hoc
631 1664 726 1699 rectis
744 1662 833 1698 fibris
849 1666 883 1699 in
898 1663 1108 1699 transversum
1125 1662 1280 1713 dispofitis
1299 1664 1481 1699 distinctum
1494 1674 1645 1712 apparet,
1657 1665 1709 1698 cui

303 1722 398 1759 caput
413 1713 436 1746 B
453 1710 744 1760 superponitur‚sed
761 1714 1017 1749 reconditunnex
1027 1713 1177 1749 umbellae
1189 1726 1331 1761 utroque
1348 1713 1450 1748 latere
1465 1724 1635 1761 emergunt
1650 1712 1708 1747 alae

305 1760 396 1804 CC,
413 1773 482 1808 quae
496 1760 820 1811 deorsumprodu&ae
841 1765 924 1798 circa
945 1765 1047 1798 imum
1083 1776 1233 1800 ventrem
1258 1762 1459 1811 complicatae
1491 1761 1648 1798 desinunt.
1669 1765 1709 1797 In

304 1809 428 1845 summo
444 1813 587 1859 corporis
608 1841 617 1855 ,
640 1825 789 1848 antennae
814 1815 972 1849 oriuntur.
995 1813 1136 1848 Crurum
1159 1825 1292 1861 quoque
1306 1811 1482 1862 progreffus
1500 1811 1709 1860 subjiciuntur

303 1859 428 1901 oculis·,
449 1861 597 1909 stigmata
609 1862 662 1897 vel
681 1861 803 1898 orificia
822 1862 1024 1898 trachearum
1049 1863 1153 1899 adhuc
1168 1861 1353 1912 supersunt,
1379 1862 1433 1897 sed
1448 1875 1516 1898 non
1534 1860 1708 1898 dehiscunt.

304 1908 391 1942 Vide
415 1908 479 1942 tab.
511 1922 522 1943 1
540 1922 570 1946 1.

346 1959 475 1992 Decem
495 1958 622 1993 dierum
646 1957 748 2007 spatio
766 1960 888 1995 aurelia
906 1960 1067 1997 formatur
1089 1965 1122 1996 in
1149 1961 1361 2010 papilionem.
1394 1960 1516 1996 Annuli
1533 1959 1614 1996 fiunt
1634 1959 1710 1996 soli-

303 2007 410 2041 diores
423 2012 456 2044 &
480 2019 564 2055 pene
595 2009 809 2057 cartilaginei.
841 2009 904 2045 Alae
915 2039 924 2054 ‚
954 2023 1101 2047 antennae
1112 2040 1122 2055 ‚
1141 2024 1233 2046 crura
1245 2010 1302 2045 suis
1325 2010 1500 2051 involucris
1524 2012 1648 2045 munita
1667 2022 1708 2046 ex

303 2055 435 2091 mucoso
454 2055 545 2092 succo
563 2057 789 2094 concrescente
808 2058 919 2095 senfim
938 2072 1029 2095 extra
1045 2063 1242 2109 prominent.
1266 2060 1421 2096 Tracheae
1441 2062 1524 2094 rami
1539 2059 1707 2096 molliores

302 2105 387 2142 fiunt
397 2135 406 2149 ,
419 2111 451 2142 ἅτ
467 2108 499 2141 in
510 2106 624 2154 seipsos
636 2107 842 2144 collabuntur
857 2127 866 2154 3
883 2110 1079 2145 ventriculus
1093 2110 1128 2145 fit
1139 2112 1358 2154 contraditior3
1373 2109 1499 2145 nullum
1520 2121 1570 2144 tot
1581 2112 1707 2145 cavita-

302 2167 374 2190 tum
386 2168 497 2190 maner
508 2157 687 2204 vestigium.
704 2161 741 2193 In
761 2159 943 2194 ventriculo
956 2158 1060 2195 succus
1071 2159 1183 2194 mellei
1194 2159 1312 2194 coloris
1322 2189 1331 2203 ‚
1344 2158 1615 2203 &confistentiae‚
1634 2159 1708 2195 nul-

301 2205 362 2240 lius
378 2217 461 2253 pene
476 2204 598 2253 saporis
610 2207 871 2246 continetur..Ab
883 2208 966 2243 illius
983 2222 1129 2245 extremo
1140 2210 1285 2258 pendent
1296 2209 1386 2244 velut
1402 2209 1586 2244 intestinula
1597 2222 1632 2244 in
1648 2222 1708 2243 va..

303 2257 366 2288 rios
378 2267 475 2303 gyros
489 2267 717 2303 contorta‚quq
727 2260 758 2292 in
769 2259 900 2294 duCtum
911 2258 1102 2307 prelongum
1113 2259 1301 2302 abeunt,hic
1311 2261 1342 2295 in
1356 2258 1491 2294 vesicam
1502 2259 1644 2307 amplam
1655 2259 1706 2292 di-

302 2302 507 2351 latatur,quae
519 2304 664 2340 infimam
678 2307 743 2341 alvi
755 2320 881 2355 partem
892 2301 1041 2355 occupat.
1053 2311 1120 2344 Hic
1132 2310 1245 2344 duCtus
1258 2309 1450 2358 peristaltico
1463 2319 1555 2343 motu
1565 2309 1707 2343 laekeum

303 2353 474 2389 humorem
496 2358 634 2402 partium
650 2355 817 2393 successiva
836 2360 1059 2394 contrafflone
1076 2362 1110 2395 in
1133 2358 1270 2394 vesicam
1290 2360 1442 2408 exprimit
1456 2387 1465 2401 ,
1488 2360 1620 2393 interim
1643 2355 1706 2391 sur-

302 2402 370 2464 {um
385 2404 531 2451 repellit:
546 2406 628 2442 adeo
640 2417 677 2442 ut
687 2405 792 2446 succus
811 2406 866 2457 ffle
887 2408 950 2447 huc
978 2408 1054 2447 illuc
1078 2408 1230 2460 impulsus
1257 2411 1326 2460 jugi
1354 2420 1447 2446 motu
1464 2406 1708 2492 flustuareHvi-

301 2462 425 2487 centur.
1665 2467 1709 2491 ΞΟ
