1878 2724
232 171 237 178 ι
312 168 343 176 ..
411 170 417 178 .
534 121 602 177 DE
638 123 1026 160 FOSSILIBUS.
1403 145 1459 180 435

113 173 193 210 Non
206 166 345 205 dimmih
357 180 483 211 tatione
502 173 562 207 Vir
572 171 694 208 doetus.
704 172 910 209 metallorum
930 176 1092 222 originem
1102 184 1140 213 ex
1155 175 1316 224 principiis
1327 180 1459 214 mecha-

10 235 14 241 ¹
29 223 32 254 ξι
78 223 156 259 uicis
167 218 236 255 satis
249 217 412 268 ingeniose
425 219 577 267 explicat.
589 224 700 268 Itaque
711 221 781 256 salis
793 252 802 266 ,
817 235 906 270 aquae
919 251 928 267 ,
940 223 1003 258 olei
1017 222 1178 258 mineralis
1192 226 1356 273 particulae
1369 226 1460 263 simul

77 270 253 319 conjunctae
265 298 274 311 ,
295 277 314 303 ὸ
351 271 444 316 primi
458 269 611 306 elementi
629 284 661 305 vi
682 273 712 305 in
722 272 899 320 majusculis
915 284 1005 306 terrae
1021 275 1105 320 poris
1126 271 1164 307 sic
1177 276 1290 321 agitari
1309 274 1434 324 possunt
1448 305 1459 321 ,

75 331 112 359 ut
121 322 154 354 in
163 320 198 352 iis
209 316 366 352 meatibus
377 321 406 352 in·
419 319 493 353 dura
505 319 688 367 corpuscula
699 321 904 356 metallorum
922 322 1099 370 primordia
1112 322 1325 360 concrescant.
1381 338 1461 360 nan-

76 368 131 404 diu
143 370 230 402 enim
245 365 313 401 salis
326 366 443 415 spicula
457 379 582 402 meatus
596 368 635 403 fic
654 379 781 415 aptatos
793 369 929 405 subeunt
944 400 953 414 ‚
972 383 1006 405 ut
1029 372 1122 417 primi
1136 371 1289 406 duntaxat
1303 373 1458 409 elementi

75 418 243 458 materiam
258 417 432 451 admittant
444 444 452 458 ‚
479 429 595 465 magna
611 419 641 450 vi
652 417 904 464 impellisolent‚
923 422 1002 453 utin
1019 419 1106 453 calce
1128 418 1191 467 ipsa
1211 423 1380 458 cernimus,
1407 426 1458 458 sic

75 465 141 505 salis
158 465 321 513 particulae
338 478 409 500 cum
424 463 536 500 oleosis
547 494 556 508 ,
569 471 602 503 &
615 464 736 512 aquofis
746 469 861 514 junelae
877 479 933 514 per
949 468 1139 516 angustiores
1150 481 1274 503 meatus
1286 469 1372 505 suurn
1383 485 1457 506 mo-

75 525 143 550 tum
159 515 213 548 diu
224 517 414 550 continuare
424 512 550 562 possunt
567 528 574 550 ε
597 515 680 549 adeo
694 526 730 549 ut
740 517 772 550 in
789 519 890 551 varias
900 529 1005 564 partes
1017 530 1083 552 non
1094 517 1311 562 distrahantur,
1327 519 1378 553 sed
1395 520 1458 556 una

73 575 329 613 promoveantur
341 592 350 606 ,
367 563 471 598 donec
486 565 569 598 intra
586 575 753 599 meatuum
766 565 919 613 angustias
939 578 1064 600 motum
1078 564 1164 601 suum
1175 565 1279 601 sistere
1296 570 1413 603 coac}ae
1426 572 1459 605 in

73 613 149 647 dura
163 618 195 650 ὃς
205 611 302 647 solida
319 610 500 660 corpuscula
509 612 647 656 abeant,
662 613 759 660 idque
772 616 910 649 maxime
928 616 961 649 in
972 626 1061 662 parte
1074 626 1163 649 tertre
1182 617 1334 650 interiore
1345 645 1354 659 ,
1368 622 1458 665 cujus

73 673 178 709 partes
193 661 263 697 sunt
277 662 513 710 compactiores
526 690 536 705 ‚
554 674 622 697 non
637 674 713 696 rarae
728 666 760 698 &
780 663 895 698 molles
907 692 917 706 ,
943 675 978 697 ut
1005 664 1036 698 in
1059 662 1122 711 ipsa
1147 663 1264 698 telluris
1285 664 1457 713 superficie.

75 712 275 758 Qanquam
286 710 403 747 halitus
419 709 464 744 illi
476 710 630 745 metallici
643 715 675 745 in
689 711 886 759 superiorem
896 724 986 748 terrae
1000 711 1090 747 velut
1102 712 1238 747 crustam
1251 713 1458 759 attollantur,

72 771 170 806 atque
183 762 266 794 inter
285 772 386 795 arenae
399 759 532 808 granula
543 758 765 795 concrescant..

110 809 323 857 Quaecunque
338 820 446 843 tamen
463 807 521 844 sint
535 807 742 843 metallorum
755 810 930 857 primordia
945 838 954 853 ,
972 820 1049 857 quae‘
1066 809 1138 846 satis
1153 811 1325 847 commode
1340 813 1458 848 Arista-

72 857 154 895 teles
164 857 316 905 exemplo
325 860 402 892 roris
417 863 450 893 &
462 861 579 906 pruinae
591 856 730 904 explicat
743 874 752 899 ς
770 859 801 892 id
818 858 923 892 multo
938 859 986 893 est.
996 857 1259 895 verisimillimum
1268 873 1305 894 ea
1316 874 1382 896 non
1393 874 1459 898 tam

71 905 138 941 alte
157 905 218 940 esse
233 907 411 954 repetenda
423 935 433 949 ,
448 919 556 953 neque
574 919 611 941 ex
631 908 779 941 interiori
800 906 921 941 telluris
938 907 1055 942 nucleo
1069 910 1101 942 in
1120 920 1244 955 partem
1262 907 1459 957 superiorem

71 953 174 1003 specie
183 954 341 991 halituum
353 955 459 990 attolli
472 968 479 990 :
491 955 542 990 sed
556 954 712 1003 paulatim
725 968 762 990 ea
772 955 905 991 formati
915 968 954 990 ex
965 954 1141 992 substantia
1150 958 1288 1005 quadam
1304 956 1460 1007 salsa‚quae

71 1005 105 1040 in
119 1016 203 1051 aqua
213 1004 260 1039 est
274 1002 458 1039 exsolubilis
470 1033 480 1048 ‚
502 1016 639 1052 quaeque
659 1003 769 1039 senfim
787 1005 920 1040 excosta
946 1009 979 1041 δέ
1000 1006 1120 1053 digesta
1140 1019 1206 1041 non
1223 1006 1359 1054 amplius
1377 1011 1459 1042 aeris

73 1051 128 1088 vel
142 1065 234 1100 aquae
245 1053 433 1088 reformidet
448 1055 586 1100 injurias.
607 1054 692 1088 Rem
710 1055 755 1088 ita
769 1053 830 1088 effe
844 1053 952 1088 multis
971 1053 1083 1088 saltem
1108 1055 1323 1104 conJ'ecturis,
1339 1058 1408 1092 imo
1424 1061 1459 1093 &

71 1104 308 1149 experimentis
325 1100 446 1136 suaderi
457 1114 621 1149 utcunque
637 1103 752 1149 potest.
763 1104 868 1138 Pauca
885 1114 922 1136 ex
935 1102 1045 1136 multis
1057 1103 1232 1150 proferam.
1248 1128 1251 1131 <

107 1151 191 1186 Cum
203 1151 267 1186 hoc
278 1162 503 1198 argumentum
515 1153 546 1185 in
556 1151 729 1185 Academia
741 1152 845 1199 Regia
853 1163 939 1186 anno
952 1153 1028 1196 1667
1042 1152 1096 1185 die
1110 1165 1148 1196 14
1157 1154 1240 1186 Maii
1257 1154 1458 1198 tractaretur,

72 1201 122 1235 D.
136 1199 179 1233 du
198 1203 273 1234 Clos
284 1198 384 1233 multa
401 1199 654 1234 consideratione
671 1199 768 1246 digna
782 1200 863 1234 hanc
878 1202 909 1234 in
918 1211 986 1234 rem
1001 1199 1121 1236 attulit.
1140 1199 1268 1245 Primo,
1293 1203 1381 1249 quod
1391 1207 1457 1251 jam

72 1248 149 1283 alibi
166 1249 304 1284 diximus
317 1275 327 1290 ‚
339 1249 374 1282 in
386 1259 468 1281 terra
478 1247 622 1296 argillosa
634 1260 734 1295 prope
744 1250 909 1283 Lutetiam
920 1277 929 1292 ,
946 1249 1021 1283 utin
1031 1248 1100 1284 aliis
1122 1248 1232 1296 passim
1246 1249 1458 1294 loci's,duriss-

72 1309 139 1332 mas
151 1301 184 1334 &
195 1297 393 1345 ferrugineas
406 1295 584 1331 marcasitas
596 1299 734 1331 inveniri
745 1300 1030 1343 quaecomm'inutae
1044 1302 1078 1333 &
1093 1296 1154 1332 sub*
1171 1298 1260 1332 tecto
1272 1302 1338 1333 aeri
1352 1311 1456 1348 expo-

72 1344 133 1382 fitae
143 1348 281 1395 primum
292 1343 541 1381 efflorescentias
555 1374 564 1389 ,
580 1358 615 1380 ut
628 1345 797 1393 loquuntur
811 1374 821 1389 ‚
843 1346 999 1390 mucosas,
1012 1345 1101 1380 albas
1114 1375 1123 1390 ‚
1135 1345 1252 1394 saporis
1269 1348 1384 1396 stiptici
1400 1349 1458 1383 da-

74 1393 171 1439 bant,
197 1394 274 1430 licet
287 1393 453 1429 marcasitae
464 1397 548 1443 prius
566 1393 664 1429 essent
676 1393 814 1442 insipida:
826 1408 835 1430 ι
846 1394 996 1431 affufione
1012 1407 1103 1442 aquae
1113 1396 1252 1431 multum
1261 1396 1329 1431 salis
1341 1399 1456 1432 vitrio-

72 1443 124 1480 lici
136 1445 317 1480 extraetum
331 1444 392 1487 est,
403 1443 545 1490 idquein
557 1442 630 1478 loco
641 1442 759 1492 frigido
775 1444 846 1492 post
873 1446 1011 1492 primam
1026 1456 1126 1491 aquae-
1138 1448 1405 1492 evaporationem
1424 1448 1457 1482 in

71 1493 239 1542 crystallos
247 1495 426 1529 concrevit.
440 1493 527 1528 Cum
541 1494 658 1527 iterum
668 1505 749 1539 aqua
760 1495 841 1541 ignis
852 1493 957 1527 calore
965 1505 1081 1540 magna
1102 1505 1141 1528 ex
1156 1504 1246 1541 parte
1260 1493 1431 1529 exhalasset
1445 1522 1456 1538 ‚

73 1542 159 1578 aliud
172 1540 242 1577 salis
258 1553 357 1590 genus
371 1571 380 1585 ‚
406 1554 472 1577 non
486 1541 587 1575 viride
606 1552 643 1575 ut
660 1543 744 1588 prius
756 1541 827 1584 ‚sed
839 1540 1001 1576 subrufum
1016 1569 1025 1583 ,
1043 1546 1076 1577 &
1099 1543 1296 1590 compaffius
1311 1571 1320 1585 ,
1337 1543 1455 1578 acidius
1494 1569 1496 1571 .

73 1602 181 1626 tamen
191 1620 201 1635 ‚
213 1603 320 1638 neq-ue
328 1590 614 1637 adeoadsttingens
625 1590 754 1636 prodiit.
765 1592 873 1636 Atque
884 1590 935 1624 hic
945 1588 987 1624 sal
998 1590 1122 1624 videtur
1131 1593 1231 1639 magis
1243 1591 1455 1638 ferrugineus,

74 1642 109 1676 δὲ
121 1640 161 1674 de
175 1640 299 1675 metalli
311 1651 423 1675 natura
441 1640 539 1687 magis
552 1637 666 1672 refert.
683 1638 779 1674 Unde
795 1639 826 1672 id
841 1639 1006 1674 medicinae
1019 1638 1129 1673 utilius
1143 1650 1241 1688 putat.
1260 1640 1340 1690 Qae
1353 1639 1457 1688 super-

72 1688 135 1724 fuit
143 1701 227 1736 aqua
239 1687 388 1723 subrubra
399 1692 432 1724 &
450 1686 544 1721 densa
555 1686 654 1721 instar
666 1687 732 1721 olei
748 1699 786 1721 ex
803 1686 860 1721 lini
870 1686 988 1722 semine
1004 1686 1154 1735 expresfi,
1172 1690 1237 1722 acti
1256 1687 1367 1735 sapore
1379 1701 1455 1736 prae-

73 1737 141 1771 dita
150 1739 297 1785 apparuit
305 1766 314 1780 ,
335 1750 397 1784 qua
408 1734 554 1771 exhalata
572 1735 665 1770 nullae
674 1736 861 1783 prodierunt
870 1736 1014 1784 crystalli.
1026 1737 1122 1771 Instar
1132 1749 1268 1772 amurcae
1279 1737 1371 1772 faeces
1383 1736 1456 1772 sub-

74 1783 176 1820 fidunt
187 1815 196 1829 ‚
207 1799 281 1833 quae·
292 1785 312 1820 fi
324 1787 441 1822 diutius
451 1786 516 1832 igni
524 1785 761 1819 admoveantur
771 1813 779 1827 ,
791 1785 883 1819 instar
892 1784 1008 1833 argillae
1022 1787 1144 1833 pinguis
1154 1788 1185 1819 in
1197 1798 1270 1820 aete
1283 1796 1392 1821 tamen
1406 1798 1456 1821 ex-

75 1833 444 1878 solubilis,concrescunt.
462 1836 559 1869 Hanc
568 1834 730 1868 utiliorem
740 1833 800 1868 effe
812 1834 978 1869 medicinae
988 1863 998 1877 ‚
1016 1839 1049 1870 &
1059 1846 1097 1868 ex
1107 1834 1192 1869 illius
1209 1833 1272 1868 sale
1283 1847 1382 1882 aquas
1392 1836 1456 1868 mi-
1475 1851 1478 1857 f

75 1883 196 1919 nerales
207 1886 309 1932 parari
321 1883 407 1931 posse
421 1883 577 1918 existimat
596 1897 603 1917 :
619 1883 702 1917 adeo
711 1893 745 1916 ut
756 1884 894 1929 primum
913 1895 968 1917 ens
980 1911 990 1927 ‚
1007 1894 1042 1917 ut
1052 1894 1171 1918 vocant
1183 1910 1193 1925 ,
1206 1882 1285 1918 ferri
1298 1884 1456 1920 videatur:
1474 1895 1481 1913 ἐ

75 1941 158 1966 terra
173 1931 405 1968 marcasitarum
420 1934 511 1980 nigra
520 1960 529 1974 ,
545 1937 578 1967 &
589 1930 642 1966 suo
652 1929 712 1965 sale
725 1942 819 1965 exuta
833 1933 948 1967 iterum
972 1933 1039 1966 aeri>
1051 1933 1096 1966 ita
1107 1930 1261 1981 exposita,
1270 1943 1306 1967 ut
1317 1931 1336 1968 a
1345 1931 1456 1980 pluvia

78 1991 146 2015 tuta
167 1979 243 2016 esset
260 2008 269 2023 ,
285 1981 420 2015 multum
438 1980 505 2014 salis
521 1980 610 2014 dedit
627 1997 636 2019 ς
661 1981 758 2027 idque
777 1979 886 2027 saepius
910 1981 971 2016 fuit
987 1981 1149 2017 iteratum.

113 2028 194 2063 lllud
206 2041 338 2076 quoque
354 2028 384 2063 se
398 2026 576 2063 observasse
591 2029 717 2062 testatur
731 2056 742 2071 ,
756 2041 794 2062 ex
809 2031 846 2062 iis
862 2028 1030 2064 marcasitis
1040 2031 1122 2078 ignis
1139 2031 1255 2065 vicum
1270 2029 1387 2064 borace
1406 2042 1456 2065 ar.

78 2075 205 2112 senicali
216 2076 288 2112 fusis
302 2076 408 2124 primo
425 2077 545 2112 ferrum
561 2076 710 2123 prodiisse
726 2090 734 2111 ε
758 2077 878 2111 deinde
901 2090 974 2113 cum
986 2089 1041 2125 per
1064 2077 1252 2114 sexennium
1269 2083 1303 2116 δε
1316 2078 1452 2126 amplius

78 2128 144 2160 aeri
156 2125 414 2174 effentexpofitae
438 2131 472 2162 &
490 2123 599 2172 saepius
616 2139 705 2160 novo
727 2124 790 2159 sale
807 2126 968 2161 vitriolico
985 2129 1196 2175 impraegnatae
1208 2156 1218 2171 ‚
1238 2127 1299 2162 alia
1324 2125 1455 2162 metalla
1473 2139 1475 2141 ·

80 2178 232 2223 temporis
247 2178 349 2210 transtu
363 2176 479 2210 educta
490 2171 593 2210 fuisse:
609 2175 692 2208 adeo
710 2185 746 2209 ut
762 2179 926 2210 maturitas
945 2187 1001 2211 aut
1018 2176 1178 2224 perfefflo
1197 2174 1401 2212 metallorum
1416 2185 1456 2209 ex
1475 2180 1479 2202 ἒ

80 2223 216 2259 vitriolo
237 2225 378 2272 pendere
395 2225 551 2258 videatur.

121 2275 174 2307 Sic
187 2274 297 2322 argilla
308 2286 346 2308 ex
359 2286 420 2316 qua
431 2286 475 2307 eae
486 2271 655 2306 marcafitae
667 2273 828 2319 prodeunt
839 2302 848 2316 ‚
877 2286 950 2308 cum
969 2275 1052 2321 prius
1072 2272 1180 2308 mollis
1206 2269 1243 2305 sit
1267 2276 1302 2307 ὅ(
1319 2268 1454 2312 viscosa,

83 2321 189 2356 odoris
204 2325 308 2358 omnis
318 2328 351 2359 &
366 2323 484 2370 saporis
495 2332 606 2369 expers
618 2349 628 2364 ‚
646 2323 812 2368 postquam
830 2325 895 2356 aeri
918 2321 971 2356 sub
983 2324 1072 2357 testo
1087 2321 1146 2355 fuit
1158 2331 1214 2368 per
1223 2318 1346 2366 aliquot
1362 2330 1456 2353 men-

84 2369 129 2406 ses
145 2371 304 2419 exposita,
323 2374 356 2408 in
375 2372 475 2409 frusta
493 2369 628 2416 fatiscit,
659 2382 696 2405 ac
712 2369 801 2408 velut
812 2371 953 2409 odorem
963 2371 1093 2409 acidum
1109 2368 1402 2452 sP²¹g³1¹.’.“.¹.m‘lue
1416 2377 1455 2402 ex

1227 2429 1256 2451 11
1287 2429 1310 2464 ι]
