1878 2724
268 138 528 218 rQbus-fluunt,
547 177 612 208 mix
631 187 651 207 o
675 172 768 208 infint
789 172 930 219 corpori.
956 174 1087 216 Tanta,
1118 185 1154 208 ut
1180 173 1262 210 mihi
1287 171 1442 218 videtur‘,
1467 174 1667 223 opinionum-

265 225 410 260 dissenlio
425 238 490 260 non
515 223 644 257 aliunde
659 234 730 256 orta
747 221 812 264 est,
834 219 935 268 quam
962 221 1051 268 quod
1069 234 1140 256 rem
1163 222 1263 270 ipsam
1282 226 1384 272 magis
1405 225 1447 259 ad
1465 236 1577 259 tenues
1592 253 1602 267 ,
1625 231 1661 262 δε

263 274 392 310 limatas
421 272 635 314 subtilitates,
666 271 768 318 quam
793 270 834 305 ad
856 270 1079 318 experimenta
1100 269 1189 319 ipsa,
1212 277 1246 308 &
1271 271 1512 309 observationes
1540 285 1660 324 exege-

266 326 342 359 rint-

310 377 389 420 Qo
406 373 503 418 igitur
522 382 592 404 rem
605 381 710 405 totam
722 368 869 404 distinete
888 372 921 405 δε
936 379 1048 416 aperte
1062 367 1228 404 videamus
1240 397 1248 411 ,
1266 382 1338 417 quae
1348 382 1435 405 certa
1450 370 1522 407 sunt
1536 377 1659 409 &con-

267 419 363 463 fessa,
381 420 421 454 ab
435 422 472 453 iis
483 432 552 467 quae
565 418 664 454 dubia
674 417 736 453 effe
750 416 879 467 possunt
889 447 899 461 ,
920 417 1116 465 separemus.
1138 419 1186 452 Ac
1205 418 1348 466 primurn
1361 432 1433 466 quae
1446 420 1488 454 ab
1507 422 1661 457 Aristote-

267 472 296 505 le
312 469 406 503 allata
420 469 467 504 est
481 470 644 504 mixtionis
654 467 803 503 definitio
815 496 825 510 ‚
838 465 880 501 ab
892 465 1043 501 omnibus
1052 468 1215 514 recipitur.
1226 469 1357 501 Mixtio
1367 495 1375 506 ‚
1395 469 1520 515 inquit,
1537 470 1577 515 est
1593 471 1664 515 ηυγ-ἶ

265 518 408 554 cibilinm
423 519 635 552 alteratorum
647 519 727 553 unio.
737 516 790 552 Est
803 516 939 564 quidem
950 518 1035 550 inter
1047 518 1218 550 materiam
1231 522 1262 552 ὃ(
1273 517 1415 561 formam
1429 519 1524 562 unio,
1542 532 1604 566 qua
1622 519 1661 555 fit

266 566 497 615 compositum:
516 566 569 601 sed
587 578 660 614 quae
670 567 754 601 estin
766 568 888 609 mixto,
907 578 1008 600 unum
1021 567 1210 600 continuum
1223 564 1324 600 efficit
1337 583 1345 610 3
1364 578 1499 614 quaeque
1509 570 1662 604 uniuntur

266 615 433 653 miscibilia
446 645 456 659 ,
480 622 513 653 δε
527 628 597 664 quae
611 615 685 650 ante
701 626 794 650 erant
811 614 1051 662 heterogenea,
1070 627 1108 649 ex
1129 626 1241 649 mutua
1257 615 1452 650 alteratione
1477 620 1542 663 jam
1562 629 1664 653 unum

266 666 433 715 quoddam
452 676 623 714 procreant
634 694 643 709 ,
666 669 753 712 cujus
768 676 895 713 partes,
916 663 937 698 fi
954 663 1054 698 sensus
1070 662 1214 698 consulas
1227 692 1237 707 ‚
1262 663 1334 699 sunt
1345 663 1390 699 sui
1401 664 1535 709 similes,
1552 671 1586 702 δε
1602 665 1665 702 ho-

267 728 446 765 mogeneae.
465 717 517 750 Sic
530 714 617 751 nulla
628 714 675 748 est
690 716 722 749 in
739 714 825 749 ferro
841 725 912 761 pars
930 711 1104 756 sensibilis,
1126 725 1196 760 quae
1216 713 1336 748 serrum
1353 727 1420 749 non
1432 712 1477 750 fit.

302 780 331 801 2.
383 776 543 811 iianquam
554 765 670 798 mixtio
691 765 797 798 omnis
809 761 963 809 exquisita
976 774 1050 796 cum
1069 763 1281 810 generatione
1299 762 1336 797 fit
1361 764 1554 811 conjiin&a‚
1577 767 1615 799 ὅ(
1627 760 1665 799 sit

268 814 410 850 transitus
431 814 451 849 a
469 827 535 849 non
547 810 608 848 effe
626 813 706 862 ligni
718 827 749 849 v.
759 826 787 861 g.
804 813 843 846 ad
857 810 917 847 effe
931 811 1010 860 ligni
1023 828 1032 855 3
1049 822 1104 845 aut
1119 813 1257 846 mutatio
1274 814 1372 847 totius
1388 814 1424 847 in
1440 824 1564 856 totum„
1589 811 1666 847 nul..

268 863 302 899 lo
317 861 454 898 sensibili
473 874 662 898 remanente
680 861 764 898 :alia
776 873 886 897 tamen
910 861 956 896 est
977 863 1061 895 ratio
1074 862 1292 908 generationis
1310 890 1320 905 ,
1346 860 1408 896 alia
1427 863 1608 897 mixtionis.
1626 863 1666 897 In

266 914 476 962 generatione
489 910 687 960 potiffimfim
702 911 863 961 spestatur
876 923 924 945 res
933 911 1058 959 genita,
1077 909 1128 944 seu
1139 912 1293 944 terminus
1307 910 1345 944 ad
1357 923 1455 958 quem
1471 925 1478 946 :
1493 922 1527 946 ut
1539 910 1670 959 lignum

266 964 412 1011 genitum
426 979 435 1005 ·,
447 964 563 997 mixtio
578 960 658 997 vero
670 959 884 999 &miscibilia
896 973 965 1007 quae
985 960 1138 994 uniuntur
1153 988 1163 1002 ,
1185 964 1218 995 δε
1231 961 1374 993 mixtum
1388 959 1487 1006 ipsum
1510 972 1550 994 ex
1570 972 1666 1006 aequo

266 1011 412 1059 respicit:
431 1009 674 1048 conversionem
689 1022 797 1046 autem
809 1011 963 1045 terminus
984 1008 1004 1043 a
1022 1021 1089 1056 quo
1103 1008 1307 1045 denominat.
1331 1010 1459 1044 Dicitur
1481 1010 1567 1044 enim
1582 1021 1665 1044 con-

266 1059 373 1098 versio
395 1059 478 1095 succi
500 1062 627 1097 nutritii
642 1063 676 1095 in
688 1072 838 1102 carnem,
853 1070 908 1093 aut
924 1061 960 1094 in
982 1058 1118 1106 lignum.

305 1124 329 1154 3.
349 1110 514 1156 roirca
535 1111 729 1145 mixtionem
743 1120 851 1143 motus
871 1107 1042 1155 praecedit‚
1066 1118 1137 1140 tum
1156 1105 1358 1140 alterationis
1379 1109 1391 1150 (
1409 1119 1486 1142 nam
1502 1105 1667 1141 miscibilia

268 1157 331 1193 sese
345 1170 461 1194 mntuo
474 1169 619 1193 atterunt
633 1164 667 1195 &
681 1157 854 1207 frangunt,
875 1168 916 1191 eo
929 1168 996 1203 quo
1009 1156 1152 1190 dicemus
1173 1154 1274 1189 modo
1294 1157 1313 1197 )
1342 1165 1412 1189 tum
1421 1157 1639 1204 generationis
1653 1182 1666 1199 ,

270 1219 340 1242 tum
350 1205 576 1242 conversionis.
594 1207 731 1243 Nullum
751 1209 839 1241 enim
854 1205 892 1240 fit
906 1207 1045 1240 mixtum
1058 1206 1137 1238 citra
1147 1206 1394 1251 ,generationem
1408 1233 1417 1247 ,
1441 1211 1473 1241 &
1486 1206 1668 1252 corruptio-

268 1268 346 1293 nem
360 1269 367 1290 :
391 1268 465 1290 cum
478 1267 516 1289 ex
530 1268 597 1290 non
615 1254 677 1289 effe
691 1255 732 1289 ad
746 1253 827 1299 effe,
849 1267 889 1288 ex
903 1266 966 1288 una
979 1253 1087 1288 forma
1102 1252 1142 1286 ad
1159 1251 1256 1286 aliam
1279 1251 1338 1286 fiat
1355 1252 1500 1288 transitus
1519 1268 1526 1289 :
1548 1254 1667 1289 mixtio

270 1316 384 1341 tamen
396 1317 460 1339 non
476 1305 509 1338 iii
525 1315 616 1338 motu
628 1302 728 1352 posita
745 1304 792 1338 est
803 1332 812 1346 ,
839 1302 889 1337 sed
903 1305 935 1337 in
946 1304 1068 1337 unione
1080 1331 1090 1345 ‚
1110 1311 1146 1335 ut
1157 1302 1244 1335 aiunt
1256 1329 1266 1344 ‚
1287 1312 1342 1335 aut
1354 1301 1506 1337 societate
1523 1300 1667 1338 miscibi.

270 1353 350 1389 lium
363 1382 373 1396 ‚
390 1365 459 1400 qux
472 1351 533 1387 sese
546 1365 659 1387 mutuo
678 1353 864 1388 retundunt.
883 1355 996 1398 ltaque
1015 1352 1118 1385 omnis
1137 1351 1255 1384 mixtio
1273 1351 1316 1384 est
1324 1353 1513 1399 generatio,
1530 1363 1598 1387 non
1615 1353 1667 1387 vi-

271 1401 372 1439 ciffim
385 1416 392 1438 :
403 1414 476 1436 cum
488 1403 576 1436 enim
590 1401 626 1436 fit
644 1403 726 1450 ignis
740 1431 749 1444 ,
766 1413 820 1436 aut
836 1400 922 1436 aliud
939 1400 1140 1435 elementum
1150 1428 1159 1442 ‚
1173 1398 1261 1433 nulla
1271 1400 1314 1433 est
1327 1401 1454 1437 mixtio.

314 1467 349 1498 4.
363 1454 414 1489 Ut
423 1452 538 1485 mixtio
558 1449 593 1484 sit
606 1449 758 1498 exquisita
769 1479 778 1493 ,
800 1448 1003 1484 miscibilium
1019 1461 1126 1497 partes
1144 1450 1299 1483 minutim
1316 1451 1443 1484 concidi
1463 1448 1587 1485 necesse
1600 1450 1644 1485 est
1658 1464 1667 1486 :

273 1501 360 1537 secus
373 1502 435 1535 erit
450 1498 561 1547 potius
574 1498 766 1548 compositio
777 1500 877 1547 qu‘am
890 1501 1057 1534 mixtiozut
1072 1496 1414 1546 cumPharmacopolae
1428 1511 1593 1547 unguenta
1602 1498 1668 1542 sua,

272 1562 327 1586 aut
339 1549 490 1599 pulveres
503 1548 829 1596 confunduntAtque
843 1551 877 1583 in
895 1548 958 1583 hoc
971 1546 1171 1595 potiffim't‘im
1184 1545 1322 1581 confistit
1338 1547 1546 1584 iniscibilium
1555 1548 1668 1585 altera.

275 1602 323 1635 tio
332 1611 416 1646 ,quae
432 1610 490 1646 per
503 1597 679 1644 qualitates
695 1610 764 1633 tum
784 1599 984 1644 primas,tum
995 1596 1146 1631 secundas
1159 1594 1335 1643 perficitur.
1347 1597 1445 1635 Unde
1457 1597 1544 1632 calor
1558 1599 1670 1646 praeci-

272 1661 373 1697 prium
388 1647 431 1682 est
442 1648 610 1682 mixtionis
631 1648 874 1682 instrumentum
889 1675 898 1689 ‚
912 1647 991 1681 dum
1002 1657 1109 1694 partes
1126 1644 1261 1679 resolvit
1275 1674 1285 1688 ,
1307 1651 1340 1682 δε
1356 1646 1530 1690 rarefacit3
1551 1647 1669 1682 humor

274 1697 411 1733 diluit&
427 1695 548 1744 subigit
564 1724 573 1738 ,
596 1708 734 1742 quaeque
752 1695 820 1730 sunt
835 1695 965 1729 humida
984 1723 994 1737 ‚
1014 1707 1070 1728 aut
1086 1694 1207 1739 liquida
1223 1693 1318 1730 facile
1332 1694 1593 1737 commiscentur,
1609 1696 1671 1730 fri-

274 1759 332 1795 gus
346 1745 456 1780 densat
468 1772 477 1786 ,
497 1750 529 1780 δε
547 1756 654 1791 partes
666 1746 804 1779 arctiore
814 1743 942 1777 vinculo
954 1743 1150 1789 constringit.
1171 1741 1232 1775 Sed
1252 1754 1344 1776 motu
1359 1741 1427 1790 ipso
1436 1742 1607 1778 miscibilia
1618 1755 1669 1779 at-

276 1804 451 1830 tenuantur
463 1822 473 1836 ,
493 1798 526 1829 ὅ(
543 1795 722 1842 agitatione
731 1789 919 1835 miscentur,
934 1804 996 1840 prae
1019 1789 1158 1826 siccitate
1174 1800 1283 1825 autem
1298 1789 1415 1825 humor
1429 1790 1576 1828 diffluens
1587 1806 1669 1830 con-

279 1855 411 1879 tinetur.

315 1907 340 1937 5.
361 1893 486 1925 Mixtio
504 1889 557 1925 vel
583 1891 626 1925 est
640 1889 807 1938 perfecta,
830 1890 870 1924 de
885 1902 949 1937 qua
972 1901 1056 1924 nunc
1076 1889 1201 1936 agimus
1219 1916 1228 1931 ‚
1248 1887 1302 1922 vel
1321 1890 1514 1937 iinperfedEta
1532 1904 1540 1924 ,¹
1564 1889 1618 1925 illa
1630 1889 1668 1925 fit

277 1954 351 1976 cum
364 1938 668 1988 nihillniiscibilium
689 1941 764 1974 auu
781 1942 903 1988 percipi
923 1939 1026 1986 potest
1045 1967 1053 1980 ‚
1081 1950 1135 1972 aut
1155 1948 1223 1971 arte
1241 1938 1354 1982 educi3
1385 1939 1471 1974 secus
1503 1941 1592 1974 enim
1620 1940 1667 1974 est

275 1989 472 2038 imperfecta
498 1990 681 2032 diiunxit,
714 2001 781 2023 non
803 1988 959 2035 exquisita
983 1989 1100 2022 mixrio
1122 1997 1180 2020 :ut
1196 1999 1270 2020 cum
1292 1989 1405 2025 vinum
1425 2000 1509 2035 aqua
1524 1988 1669 2026 diluitur.

278 2041 387 2075 Mixta
397 2051 526 2086 quoque
535 2038 671 2073 dicimus
686 2037 898 2086 impersedka,
917 2040 950 2072 in
965 2049 1038 2085 quae
1057 2035 1255 2085 perfetstiora
1271 2035 1495 2081 resolvuntur,
1521 2049 1557 2073 ut
1577 2038 1670 2087 Chy-

278 2091 439 2124 micorum
457 2089 626 2136 principia.

317 2140 369 2173 Sic
381 2151 447 2173 non
463 2137 505 2170 est
519 2135 672 2183 exquisita
687 2138 752 2170 mix
759 2134 876 2179 tio,ubi
887 2135 1021 2184 aliquod
1037 2147 1079 2171 ex
1093 2135 1263 2171 elementis
1280 2134 1518 2177 dominatiir3ut
1529 2136 1561 2169 in
1571 2134 1668 2170 flam-

279 2200 332 2222 ma
347 2198 422 2229 ,aut
434 2184 575 2220 carbone
587 2183 718 2220 accenso
728 2214 736 2228 ‚
753 2196 886 2232 tumque
900 2199 998 2220 unum
1017 2184 1214 2219 elementum
1230 2183 1315 2232 quasi
1326 2184 1439 2218 formae
1454 2183 1560 2218 locum
1576 2182 1667 2218 obti-

279 2248 335 2271 net
354 2250 361 2271 :
389 2248 462 2270 cum
478 2237 510 2269 in
525 2246 602 2269 vera
623 2234 813 2282 &perfedta
825 2236 984 2270 mixtione
1000 2233 1169 2268 miscibilia
1193 2235 1300 2268 vicem
1320 2232 1493 2267 obtineant
1513 2234 1667 2269 materiae:

283 2296 323 2319 ex
340 2287 375 2318 iis
394 2286 480 2318 enim
505 2285 648 2318 mixtum
665 2286 882 2331 componitur.
908 2285 968 2317 His
994 2285 1107 2330 itaque
1130 2280 1296 2331 przemisfis
1317 2310 1326 2324 ‚
1357 2294 1427 2327 quae
1444 2285 1510 2328 jam
1530 2281 1571 2315 ab
1597 2281 1667 2316 aliis

285 2346 400 2380 migna
416 2346 452 2367 ex
468 2345 561 2380 parte
584 2331 655 2368 sunt
674 2333 856 2382 explicata,
884 2333 964 2380 quid
981 2331 1076 2368 nobis
1095 2333 1240 2367 videatur
1258 2331 1297 2364 de
1317 2332 1500 2374 mixtione,
1524 2329 1668 2366 breviter

285 2382 500 2429 aperiendum.
535 2384 584 2417 Sit
607 2383 716 2430 itaque.
