1878 2724
592 132 736 173 PARS
768 133 1013 174 TERTIA.
1415 147 1482 182 606

89 178 267 223 fle&untur
282 200 291 229 3
307 183 341 220 hi
358 183 473 234 asperae
485 185 608 220 arteriae
618 185 761 221 annullos
771 199 827 221 aut
839 188 1001 222 adducunt
1010 215 1020 230 ,
1037 197 1092 223 aut
1107 186 1324 233 diducunt'‚ut
1339 191 1431 228 sonus
1444 196 1476 230 in

91 235 131 268 iis
141 232 365 283 asperitatibus
374 235 549 283 frangatur.
568 234 669 271 Unde
687 235 841 275 animalia
860 234 992 271 resciffis
1011 236 1062 271 his
1072 239 1179 272 nervis
1193 238 1299 274 statim
1308 239 1474 277 obmutes-

93 294 180 321 cunt,

123 331 205 367 Illud
224 345 302 368 vero
315 336 424 369 omitti
435 347 501 369 non
516 333 616 369 debet
626 363 634 378 ,
649 347 687 370 ex
701 336 806 369 nervis
820 333 1058 370 recurrentibus
1077 332 1227 371 sinistrum
1240 337 1321 370 circa
1338 349 1476 384 aortam,

92 379 184 415 velut
198 383 280 416 circa
293 383 470 418 trochleam
484 382 599 418 sursum
615 383 757 426 reflecti,
770 386 844 420 &in
857 383 1024 432 laryngern
1038 382 1227 427 definere,ut
1236 384 1348 420 dexter
1361 387 1477 423 axilla-

92 440 163 463 tem
175 432 324 467 arteriam
341 432 474 480 stringit.
488 432 551 467 Vel
564 433 653 479 quod
667 432 804 467 axillaris
823 435 938 466 arteria
950 436 982 468 in
996 431 1113 467 sinistro
1128 432 1227 468 latere
1244 432 1280 468 [it
1294 434 1429 471 inferior
1442 444 1477 475 &

93 477 252 514 declivior
262 494 269 516 :
279 481 368 528 quod
385 493 502 516 nervus
517 483 596 515 circa
609 494 680 516 eam
700 480 863 516 revolutus
876 494 944 516 non
957 481 1028 515 satis
1046 479 1142 516 fixum
1155 482 1337 518 reflexionis
1351 486 1475 523 nodum

91 524 246 563 haberet:
260 529 313 563 vel
324 532 430 578 potius
444 529 478 565 hi
498 532 591 565 nervi
603 542 756 577 tanquam
772 530 860 566 fraeni
874 528 951 564 vasis
968 531 1080 579 injecti
1103 530 1258 579 sanguinis
1273 545 1400 569 motum
1425 548 1476 571 re-

86 586 180 622 gunt.
197 578 285 612 Hinc
296 589 441 613 truncum
462 591 558 613 aorrae
574 577 821 614 descendentem
834 591 951 614 nervus
971 591 1133 614 recurrens
1147 581 1273 629 stringit
1285 610 1294 625 ‚
1309 587 1342 618 δε
1357 581 1478 633 sangui-

89 635 168 658 nem
186 625 290 660 versus
313 638 408 675 caput
424 625 610 662 uberiorem
628 627 800 676 propellit,
816 630 872 675 qui
891 626 945 663 suo
962 628 1106 676 pondere
1123 629 1163 663 ad
1177 630 1348 665 inferiores
1367 644 1475 680 partes

89 671 305 710 descenderet.
327 678 379 710 Sic
398 678 497 711 etiam
517 678 549 711 in
566 675 771 725 inspiratione
784 690 857 712 cum
876 676 1045 724 pulmones
1056 675 1173 712 sursum
1192 678 1372 726 pelluntur,
1387 680 1476 719 simul

90 724 207 756 arteria
223 723 348 759 axillari
372 723 505 760 succuffa
520 730 555 762 δε
572 737 664 760 aorta
683 726 855 761 constricta
876 726 998 775 sanguis
1012 724 1126 761 sursum
1147 728 1293 762 truditur.
1318 729 1409 764 ldern
1420 743 1474 767 ac,

90 770 170 805 cidit
182 773 215 807 in
227 772 415 809 vehementi
426 773 531 822 aliqua
544 773 687 822 passione
698 803 707 817 ,
724 784 758 809 ut
769 776 802 809 in
811 777 857 808 ira
867 780 901 811 ὃ(
916 777 948 810 in
959 776 1051 810 omni
1061 776 1150 809 vocis
1161 779 1389 815 contentione:
1403 791 1473 817 tum

89 820 181 854 enim
193 833 282 856 aorta
294 821 407 857 fortius
421 822 572 858 convulsa
582 821 704 872 sanguis
718 822 834 858 sursum
845 835 987 872 urgetur.
1015 825 1105 859 Hinc
1119 826 1240 860 micant
1253 826 1338 861 oculi
1354 855 1364 870 ,
1381 833 1414 865 ὅ(
1424 829 1474 864 fa.

89 869 154 902 cies
168 869 272 906 rubet.
287 871 372 905 Curr
385 881 493 906 autem
504 883 639 918 uterque
650 883 765 905 nervus
775 883 937 906 recurrens
953 872 974 907 ὲ.
991 870 1173 906 reflexionis
1184 875 1272 908 nodo
1284 875 1390 922 plures
1407 876 1474 913 sur-

88 916 179 951 cu10s
194 919 226 953 in
236 931 291 953 cor
305 921 446 962 emittat,
459 919 534 954 hinc
546 930 634 954 tanta
647 919 693 953 est
705 921 788 954 inter
803 931 930 954 motum
940 920 1046 954 cordis
1061 925 1096 957 &
1112 932 1167 956 eos
1176 920 1311 958 affectus
1324 936 1476 972 ,quotum

87 962 156 1001 soni
169 965 237 1002 sunt
249 967 368 1002 indices
390 996 400 1011 ‚
416 967 588 1004 consenfio.
611 970 738 1003 Verum
756 968 815 1003 ista
830 997 840 1012 ,
857 981 991 1016 quaeque
1031 969 1115 1003 ostea
1134 970 1278 1006 dicemus
1299 984 1475 1024 utcumque

87 1014 225 1065 intelligi
241 1013 368 1064 potsunt
381 1028 419 1051 ex
435 1015 536 1066 figura
551 1015 694 1066 apposita
707 1045 718 1061 ,
729 1029 829 1066 quam
847 1030 888 1054 ex
899 1018 987 1054 docti
1014 1043 1020 1050 .
1040 1017 1188 1054 Vvillifio
1199 1031 1406 1060 mutuamur.>

191 1115 269 1148 cAEc
282 1113 394 1164 figura
412 1114 489 1149 duos
505 1117 664 1164 principes
686 1127 800 1150 nervos
817 1118 874 1162 qui
891 1115 937 1150 ad
945 1115 1300 1164 praecordiaferuntur,
1319 1125 1475 1170 exprimit

190 1164 280 1198 Vnus
298 1163 338 1209 est
353 1165 483 1198 interior
497 1192 507 1207 ,
520 1167 576 1210 qui
589 1163 627 1199 (ῥ’
646 1177 752 1212 vagus
760 1163 898 1198 dicitur.-
916 1165 1005 1199 illius
1019 1168 1106 1214 origo
1122 1166 1163 1211 est
1175 1194 1185 1209 ,
1196 1165 1215 1200 b
1227 1182 1235 1202 ,-
1247 1167 1271 1201 d
1280 1168 1305 1202 d
1314 1168 1354 1213 est
1359 1172 1473 1219 spina.

89 1212 174 1245 natis
187 1225 320 1256 nervus,
336 1214 485 1259 quicirca
496 1224 647 1259 quartam
661 1213 792 1247 cervicis
812 1211 994 1247 vertebram
1012 1224 1099 1248 ortus
1109 1216 1217 1260 versus
1229 1221 1250 1250 6
1263 1243 1272 1257 ‚
1288 1219 1321 1250 in
1339 1219 1473 1254 cerebel.

88 1260 157 1294 lum
170 1261 309 1301 aseendit
319 1290 329 1305 ,
343 1271 378 1294 ut
391 1274 459 1296 cum
478 1273 561 1310 vago
573 1263 758 1308 consocietur
770 1289 779 1304 ,
797 1275 871 1295 mox
886 1260 927 1295 ab
944 1274 976 1296 eo
997 1261 1177 1310 dficffurus
1198 1277 1206 1300 :
1222 1278 1291 1299 cum
1310 1276 1442 1316 uterque
1457 1268 1473 1303 ὲ

92 1310 199 1342 cranio
210 1312 279 1344 exit
289 1338 299 1353 ,
314 1321 381 1344 tum
397 1313 429 1345 in
439 1310 589 1356 musculos
604 1312 737 1345 cervicis
744 1311 924 1357 spargitur.

127 1359 199 1391 Hic
212 1370 329 1393 nervus
343 1371 446 1407 vagus
457 1361 561 1408 inipso
573 1359 730 1408 progressu
742 1360 775 1391 in
791 1358 904 1406 plexus
922 1358 1069 1406 quosdam
1085 1374 1097 1395 1
1107 1373 1138 1404 ‚3
1151 1372 1198 1405 ‚ut
1209 1363 1244 1396 in
1256 1363 1351 1397 nodos
1362 1375 1421 1399 aut
1433 1368 1468 1400 in

89 1414 223 1440 tumores
241 1407 415 1442 identidem
427 1407 590 1442 dilatatur
602 1423 613 1441 .-
632 1420 700 1441 cum
709 1408 834 1453 scilicet
845 1421 948 1443 ramos
963 1419 1021 1442 aut
1033 1412 1152 1445 emittit
1167 1439 1177 1454 ‚
1187 1422 1246 1445 aut
1265 1412 1395 1448 aliunde
1413 1427 1470 1449 ex·-

88 1456 180 1503 ct'pit.
195 1454 281 1489 Sica
296 1457 396 1504 plexu
417 1458 434 1489 I
443 1456 609 1501 surculum
630 1459 734 1490 mittit
758 1457 779 1489 I
789 1458 815 1490 F
825 1485 834 1498 ,
849 1457 880 1490 in
899 1457 1043 1506 laryngz's
1063 1460 1280 1508 cartilagines.

135 1504 302 1552 Explexu
314 1518 327 1549 3
339 1533 349 1548 ,
358 1505 466 1552 plures
474 1505 518 1538 ad
533 1517 585 1539 cor
596 1533 606 1548 ‚
619 1505 779 1553 pulmones
791 1503 829 1539 (ῥ’
845 1517 949 1539 eorum
963 1505 1132 1552 vafizfibrae
1147 1518 1351 1554 permanant.

123 1554 225 1586 Paulo
241 1552 326 1598 infra
343 1553 424 1587 hunc
429 1554 562 1600 plexum
572 1553 683 1601 prodit
699 1566 814 1587 nervus
830 1565 997 1588 recurrens.
1014 1557 1056 1590 In
1069 1555 1194 1601 finistro
1214 1556 1344 1603 quidem
1368 1558 1468 1594 latere

90 1602 200 1647 versus·
211 1603 253 1644 C,
265 1612 388 1636 aortam
401 1603 472 1647 ,seu
482 1604 635 1636 arteriam
656 1614 805 1650 magnam
820 1604 1038 1652 circumligat3
1061 1613 1127 1639 tum
1131 1606 1258 1650 sursum
1279 1605 1415 1651 reflexus
1433 1613 1468 1643 in

91 1649 258 1697 laryngem
271 1651 378 1696 versus
394 1652 421 1684 F
436 1650 578 1697 ascendit
591 1680 601 1694 ,
622 1649 661 1685 (ῥ’
681 1653 754 1685 voci
758 1650 952 1694 famulatur.
984 1653 1024 1686 In
1046 1652 1160 1688 dextro
1179 1653 1277 1689 latere
1293 1655 1469 1692 axillarem

89 1700 242 1731 arteriam
249 1698 377 1747 stringit
386 1727 397 1742 ,
404 1709 500 1748 prope
515 1700 556 1734 R.
578 1698 644 1733 Sed
655 1702 683 1733 is
696 1701 852 1747 exprffes
863 1699 1011 1745 non-fuit.

131 1747 246 1794 Vagus
258 1749 352 1794 usque
364 1751 407 1781 ad
416 1747 562 1793 infimam
579 1749 750 1783 ventriculi
758 1758 882 1796 partem
895 1751 1077 1798 porrigitur
1091 1750 1168 1795 :sed
1186 1754 1244 1798 qui
1259 1753 1467 1797 intercostalis

86 1791 219 1837 ¹dicitur,
229 1796 353 1843 longius
364 1799 506 1831 excurrit
522 1798 616 1844 usque
628 1796 674 1830 ad
684 1795 828 1841 infimum
840 1808 996 1834 ventrem.
1021 1799 1116 1832 Illius
1128 1802 1215 1847 origo
1233 1800 1275 1845 est
1290 1801 1412 1850 duplex
1426 1817 1468 1838 exi

88 1843 195 1888 quinti
212 1841 347 1891 &sexti
360 1848 450 1893 paris
461 1856 594 1891 utroque
617 1857 703 1879 ramo
719 1860 731 1878 :
748 1846 772 1878 is
792 1844 833 1889 est
851 1857 900 1879 aa
916 1873 924 1883 ,
942 1845 981 1880 Θ
996 1858 1118 1895 vagum
1129 1850 1257 1896 semper
1275 1851 1446 1886 comitatur
1453 1868 1463 1887 ς

89 1889 243 1939 amboque
251 1894 369 1927 mutuis
375 1894 514 1938 surculis
529 1896 612 1928 inter
615 1897 650 1942 se
660 1896 900 1930 communicant.
913 1895 1030 1928 Varios
1041 1908 1165 1942 quoque
1175 1895 1270 1930 habet
1281 1898 1416 1946 plexus,
1428 1911 1465 1934 ut

88 1951 128 1977 a,
141 1951 174 1974 2.
193 1942 249 1975 Ex
256 1943 356 1990 primo
368 1943 513 1986 ficrculos
533 1945 671 1987 emittit,
687 1952 754 1976 tum
769 1944 802 1977 in
826 1945 964 1990 pm'mum
991 1947 1073 1992 vagi
1084 1945 1217 1992 plexum
1228 1973 1237 1984 ,
1256 1956 1324 1980 tum
1339 1948 1375 1981 in
1383 1950 1467 1996 gula

88 1989 583 2036 musequm‚qucmSphinflerem
595 1992 918 2036 vocantAExsecundo
926 1992 1028 2039 plexu
1037 1995 1070 2026 in
1079 1994 1218 2038 asperam
1229 1997 1469 2044 arteriam‚pul-

86 2048 191 2070 mones
205 2035 244 2070 (θ’
254 2049 306 2070 cor
314 2041 422 2071 varios
434 2037 545 2071 itidem
557 2040 814 2083 mittitsttrculos,
828 2050 895 2073 tum
903 2040 1077 2073 axillarem
1086 2040 1214 2089 stringit
1223 2044 1375 2077 arteriam
1383 2047 1416 2078 in
1424 2049 1466 2081 P.

86 2086 176 2118 Mox
191 2087 284 2119 novis
291 2087 444 2133 cupiisseu
459 2087 556 2119 ramis
572 2085 808 2120 vertebralibus
822 2087 929 2120 aulius
939 2087 1072 2135 plexum
1084 2088 1176 2133 efficit
1185 2103 1221 2134 4,
1233 2092 1288 2137 qui
1295 2094 1402 2126 varios
1411 2106 1464 2127 ra..

85 2145 152 2167 mos
166 2136 268 2168 mittit
286 2135 318 2167 in
334 2136 526 2181 pracordia:
545 2145 612 2168 tum
627 2137 747 2183 integer
759 2147 887 2168 manens
901 2133 921 2169 ὰ
937 2135 1074 2184 fingulis
1090 2137 1246 2173 vertebris
1255 2152 1377 2173 ramum
1393 2140 1468 2186 inst}

78 2193 176 2231 gmm
191 2184 307 2232 accipit
330 2186 424 2231 usque
444 2183 489 2220 ad
503 2195 534 2218 os
536 2185 666 2231 sacrum
677 2199 690 2218 2.-
699 2183 842 2220 omnibus
859 2183 1033 2232 visceribus
1047 2187 1370 2237 nervosfiappeditat.

239 2426 332 2475 Tam.
354 2428 403 2477 rt
1162 2431 1305 2472 flhhh
