1878 2724
353 161 404 195 150
735 143 999 182 PHYSICAE
1036 144 1362 182 GENERALIS

351 202 416 232 tica
438 196 593 233 exhausto
621 193 719 230 craffo
739 197 812 228 ae're
841 205 1038 238 cernuntur,
1063 196 1149 230 infra
1169 196 1376 232 ostendemus
1399 208 1408 232 ε
1430 206 1504 230 curn
1527 195 1614 230 enim
1631 202 1750 246 perpa-

349 258 419 281 rum
445 245 533 281 crassi
562 247 642 279 aeris
673 254 843 278 remaneat
867 273 877 287 ‚
898 242 956 278 soli
980 245 1046 277 a'e‘ri
1071 243 1228 279 subtiliori
1249 248 1307 292 qui
1335 246 1411 281 vitri
1432 256 1553 280 meatus
1577 253 1750 294 penetzat,

348 295 436 330 locus
458 293 517 329 effe
540 293 646 342 potest
663 309 671 336 3
690 304 831 340 cumque
849 294 882 328 in
898 292 1109 329 ea-machina
1125 305 1229 340 aquae,
1249 294 1485 344 &hydrargyri
1497 294 1630 342 guttulae
1645 294 1749 344 sphae-

347 347 447 378 ticam
480 343 566 378 suam
585 341 723 391 figuram
745 354 921 386 tueantur,
948 354 1000 377 eas
1019 342 1039 378 a
1054 340 1164 378 subtili
1181 345 1358 379 ae're‘omni
1377 356 1416 379 ex
1434 356 1527 392 parte
1551 347 1655 393 premi
1672 344 1748 380 sanis

345 393 393 427 est
414 391 592 427 verifimile.

380 445 455 477 Pars
470 443 555 476 a'e'risv
563 444 659 477 tertia
672 471 683 486 ‚
704 453 809 491 eaque
830 439 1117 478 subtffiffima'nec
1131 442 1307 491 pondere,
1320 450 1392 478 vnec
1415 443 1449 477 vi
1467 442 1598 478 elastica
1615 444 1746 493 praedita

342 491 389 526 est
406 505 413 526 :
429 503 501 525 cum
521 491 606 526 illius
628 491 814 541 corpuscula
830 493 914 526 adeo
938 490 999 527 lint
1015 494 1131 540 exigua
1145 521 1155 535 ‚
1175 497 1209 528 ὃς
1230 492 1385 528 rotundae'
1402 490 1533 527 forsitan
1560 492 1669 542 figutae
1680 523 1691 538 ,
1708 504 1749 529 ut·

340 553 403 576 nec
413 539 574 576 fleffinec
583 544 901 590 comprimiqueant.
912 543 992 576 Eam
1027 540 1325 577 orro'substantiam
1342 543 1547 591 inperpetuo
1565 554 1658 578 motu
1670 556 1745 579 ver·
1759 559 1762 560 ⁷

340 589 398 625 sari
410 619 420 633 ,
435 602 472 624 ac
485 590 570 626 forte
581 594 688 626 omnis
704 599 810 627 motus
825 590 948 625 causam
963 594 991 625 el
1007 602 1025 625 e
1041 592 1222 640 principem
1241 621 1250 634 ‚
1269 590 1311 625 ab
1322 589 1434 626 occasu
1451 593 1485 626 in
1507 603 1617 626 ortum
1628 601 1746 640 peren·-

339 641 373 674 ni
390 642 539 674 motione
550 640 628 675 ferri
638 669 648 684 ,
662 653 699 675 ac
707 640 858 689 cujusque
875 642 1011 675 vorticis
1036 639 1165 675 efficere
1179 643 1374 690 vertiginem
1389 670 1397 684 ,
1414 641 1492 676 hinc
1504 641 1588 676 adeo
1602 643 1746 690 gravita-

341 700 409 724 tem
421 701 595 738 corporum
611 689 770 738 proficisci
781 689 944 724 existimat
959 689 1132 726 Cartefius.
1161 692 1284 738 Neque
1310 689 1412 725 ab‘ea
1436 688 1598 725 sententia
1617 691 1745 726 videtur

339 737 517 773 abhorrere
531 743 574 775 D.
585 741 762 774 Perrault:
783 750 970 787 quanquam
981 738 1080 787 longe
1093 738 1192 775 aliam
1204 768 1215 782 ,
1237 751 1336 788 atque
1355 752 1390 775 ut
1408 739 1488 774 mihi
1507 740 1642 787 quidem
1653 742 1746 776 vide-

340 799 391 823 tur
407 817 416 832 ‚
444 787 706 837 probabiliorem
727 791 767 824 in*
777 788 968 837 explicanda
986 800 1160 837 corporum
1177 791 1340 837 'gravitate
1355 790 1417 825 init
1434 791 1606 825 rationem.
1629 792 1744 837 Qam

337 840 451 885 utique
467 838 530 873 hoc
547 838 621 873 loco
638 852 706 874 non
726 836 890 888 possumus
909 866 918 881 ‚
935 848 972 871 ut
985 849 1042 886 par
1056 835 1134 873 effer
1154 837 1301 887 persequi
1324 868 1334 882 ‚
1372 838 1462 887 quod
1489 838 1592 874 multa
1617 851 1688 886 quae
1701 841 1745 874 ad

339 887 454 922 mundi
467 888 606 933 systema
620 893 785 936 pertinent
797 917 806 931 ‚
820 898 897 922 ante
914 883 1015 923 essent
1026 886 1217 935 explicanda
1231 902 1242 923 1:
1263 900 1361 934 quare
1377 901 1414 922 ea
1429 888 1587 923 duntaxat
1603 891 1746 938 attinget-

338 949 410 973 rnus
420 963 441 981 ,>
452 937 680 987 quae-intelligi
694 936 790 973 facile
807 947 975 986 poterunt.
986 936 1053 982 §ed
1065 938 1148 984 prius
1161 937 1298 972 Cartesii
1317 936 1478 972 sententia
1496 937 1680 973 summatim
1694 939 1744 973 est

335 987 583 1036 perstringenda
597 1017 607 1032 ‚
625 989 705 1035 quid
717 985 839 1022 habeat
855 983 1100 1034 probabilitatis
1113 1014 1124 1030 ,
1149 987 1272 1035 quidve
1287 989 1322 1022 in
1334 999 1373 1021 ea
1386 985 1485 1022 nobis
1505 990 1608 1023 minus
1622 985 1745 1036 probe-⁴

334 1047 408 1081 tur,
429 1039 537 1084 paucis
555 1038 781 1086 aperiendum⁴²
797 1059 800 1061 -

332 1089 352 1120 Ἐ
370 1101 393 1122 1.
414 1086 498 1121 Illud
515 1100 583 1122 non
598 1086 754 1122 abhorret
765 1086 786 1122 ὲ.
799 1084 986 1129 verisimili,
1012 1097 1080 1121 non
1096 1084 1229 1121 crassum
1244 1086 1346 1122 modo
1364 1087 1471 1122 'a'e'rem
1485 1116 1495 1130 ‚
1518 1086 1571 1121 sed
1591 1092 1626 1124 &
1639 1085 1741 1123 subtr.
1758 1103 1761 1105 >

335 1134 478 1180 liorem,
497 1138 567 1170 imo
580 1134 687 1184 ipsum
708 1136 827 1171 aethera
855 1138 1016 1170 continuo
1041 1145 1135 1170 motu
1169 1137 1311 1184 agitari,
1337 1149 1373 1170 ac
1399 1135 1488 1173 forte
1515 1138 1599 1171 circa
1619 1148 1740 1173 terram

336 1198 464 1233 gyrare,
492 1187 584 1221 Nam
605 1188 641 1220 in
660 1188 754 1221 Zona
770 1185 892 1220 torrida
906 1184 1055 1233 perennis
1075 1183 1131 1219 ille
1148 1186 1230 1220 aeris
1249 1184 1290 1220 ab
1310 1197 1386 1221 ortu
1412 1187 1446 1222 in
1468 1184 1616 1222 occasum
1630 1197 1740 1223 motus

335 1234 391 1268 vel
415 1233 504 1269 sensu
521 1237 697 1283 percipitur
711 1263 721 1278 ‚
744 1246 779 1269 ut
793 1233 856 1268 suo·
868 1233 942 1269 loco
966 1234 1119 1268 dicemus.
1146 1238 1185 1269 Et
1203 1245 1293 1269 certe
1306 1246 1377 1271 tum
1393 1248 1483 1270 mare
1500 1235 1603 1283 ipsum
1616 1239 1688 1285 jugi
1705 1241 1742 1274 &

334 1285 502 1331 reciproco
525 1294 619 1318 motu
639 1286 780 1332 agitetur
794 1310 804 1325 ‚
833 1284 888 1318 vix
916 1280 1063 1317 dubitare
1081 1282 1243 1329 poffumus
1261 1312 1271 1327 ‚
1306 1285 1385 1330 quin
1401 1285 1456 1318 a'e'r
1472 1283 1680 1320 circumfusus
1703 1287 1740 1322 in

338 1344 496 1381 perpetuo
520 1345 654 1380 quoque
681 1343 777 1368 motu
803 1329 944 1366 versetur
961 1359 971 1374 ‚
989 1330 1245 1380 *quaecunquelit
1269 1332 1351 1367 illius
1369 1332 1481 1368 motfis
1504 1332 1616 1376 causa,
1638 1346 1738 1381 quam
1752 1340 1761 1358 -²

335 1381 399 1416 hoc
430 1381 504 1416 loco
532 1394 599 1416 non
625 1383 828 1429 inquirimus.
858 1381 892 1415 ld
917 1393 1015 1416 unum
1039 1393 1107 1415 non
1136 1393 1260 1417 temere
1299 1382 1394 1418 statui
1419 1382 1548 1431 potest,
1582 1381 1762 1420 subtilem*

332 1434 405 1465 a'e‘ra
417 1460 427 1474 ,
447 1430 650 1467 vel-mlieta
668 1430 791 1481 ipsum,
817 1443 884 1467 non
908 1432 942 1466 in
958 1428 1078 1465 eodem
1098 1442 1234 1480 torpere>
1247 1431 1323 1467 loco
1335 1460 1345 1477 ,
1361 1431 1423 1467 vsed
1438 1433 1623 1468 continenti
1643 1437 1761 1470 motum*

331 1482 456 1529 agitari.

368 1530 499 1567 zamae}
516 1542 649 1579 quoque
659 1530 798 1566 concedi
811 1531 922 1580 potest
932 1532 1019 1580 quod
1030 1531 1146 1568 &Viris
1159 1528 1334 1567 clariffimis
1351 1530 1643 1576 est²observatum⁷,
1663 1542 1736 1575 cor-

328 1592 391 1628 pus
403 1581 519 1616 durum
537 1583 570 1615 in
580 1582 776 1616 circumacto
789 1581 892 1617 fluido
905 1581 1040 1630 positum
1059 1582 1100 1616 ad
1114 1581 1257 1616 medium
1266 1592 1277 1624 ’,
1293 1581 1347 1616 seu
1357 1580 1396 1614 ad
1411 1592 1558 1616 centrum
1568 1583 1646 1630 rapi.
1655 1584 1734 1618 Hoc

330 1632 363 1664 in
378 1632 414 1664 iis
436 1629 645 1672 vorticibus>‚
662 1632 719 1676 qui
733 1632 768 1665 in
785 1642 870 1678 aqua
890 1642 1101 1679 torquentur,
1126 1632 1290 1666 cernimus
1308 1647 1316 1674 ;
1334 1630 1366 1664 id
1387 1630 1488 1678 ipsum
1507 1633 1539 1666 in
1555 1630 1646 1679 pelvi
1658 1644 1734 1667 cum

329 1691 449 1726 aquam
465 1678 583 1715 baculo
600 1681 845 1729 circumegeris.
864 1680 980 1716 intueri
991 1680 1216 1717 licebit.Nam
1235 1679 1416 1715 immersam
1431 1679 1734 1730 ligniscobem,aut

328 1741 409 1763 cerae
432 1728 680 1776 oblignatotiae·‚
699 1741 755 1763 ant
774 1731 918 1776 corporis
937 1729 1067 1765 alterius
1095 1729 1296 1777 pulverem,
1321 1728 1465 1777 primum
1487 1742 1572 1777 aqua
1594 1728 1732 1765 celerius

327 1779 451 1825 agitata
467 1778 508 1811 ad
518 1776 599 1812 vafis
610 1777 711 1811 latera
723 1777 883 1825 disjiciet:
901 1777 1017 1813 verum
1031 1777 1087 1812 ubi
1108 1787 1214 1812 motus
1232 1776 1287 1811 ille
1306 1777 1536 1812 vehementior
1556 1776 1730 1822 resederit3

327 1837 397 1861 tum
415 1825 746 1875 aquae‘partesadhuc
760 1838 955 1871 commotae,
980 1826 1036 1861 sed
1049 1825 1218 1876 placidiori
1237 1836 1351 1870 motu,
1380 1824 1547 1874 pulverem
1565 1825 1668 1874 ipsum
1688 1830 1730 1863 ad

327 1886 475 1910 centrum
487 1874 683 1923 propellent.
708 1875 797 1910 Cum
808 1878 897 1910 enim
915 1887 1031 1911 motus·
1050 1874 1168 1923 aliquis
1187 1877 1220 1910 in
1242 1888 1324 1924 aqua
1341 1874 1545 1924 perseveret,
1559 1875 1644 1911 illius
1655 1889 1731 1925 par.

327 1924 412 1959 tesa
437 1937 549 1960 centro
570 1924 647 1960 vasis
672 1925 824 1960 recedere
837 1924 1040 1969 moliuntur,
1062 1931 1097 1963 δε
1110 1923 1248 1961 obvium
1268 1924 1437 1974 pulverem
1460 1923 1565 1961 versus
1578 1935 1728 1963 centrum

326 1975 522 2022 protrudunt
542 2003 552 2018 ,
573 1987 612 2009 ac
631 1973 686 2009 suo
701 1973 796 2010 velut
820 1973 901 2010 loco-⁷
917 1974 1122 2011 substituunt.

361 2025 440 2058 Haec
454 2026 569 2071 utique
578 2036 730 2073 magnam
749 2023 1021 2072 probabilitatem
1039 2038 1101 2074 prae
1111 2023 1141 2060 se
1152 2024 1275 2060 ferunt:
1294 2025 1500 2072 Qanquam‘
1513 2024 1534 2060 fi
1553 2024 1730 2063 discutian:

325 2082 377 2107 tur
404 2073 508 2122 paulo·
521 2072 722 2121 diligentius,
735 2071 940 2109 difficultates
957 2077 1105 2110 otientur
1119 2087 1202 2123 pene
1222 2073 1460 2111 ineluctabiles.
1473 2073 1621 2111 Primum
1636 2077 1727 2113 enim

323 2133 361 2156 ut
373 2122 485 2157 demus
503 2122 649 2158 Cartefio
663 2152 673 2167 ‚
694 2134 814 2158 terram
827 2152 837 2166 ‚
859 2136 979 2170 aquam
992 2154 1002 2169 ,
1028 2126 1100 2159 a‘e'ra
1113 2152 1123 2168 ,
1143 2122 1280 2162 &craffa
1296 2136 1434 2172 quaeque
1451 2136 1588 2172 corpora
1607 2126 1642 2159 in
1654 2122 1726 2159 flui.
1742 2140 1745 2171 j

325 2171 364 2204 da
379 2177 414 2208 δε
428 2172 568 2207 :etherea
580 2171 757 2207 substantia
773 2171 863 2207 velut
874 2172 1031 2209 fluctuare
1044 2203 1053 2217 ,
1076 2179 1109 2211 δε
1126 2172 1167 2208 ab
1190 2186 1227 2209 ea
1240 2174 1279 2207 ad
1298 2186 1448 2210 centrum
1457 2172 1615 2222 propelli,
1634 2174 1724 2220 quod
1740 2177 1744 2182 ’

324 2218 385 2255 fine
400 2221 439 2256 ad
458 2233 587 2256 motum
604 2224 709 2258 minus
721 2222 841 2257 idonea
851 2222 948 2259 :illud
960 2222 1032 2259 sane
1045 2226 1098 2258 vix
1116 2224 1251 2260 concedi
1264 2224 1369 2271 potest
1382 2251 1393 2266 ‚
1409 2234 1527 2257 terram
1540 2219 1639 2269 ipsam
1654 2232 1724 2257 tur-

325 2268 438 2305 binato
452 2283 563 2315 motu,
578 2284 614 2306 ac
631 2274 764 2307 vorticis
775 2272 887 2316 instar,
911 2273 977 2309 una
988 2286 1061 2309 curn
1070 2275 1142 2308 ae're
1154 2303 1164 2317 ,
1192 2278 1226 2310 ὅ(
1240 2271 1349 2308 subtili
1368 2273 1503 2307 materia
1520 2272 1696 2320 circumagi
1711 2276 1734 2308 ξ’

323 2318 399 2352 hinc
422 2321 598 2356 aetheream
618 2323 790 2357 materiam
809 2327 932 2371 majore
949 2335 1067 2359 conatu
1084 2322 1103 2358 ἒι
1122 2334 1234 2359 centro
1251 2322 1400 2357 recedere
1416 2348 1427 2363 ,
1444 2319 1545 2367 quam
1561 2320 1731 2355 terrestria

323 2379 456 2415 quaeque
469 2382 606 2419 corpora
622 2388 631 2415 ;
651 2370 728 2405 ilam
745 2372 828 2406 adeo
841 2374 873 2406 in
889 2385 927 2407 ea
946 2385 1082 2422 corpora
1095 2371 1261 2409 ostendere
1274 2400 1285 2418 ‚
1306 2375 1340 2408 ὀί
1356 2368 1412 2407 suo
1423 2368 1498 2407 loco
1515 2367 1604 2407 velut
1614 2367 1723 2412 substi-¹

319 2426 436 2461 tuere,
466 2431 502 2453 ac
539 2419 688 2457 deorsum
719 2420 897 2470 impellere.
