1878 2724
310 106 361 137 46
674 92 956 130 PHYSICAE
989 92 1336 128 GENER‘ALIS

311 144 430 181 ficitur.
443 144 529 178 Cum
545 145 634 179 enim
647 155 762 190 corpus
777 139 941 176 effentiam
958 140 1044 175 suam
1056 153 1220 176 mutuetur
1230 140 1270 175 ab
1284 143 1320 174 iis
1333 137 1491 188 partibus,
1501 138 1618 187 quibus
1631 152 1713 175 con-

311 195 370 229 stat
386 222 395 236 ‚
412 195 627 228 mutationem
645 191 769 226 nullam
788 189 872 224 subit
886 219 896 233 ‚
926 188 981 224 nisi
999 190 1081 224 illius
1103 202 1208 237 partes
1223 189 1337 224 itidem
1361 201 1565 225 moveantur.
1598 191 1715 241 Qn-

316 243 373 277 diu
393 246 479 278 enim
492 243 623 276 minuta:
641 239 756 286 quibus
770 239 896 273 constat
910 267 919 281 ,
945 250 1053 287 partes
1072 239 1214 273 eundem
1234 241 1318 273 inter
1342 237 1371 272 se
1388 238 1535 272 ordinem
1561 237 1687 274 servs-nt
1706 266 1717 280 ‚

317 304 384 327 tum
401 304 449 325 res
467 304 507 325 nt·
521 289 621 324 altera
637 288 768 335 quidem
783 288 924 322 videtur.
944 291 989 323 Ac
1009 286 1030 322 si
1044 286 1210 335 particulae
1231 299 1269 321 ex
1288 286 1406 333 quibus
1426 292 1608 322 contexitur
1629 317 1638 331 ,
1661 298 1718 321 aut

316 352 475 376 novarum
503 336 622 381 accellh
648 338 719 372 aliae
739 335 780 370 ab
796 337 869 371 aliis
889 336 1108 379 divellantur,
1125 347 1179 370 aut
1202 337 1219 371 ὲ
1245 347 1357 369 contra
1377 334 1567 383 quibusdam
1585 335 1718 384 expulsis

317 390 419 436 magis
434 387 535 435 quam
555 398 651 421 antea
663 386 847 429 metentur,
869 398 922 421 aut
934 397 1131 434 quocunque
1145 384 1211 426 alio
1227 383 1328 419 modo
1348 383 1368 419 ὲ
1383 384 1512 432 pristino
1533 386 1648 421 ordine
1667 398 1719 420 re-

319 438 438 471 cedant
450 465 459 479 ,
482 448 550 470 tum
567 435 638 471 sane
652 448 701 470 res
713 446 767 469 aut
778 447 928 483 corrupta
939 464 948 479 ,
967 434 988 470 si
1003 434 1087 470 nihil
1104 446 1216 469 eorum
1236 445 1309 480 quae
1330 434 1406 468 anre
1424 432 1633 480 conspexerat
1652 434 1722 470 sen-

319 484 640 528 sus,anims.dverrit·,
661 496 716 519 aut
734 483 845 519 saltem
863 484 999 519 alterata
1015 481 1182 519 videbitur
1198 496 1204 517 :
1223 480 1347 517 tametsi
1365 481 1485 516 eaedem
1501 480 1586 517 forte
1603 496 1722 530 patrm,

320 533 373 571 sed
394 533 489 568 aliter
501 533 657 583 dispositae
670 540 701 571 δε
718 532 932 569 conformatae
945 543 1132 576 remanent,
1157 544 1194 566 ac
1208 543 1313 566 motus
1328 532 1465 578 partium
1478 542 1521 566 ex
1543 531 1659 578 quibus
1673 545 1724 567 res

321 585 535 632 componitur
546 613 555 627 ,
569 583 652 618 hanc
663 581 882 618 diversitatem
894 582 1027 618 inducit.
1047 584 1160 618 Partes
1180 592 1289 616 autem
1312 579 1373 614 illae
1387 590 1453 613 tam
1465 581 1596 614 minutae
1614 586 1646 618 &
1659 583 1725 615 exi-

323 632 369 668 les
388 645 454 667 non
478 630 520 666 ab
538 631 604 666 alio
621 632 722 680 quam
739 630 759 667 a
779 631 888 667 subtili
907 632 1054 679 quodam
1074 642 1210 678 corpore
1230 629 1345 664 cuncta
1373 640 1565 677 permeante
1600 641 1727 665 mutan-

324 682 504 728 tur-‚idque
516 694 631 730 corpus
646 681 666 717 ἐι
686 681 751 716 sole
764 710 774 725 ,
793 693 847 716 aut
865 680 906 715 ab
930 679 999 715 aliis
1017 678 1169 716 sideribus
1189 681 1307 728 jugiter
1320 677 1403 713 fluit.

364 733 453 766 Hinc
467 733 553 765 veris
565 741 715 779 tempore
731 731 809 765 dum
822 730 905 764 succi
918 742 1001 776 quos
1014 730 1134 778 hyeme
1157 740 1240 763 terra
1258 727 1345 762 fovit
1357 756 1368 770 ,
1388 726 1408 762 ὲ
1425 726 1533 763 calore
1549 726 1622 763 solis
1640 755 1650 769 ,
1672 736 1731 761 aut

326 779 434 816 subtili
446 791 583 828 corpore
594 781 751 828 exagitati
766 780 799 814 in
815 778 992 814 seminibus
1007 807 1017 821 ‚
1037 789 1092 812 aut
1113 776 1230 826 plantis
1249 789 1375 812 meatus
1397 774 1454 811 fibi
1474 789 1604 826 aptatos
1623 775 1729 811 offen-

326 830 409 865 dunt
421 858 430 872 ‚
452 829 510 864 hos
524 830 658 876 quidem
668 827 804 864 subeunt
815 841 912 877 poros
926 842 934 864 :
948 827 1001 863 sed
1013 827 1071 863 ubi
1085 839 1139 861 aut
1150 827 1266 862 nimius
1277 825 1365 861 calor
1377 830 1577 874 patentiores
1590 837 1730 869 meatus,

328 891 385 914 aut
403 880 542 913 nimium
561 878 659 927 frigus
678 878 876 926 angustiores
892 875 1016 922 efficit,
1036 888 1105 911 tum
1125 876 1226 919 succi,
1241 888 1294 909 aut
1308 876 1393 910 resta
1407 875 1652 923 pertranseunt,
1670 887 1731 910 nec

327 939 495 964 morantur
513 944 522 971 3
544 928 596 963 vel
612 929 750 963 omnino
768 926 874 962 subire
896 937 1081 974 nequeunt,
1095 937 1132 960 ac
1147 922 1271 960 necesse
1289 924 1332 959 est
1348 924 1402 958 vel
1417 924 1538 960 semina
1553 953 1562 968 ‚
1574 924 1626 960 vel
1638 923 1732 973 plan-

328 988 378 1011 tas
394 978 626 1025 emorizatque
644 979 678 1012 in
693 976 752 1012 hac
764 976 949 1025 plantarum
965 988 1006 1010 ve
1032 976 1180 1010 eratione
1198 972 1279 1009 nihil
1294 975 1431 1009 occurrit
1443 985 1554 1022 praeter
1573 972 1734 1009 motum&

329 1025 439 1061 subtili
456 1038 594 1074 corpore
607 1025 795 1074 profestum
810 1055 820 1069 ,
839 1031 874 1063 &
891 1027 986 1061 certis
1008 989 1141 1073 <iegibus
1166 1023 1444 1071 progredientem.

366 1074 519 1110 Secundo
533 1104 542 1118 ‚
562 1074 714 1122 cujusque
726 1078 870 1123 corporis
886 1086 995 1123 partes
1014 1076 1113 1108 etiam
1134 1071 1302 1107 solidiores
1317 1100 1326 1114 ‚
1348 1073 1390 1105 ita
1408 1071 1477 1106 sunt
1494 1073 1579 1105 inter
1599 1069 1630 1104 se
1652 1083 1734 1107 con-

330 1136 425 1160 nexae
439 1152 448 1166 ‚
468 1135 504 1158 ut
523 1122 669 1158 infinitos
687 1135 790 1171 prope
801 1134 924 1158 meatus
937 1123 1112 1158 admittant
1124 1150 1134 1165 ,
1151 1122 1209 1169 qui
1222 1119 1277 1155 vel
1302 1119 1371 1155 fiant
1383 1122 1511 1169 penitus
1525 1120 1636 1155 inanes
1650 1148 1660 1163 ,
1679 1119 1735 1155 vel

331 1172 444 1208 subtili
458 1174 596 1207 materia
616 1172 802 1221 implentur.
817 1175 939 1219 Neque
954 1174 1044 1209 enim
1060 1173 1112 1205 aer
1129 1171 1297 1213 marmoris
1316 1196 1326 1211 ,
1351 1181 1408 1204 aut
1421 1171 1518 1211 vitri,
1543 1179 1596 1203 aut
1607 1168 1736 1204 metalli

332 1220 439 1256 subire
450 1221 558 1268 potest
575 1234 654 1256 caeca
671 1220 853 1258 foramina:
868 1221 969 1267 idque
987 1218 1180 1255 luculentius
1202 1229 1293 1266 patet
1314 1229 1352 1251 ex
1376 1220 1505 1266 nuperis
1528 1218 1614 1251 circa
1637 1219 1736 1253 inane

333 1271 429 1306 fastis
443 1271 690 1318 experimentis.
708 1269 803 1305 Nihil
816 1271 903 1304 enim
921 1269 1079 1304 summam
1092 1267 1168 1302 tubi
1178 1278 1303 1316 partem
1322 1277 1439 1314 praeter
1451 1265 1604 1301 subtilem
1615 1266 1737 1302 aethera

334 1318 470 1367 implere
486 1319 588 1367 potest
605 1348 616 1363 ,
633 1318 691 1354 ubi
707 1318 924 1369 hydr-argyrus
939 1317 994 1354 seu
1010 1328 1179 1368 argentum
1196 1318 1310 1353 vivum
1331 1315 1371 1348 ad
1389 1315 1576 1351 consuetam
1593 1314 1738 1351 altitudi-

334 1381 411 1404 nem
430 1367 583 1404 ascendit.

372 1416 489 1453 Tertio
503 1447 509 1459 ,
525 1417 659 1452 fluidum
676 1429 791 1466 corpus
806 1416 826 1452 a.
843 1416 924 1451 duro
939 1427 1005 1450 non
1025 1413 1091 1449 alio
1105 1412 1287 1449 discrimine
1305 1413 1499 1463 sejungitur,
1521 1413 1622 1461 quam
1646 1415 1738 1462 quod

337 1467 405 1501 duri
428 1469 573 1514 corporis
592 1479 699 1515 partes
710 1478 826 1501 omnes
843 1464 901 1501 fint
915 1467 1062 1499 immotae
1078 1493 1087 1508 ,
1105 1463 1221 1511 liquidi
1236 1461 1316 1498 vero
1334 1475 1440 1511 partes
1453 1461 1504 1496 vel
1521 1463 1737 1501 minutiffimae

337 1515 401 1551 huc
413 1515 489 1550 illuc
505 1518 728 1562 agitentur,ut
743 1515 798 1551 suo
813 1515 888 1549 loco
906 1512 1206 1548 demonstrabimus.
1221 1512 1285 1548 Sed
1300 1512 1354 1547 ille
1370 1523 1476 1547 motus
1490 1510 1622 1548 aliunde
1636 1513 1739 1562 quam

338 1564 359 1599 ὲ
371 1567 506 1599 materia
525 1564 632 1600 subtili
650 1567 728 1599 oriri
747 1577 815 1600 non
832 1563 948 1611 potest.
967 1563 1055 1597 Cum
1074 1564 1161 1598 enirn
1174 1563 1291 1596 cuneta
1302 1572 1473 1609 penetret,
1493 1574 1608 1597 omnes
1620 1575 1740 1612 corpo-

338 1626 410 1649 rum
429 1625 535 1648 motus
555 1611 676 1658 efficit3
698 1626 757 1649 nec
772 1625 885 1660 corpus
906 1611 997 1659 quod
1020 1622 1116 1647 antea
1146 1609 1356 1659 quiescebat,
1383 1611 1511 1645 moveri
1529 1612 1660 1658 potest,
1683 1610 1741 1649 nifi

338 1661 381 1697 ab
399 1662 464 1697 alio
479 1662 532 1698 vel
555 1663 766 1712 impellatur,
786 1661 840 1697 vel
858 1663 1030 1696 excitetur.

384 1710 531 1763 Qrto,
550 1712 627 1746 hinc
642 1711 735 1746 multi
752 1710 954 1759 explicantur
966 1720 1086 1743 naturae
1100 1707 1235 1743 effeetus
1246 1736 1256 1750 ,
1280 1719 1418 1754 quorum
1434 1707 1521 1742 nulla
1541 1707 1647 1755 potest
1675 1708 1738 1744 alia

325 1763 425 1794 ratio
455 1759 508 1794 vel
530 1759 710 1808 probabilis
728 1758 837 1795 afferri
854 1772 861 1794 :
879 1771 918 1793 ex
932 1756 1068 1792 infinitis
1079 1769 1182 1805 prope
1195 1768 1315 1799 unum,
1330 1767 1386 1791 aut
1407 1756 1545 1791 alterum
1558 1756 1740 1805 seligamus.

344 1809 510 1856 Qaeritur
522 1810 602 1856 quid
613 1811 730 1845 vitrum
746 1807 941 1857 pellucidum
963 1805 1099 1850 efficiat,
1114 1805 1194 1853 quid
1208 1805 1287 1840 illud
1307 1817 1357 1840 tot
1367 1808 1454 1854 poris
1472 1811 1505 1843 &
1520 1817 1596 1854 apte
1611 1806 1741 1855 dispofi-

343 1859 383 1892 tis
403 1858 570 1906 perforet,
588 1871 623 1894 ut
643 1859 757 1894 lumini
769 1856 932 1893 transitum
943 1855 1095 1905 praebeat.
1115 1857 1161 1892 Ac
1172 1853 1325 1903 profe&o
1336 1855 1452 1890 cundia
1469 1854 1669 1904 perlustranti
1686 1859 1740 1892 vix

344 1906 431 1942 aliud
445 1920 592 1944 occurret
608 1908 715 1956 quarn⁴
734 1906 858 1945 subtilis,
881 1907 1040 1950 materia,
1060 1918 1129 1954 quae
1146 1903 1205 1940 sibi
1226 1915 1320 1954 aptos
1344 1916 1471 1940 meatus
1498 1906 1741 1944 accommodat.

345 1956 432 1992 Cum
458 1959 579 1993 vitrum
603 1959 620 1994 ὲ
648 1958 781 1994 fornace
797 1958 950 1992 eduaum
967 1954 1041 1991 loco
1052 1955 1220 2004 frigidiore
1234 1955 1419 2003 reponitur,
1445 1954 1549 1989 statim
1564 1954 1696 1999 diffilir,
1707 1961 1741 1993 &

345 2004 504 2055 frangitur
516 2036 525 2049 ,
550 2008 639 2055 quod
662 2018 787 2042 meatus
801 2008 942 2055 partium
965 2007 1160 2040 exteriorum
1178 2006 1270 2039 citius
1292 2016 1353 2052 prae
1370 2003 1492 2052 frigore
1508 2004 1740 2050 occludantur,

338 2052 446 2101 ‘quam
461 2055 597 2103 quisunt
615 2059 806 2092 interiores:
825 2056 911 2091 unde
928 2053 1092 2092 &subtilis
1112 2056 1254 2090 materiae
1266 2056 1349 2090 intus
1364 2050 1489 2088 inclusae
1501 2081 1511 2095 ‚
1529 2059 1615 2104 cujus
1632 2066 1741 2101 partes

347 2103 420 2140 sunt
443 2104 636 2153 majusculae,
654 2105 809 2142 inhibent
825 2108 955 2140 exitum.
984 2107 1066 2139 Haec
1080 2106 1178 2153 igitur
1195 2106 1315 2146 quietis
1336 2105 1510 2152 impatiens
1527 2105 1560 2138 in
1576 2102 1741 2138 solidiores

349 2155 427 2188 vitri
438 2167 543 2203 partes
561 2157 715 2204 impingit
727 2185 735 2198 ‚
754 2161 787 2192 &
799 2157 918 2190 vitrum
935 2154 1124 2205 confringit.
1146 2156 1220 2191 Nec
1235 2153 1297 2189 alia
1321 2153 1407 2188 forte
1424 2154 1563 2188 occurrit
1580 2153 1666 2187 ratio
1686 2164 1742 2187 cur

350 2204 433 2238 vitra
447 2204 608 2239 interdum
623 2202 802 2253 sua‘sponte
818 2204 978 2240 diffiliant.

389 2253 518 2300 Qinto
530 2283 538 2296 ‚
564 2255 639 2290 hinc
657 2253 727 2289 sitis
740 2267 815 2301 apte
828 2255 983 2303 explicari
997 2254 1103 2301 potest
1122 2253 1273 2289 mirabile
1287 2253 1363 2289 illud
1377 2252 1615 2299 phaenomeiion
1627 2278 1636 2293 ,
1653 2251 1742 2296 quod

351 2302 384 2334 in
416 2302 563 2350 lacrymis
601 2307 710 2339 vitreis
729 2304 854 2351 aliquot
883 2303 1002 2338 abhinc
1021 2306 1111 2339 aunis
1133 2307 1150 2341 ὲ
1176 2303 1297 2339 l‘ruffia
1326 2301 1431 2336 allatis
1452 2302 1623 2337 cernimus.
1652 2302 1741 2336 Nam

351 2350 504 2397 penusx,
524 2366 580 2388 aut
596 2354 733 2399 limatae,
757 2365 813 2390 aut
839 2366 930 2403 parte
955 2353 1101 2403 oblonga
1118 2354 1239 2391 rcsesta
1252 2382 1264 2399 ,
1296 2353 1402 2389 statim
1426 2363 1499 2387 cum
1519 2350 1654 2399 strepitu
1675 2352 1744 2385 exi-
