1878 2724
305 140 364 180 (538
803 139 829 173 Ρ
852 137 887 173 H
907 134 941 172 Y
959 134 980 172 S
994 133 1009 171 1
1030 134 1061 171 C
1078 129 1118 169 AE

303 205 373 227 reas
391 190 572 226 vermiculis
594 187 728 223 refertas
742 186 932 235 proferunt:
946 198 1052 234 neque
1065 185 1099 221 hi
1111 194 1149 218 ex
1167 183 1240 220 ovis
1258 182 1438 220 muscarum
1452 185 1612 234 prodiere.
1635 188 1724 224 Suos

306 253 442 289 quoque
458 238 650 274 vermiculos
666 234 789 272 habent
802 235 985 285 gallazulae‚
1002 247 1073 283 quae
1088 236 1121 269 in
1132 232 1267 269 nervosa
1277 245 1368 282 parte
1379 234 1451 270 folii
1464 235 1530 284 fagi
1546 235 1686 287 affurgun
1693 251 1720 281 t,

308 303 408 338 atque
420 292 455 323 iis
471 301 527 337 per
540 286 673 323 fibrillas
684 285 904 322 adhaerescunt
918 300 928 322 ι
945 286 1030 320 adeo
1049 296 1084 320 ut
1099 296 1237 334 germen
1250 284 1417 331 quoddam
1431 314 1443 330 ‚
1469 297 1523 334 aut
1542 285 1648 323 semen
1667 299 1718 322 tu..

307 339 435 375 berculi
456 340 563 387 ptimo
582 337 674 371 aditu
688 337 867 372 videantur.

343 391 424 437 Qo
433 400 543 422 autem
557 387 657 421 modo
676 385 789 421 niuscae
803 415 812 429 ‚
828 391 862 423 &
873 386 989 422 culices
1001 397 1065 420 ova
1076 384 1128 419 fiia
1145 385 1178 420 in
1193 384 1285 434 gallis
1296 385 1484 434 deponant,
1502 384 1640 420 traCRatu
1655 396 1721 421 ter-

307 439 355 473 tio
367 437 511 472 secundae
527 438 624 484 partis
639 448 678 470 ex
689 439 732 472 D.
742 436 929 485 Malpighio
947 434 1014 470 fuse
1026 435 1173 469 diximus.
1192 437 1241 476 Ac
1251 433 1322 470 saris
1340 432 1509 470 verisimile
1533 435 1578 470 est
1596 435 1717 470 muscas

305 487 421 522 aculeis
434 484 492 521 suis
504 488 599 530 uti‚ut
616 484 755 520 sui-culos
780 489 960 521 teneriores
985 485 1162 533 perforent.
1181 484 1355 534 Cujusdam
1370 484 1480 520 culicis
1500 487 1555 532 qui
1571 487 1603 520 in
1625 485 1721 534 gallis

306 536 441 572 formari
457 535 536 571 solet
549 565 558 579 ‚
576 548 690 585 typum
710 535 912 584 &spiculum
933 534 1083 570 describit
1103 533 1316 583 Malpighius.
1335 534 1451 583 Vespae
1476 534 1623 569 aculeum
1641 546 1718 570 ante

306 586 435 633 aliquot
449 598 550 621 annos
565 588 624 622 Vir
645 584 835 629 ClarillJD.
863 585 1010 627 Estierme
1029 585 1217 620 Canonicus
1233 583 1441 620 Carnutenfis
1454 583 1552 619 nobis
1567 583 1719 619 exhibuit

306 635 509 670 delineatum
523 664 532 677 ‚
557 640 643 684 cujus
661 634 795 684 figuram
814 637 848 670 in
864 634 985 670 tabella
1001 634 1058 669 ult.
1076 636 1193 669 intueri
1211 633 1299 670 licet.
1312 636 1351 678 A,
1371 633 1444 670 sunt
1461 645 1566 683 partes
1582 633 1720 669 carnosa:

308 695 463 733 tanquam
476 685 615 721 musculi.
630 687 653 718 B
666 715 674 727 ,
694 686 736 719 est
746 684 849 720 aculei
867 697 981 732 corpus
995 696 1003 718 z
1016 685 1066 728 C,
1089 683 1253 718 orificium
1275 683 1381 719 tubuli
1395 687 1419 720 E
1436 685 1460 718 B
1476 698 1487 719 :
1506 683 1616 732 spiculi
1632 683 1718 731 quasi

307 747 421 769 mucro
432 747 569 770 corneus
582 735 623 769 est
640 738 690 770 D:
705 745 740 769 ut
757 736 787 768 G
803 734 849 769 est
859 733 995 769 vesicula
1008 733 1098 768 succo
1114 733 1211 782 plena
1223 762 1232 776 ‚
1251 746 1389 782 quaeque
1403 735 1624 769 communicat
1643 746 1739 775 cumps

309 783 389 818 tubo
400 787 423 819 E
434 814 443 827 ‚
458 789 492 821 δε
507 786 589 819 inter
599 785 680 819 duos
691 796 810 819 nervos
829 786 849 819 F
860 814 869 826 ,
887 786 1083 819 continetur.
1101 785 1149 818 Hi
1164 786 1257 818 nervi
1272 783 1440 819 vesiculam
1453 794 1603 831 premunt
1619 812 1629 826 ‚
1640 781 1717 818 cum

308 832 407 881 vespa
418 833 565 869 aculeum
576 834 745 877 extendit,
759 833 920 882 utinfigat
930 862 940 877 ,
959 839 991 870 &
1004 833 1109 880 liquor
1122 834 1153 867 in
1163 833 1311 868 canalem
1324 836 1348 869 E
1361 835 1564 881 exprimitur,
1581 843 1647 868 tum
1661 845 1729 881 peri

308 883 463 930 punfflim
475 882 505 917 C
517 912 526 926 ,
538 883 600 917 sese
616 895 780 917 exonerat.
803 885 849 918 Ac
859 883 954 917 dolor
975 882 1062 917 forte
1077 894 1114 916 ex
1134 894 1175 915 eo
1194 882 1321 929 liquore
1339 882 1561 932 proficiscitur.
1577 885 1606 917 ls
1629 885 1717 918 enim

308 932 392 966 adeo
404 932 450 966 est
463 930 689 974 cori-olivus,ut
704 931 796 966 cultri
811 931 976 965 lamellam
991 931 1121 965 exedat.
1135 932 1235 977 Qod
1250 930 1280 966 se
1296 944 1467 980 expertum
1482 930 1543 966 effe
1563 933 1623 966 Vir
1644 935 1718 968 Do-

310 980 463 1017 stiffimus
480 981 622 1017 testatur.
638 984 671 1015 In
686 982 808 1027 puano
819 982 852 1015 H
871 981 935 1014 duo
950 992 1042 1014 nervi
1063 981 1187 1013 co'e'unt-
1211 981 1238 1014 L
1251 1008 1261 1023 ‚
1279 980 1386 1029 plures
1400 994 1440 1015 eo
1455 980 1518 1014 loci
1538 992 1637 1015 venas
1656 981 1718 1015 dis-

307 1029 411 1077 persas
430 1028 577 1072 exhibet.
596 1033 605 1062 l
625 1029 692 1063 suut
705 1029 771 1062 duo
783 1041 921 1076 corpora
934 1027 1051 1062 hirsuta
1067 1055 1076 1070 ‚
1098 1039 1251 1073 tanquam
1269 1029 1397 1076 pulvilli
1413 1059 1423 1072 ,
1447 1032 1482 1063 in
1504 1029 1619 1075 quibus
1639 1043 1714 1065 acu-

308 1079 398 1114 leum
412 1079 560 1113 recondit
574 1108 584 1122 ‚
601 1077 676 1113 cum
688 1091 728 1112 eo
739 1091 808 1113 non
816 1080 918 1113 utitur
928 1106 938 1121 ,
949 1083 981 1115 ὃς
993 1080 1074 1113 intus
1084 1076 1240 1114 retrahit:
1257 1077 1310 1113 sed
1323 1077 1363 1113 eo
1374 1079 1543 1114 redeamus
1565 1078 1649 1112 unde
1666 1078 1726 1114 su-‘

310 1141 378 1163 mus
393 1127 515 1176 egreffi.

344 1180 395 1212 Sic
417 1177 513 1226 fungi
529 1177 704 1225 putrefaffi
720 1206 727 1220 ‚
743 1190 778 1212 ut
796 1177 1034 1225 lupicrepitus‚
1059 1190 1186 1212 vermes
1202 1174 1380 1225 proferunt.
1397 1179 1466 1225 Qi
1484 1187 1574 1212 terrae
1590 1177 1717 1223 adhuc,

309 1239 364 1262 aut
381 1225 553 1261 arboribus
566 1227 686 1262 haerent
697 1227 805 1276 fungi,
821 1227 988 1273 quoddam
1007 1230 1124 1263 vermis
1150 1240 1252 1277 genus
1281 1226 1418 1274 pilosum
1436 1228 1628 1268 recondunt.
1650 1231 1718 1264 Hic

310 1276 444 1324 quidem
459 1272 710 1325 nondegencrat
727 1278 759 1311 in
774 1290 874 1310 ovum
890 1305 899 1320 ,
925 1274 977 1310 sed
999 1275 1068 1311 fere
1079 1290 1113 1312 ut
1128 1275 1278 1325 bombyx
1291 1305 1301 1320 ‚
1325 1275 1379 1311 suo
1397 1275 1427 1311 se
1453 1276 1603 1311 fasciculo
1628 1280 1716 1314 tenui

309 1325 455 1360 involvit
467 1355 476 1369 ,
497 1338 565 1360 tum
577 1328 697 1361 exaesis
709 1326 838 1373 aliquot
852 1324 968 1360 diebus
982 1330 1014 1361 in
1031 1326 1172 1362 muscam
1185 1337 1333 1360 mutatur.

343 1375 541 1423 Responderi
549 1376 649 1421 potest
661 1387 699 1410 ex
711 1376 761 1410 his
776 1381 809 1411 &
823 1374 892 1409 aliis
908 1375 1050 1423 plurimis
1063 1389 1133 1423 quae
1144 1375 1337 1411 observavit
1348 1377 1430 1409 circa
1442 1374 1638 1412 institorum
1650 1378 1717 1411 ori-

309 1426 419 1473 ginem
439 1423 616 1467 Franciscus
631 1426 723 1468 Redi,
739 1426 769 1459 id
783 1424 913 1473 colligi,
934 1424 1054 1459 insera
1071 1438 1153 1474 pene
1163 1427 1271 1460 omnia
1286 1438 1327 1461 ex
1346 1426 1417 1460 ovis
1430 1454 1439 1467 ‚
1454 1437 1509 1460 aut
1519 1425 1715 1473 quibusdam

309 1474 493 1522 primordi-is
504 1503 513 1517 ‚
525 1486 592 1521 quae
603 1488 668 1508 ova
677 1475 820 1509 referunt
832 1504 840 1517 ,
860 1473 955 1510 nasci.
972 1475 1131 1518 Quamvis
1149 1475 1235 1509 forte
1251 1488 1319 1509 non
1337 1472 1459 1509 necess'e
1474 1473 1510 1509 fit
1528 1487 1564 1509 ut
1581 1473 1624 1509 ab
1642 1475 1714 1510 aliis

311 1523 530 1558 animantibus
543 1522 683 1572 ejusdcm
702 1523 817 1572 speciei
833 1524 901 1558 haec
921 1536 983 1558 ova
997 1526 1186 1572 prodierint.
1210 1525 1311 1571 Qod
1328 1525 1367 1558 de
1382 1523 1550 1559 vermibus
1563 1553 1574 1567 ‚
1602 1527 1658 1572 qui
1681 1527 1715 1559 in

309 1572 400 1621 gillis
416 1573 527 1609 &aliis
544 1572 700 1608 frmitibus
716 1573 915 1617 formantur,
933 1573 1061 1608 videtur
1073 1573 1246 1622 probabile
1263 1588 1271 1610 ε
1297 1574 1329 1607 id
1354 1574 1443 1608 enim
1465 1572 1554 1608 forte
1576 1575 1714 1608 concedi

310 1621 428 1669 poffit,
446 1625 479 1657 in
495 1622 687 1670 quibusdam
704 1622 820 1672 plantis
839 1636 911 1657 eam
932 1634 1051 1658 naturae
1065 1623 1171 1673 legem
1187 1621 1248 1657 else
1264 1623 1491 1665 constitutam,
1508 1634 1544 1657 ut
1566 1623 1690 1658 fruetus
1702 1651 1714 1666 ,

310 1669 408 1705 flores
422 1700 430 1714 ‚
447 1671 526 1706 folia
541 1701 550 1715 ‚
568 1684 623 1707 aut
639 1672 802 1707 tubercula
814 1674 973 1707 vermium
988 1675 1193 1717 generationi
1205 1670 1398 1708 inserviant:
1417 1672 1501 1707 adeo
1509 1684 1545 1707 ut
1553 1685 1622 1708 non
1631 1672 1714 1715 casu,

310 1734 376 1755 non
390 1721 599 1755 tumultuario
618 1722 855 1757 elementorum
866 1720 1050 1770 congrelsu3
1067 1722 1117 1757 sed
1133 1733 1289 1770 perpetua
1307 1734 1429 1757 naturae
1449 1721 1521 1770 lege
1537 1734 1663 1756 vermes
1678 1724 1713 1756 in

310 1770 428 1818 plantis
442 1771 643 1816 formentur,
670 1778 702 1809 &
715 1772 849 1820 quisque
863 1772 1053 1820 plerumque
1066 1774 1098 1808 in
1113 1770 1341 1808 animalculum
1359 1770 1415 1806 suae
1439 1770 1555 1819 speciei
1570 1771 1714 1807 volitans

311 1818 419 1857 abeat.

343 1870 380 1903 Id
400 1882 511 1905 tamen
526 1870 630 1915 nullis,
644 1883 678 1904 ur
695 1883 773 1918 puto
785 1901 794 1913 ,
806 1874 1034 1919 experimentis
1045 1871 1176 1920 probari
1188 1872 1313 1918 potest,
1331 1871 1450 1906 inseeta
1465 1872 1498 1905 in
1513 1870 1630 1917 plantis
1641 1871 1713 1919 ipfis

311 1922 455 1965 generari
471 1919 539 1954 :sed
556 1920 631 1953 illud
646 1921 688 1953 est
700 1920 912 1963 verisimilius,
927 1924 958 1955 in
969 1921 1088 1967 plantis
1107 1920 1224 1956 inserita
1240 1920 1429 1954 alimoniam
1442 1920 1599 1954 duntaxat
1619 1922 1714 1955 inve.

311 1969 399 2010 nire,
423 1965 541 2002 semina
554 1980 663 2002 autem
676 1981 715 2002 ex
733 1969 803 2002 aliis
823 1970 1024 2003 animalculis
1039 1968 1179 2017 ejusdem
1199 1972 1325 2017 generis
1347 1967 1514 2017 proficisci.
1537 1969 1637 2004 Unde
1650 2000 1659 2014 ‚
1676 1981 1713 2005 ut

310 2015 499 2051 observavit
508 2019 565 2052 Vir
580 2016 756 2052 acutissimo
769 2047 778 2061 ‚
794 2031 866 2052 cum
881 2021 1007 2053 viveret
1020 2021 1213 2068 iiigenioJo.
1230 2017 1608 2060 vaamerdam,inse6ta
1622 2032 1714 2066 quae-

311 2065 386 2100 dam
396 2069 547 2102 extremis
560 2065 687 2101 salicum
699 2065 825 2103 surculis
835 2081 898 2102 ova
914 2067 1105 2111 inserunt‚ex
1116 2067 1235 2116 quibus
1245 2068 1313 2116 post
1328 2067 1456 2115 aliquot
1467 2068 1589 2103 menses
1605 2069 1714 2116 quod-

311 2114 385 2150 dam
396 2116 507 2150 musca:
520 2128 574 2150 aut
584 2115 720 2150 culicum
730 2129 829 2165 genus
845 2118 1020 2153 excluditur
1037 2121 1089 2152 Sic
1104 2131 1141 2152 ex
1154 2120 1192 2151 iis
1207 2117 1371 2152 vermibus
1382 2121 1438 2165 qui
1449 2119 1481 2153 in
1497 2117 1590 2167 lignis
1600 2117 1719 2166 passim.

311 2176 483 2200 occurrunt
496 2195 505 2209 ‚
523 2161 852 2213 papiliones'majores
870 2170 924 2213 qui
941 2170 1041 2202 noem
1059 2167 1220 2212 volitant,
1239 2181 1311 2202 cum
1331 2167 1462 2203 formati
1489 2168 1625 2211 fuerint,
1647 2180 1713 2203 ova

312 2214 346 2247 in
358 2213 506 2249 salicibus
516 2215 696 2262 deponunt,
708 2229 746 2250 cx
762 2216 878 2261 quibus
895 2229 1024 2251 vermes
1038 2217 1207 2252 nrscunrm
1226 2216 1377 2252 dentibus
1387 2217 1470 2252 adeo
1488 2217 1711 2253 firmisinstru-

313 2263 356 2297 &i
373 2293 381 2305 ‚
397 2276 433 2298 ut
451 2262 506 2298 fibi
517 2264 641 2298 aditum
657 2267 687 2299 in
714 2269 869 2300 cortic-eni
882 2269 969 2300 muni
982 2280 1038 2304 int.
1069 2270 1103 2302 Iu
1124 2270 1213 2309 napis
1233 2268 1381 2314 quaedam
1409 2268 1573 2302 interdum
1599 2278 1721 2302 extant-

312 2312 403 2346 velut
414 2325 552 2348 verrucre
569 2317 601 2348 in
615 2314 732 2353 quibus
743 2321 776 2352 δε
790 2329 852 2349 ova
868 2345 876 2358 ‚
891 2322 923 2353 S<
935 2329 1060 2351 vermes
1071 2316 1223 2352 dentibus
1237 2316 1557 2353 armati-nidularitut.
1575 2319 1622 2353 Ac
1636 2328 1710 2349 ver-

311 2375 378 2396 mes
398 2361 801 2410 illiquiinspirituuQaut
820 2365 970 2400 arborum
993 2365 1165 2401 tuberculis
1191 2378 1380 2407 occurrunt,
1407 2365 1542 2414 pedibus
1567 2366 1711 2400 destituti

311 2423 367 2492 olre
378 2410 501 2496 sumlunr
513 2413 702 2450 alimentum
715 2415 893 2459 ‚extr-ahos
908 2415 1034 2453 nidulos
1050 2416 1143 2466 positi
1156 2417 1261 2453 statim
1286 2427 1491 2459 moriuntur,
1518 2416 1605 2463 quod
1619 2416 1652 2449 in
1670 2417 1709 2448 iis

310 2470 327 2491 a
344 2471 431 2495 antur
454 2464 529 2497 ocis.
1661 2465 1710 2499 Ex
