1878 2724
357 123 767 163 TRACTATUS
814 120 1149 162 SECUNDUS.
1444 140 1489 171 ¹39

133 176 244 226 'Atque
262 176 331 211 haec
341 176 385 211 est
396 174 486 211 causa
506 176 631 211 elaterii
643 176 784 210 exterior
797 202 807 218 ,
823 172 878 209 nifi
897 173 989 208 malis
1009 173 1048 208 ad
1072 173 1243 210 aetheream
1263 172 1398 209 Cartefii
1418 174 1489 209 sub-

100 228 247 264 stantiam
263 223 438 274 confugere
453 239 462 262 ε
482 223 536 260 sed
547 224 616 259 aliae
628 235 762 272 quoque
783 223 856 258 sunt
871 221 970 258 causae
987 234 1025 257 ex
1039 224 1182 271 corporis
1193 221 1283 271 ipfius
1301 235 1425 258 textura
1456 228 1489 260 &

103 275 362 326 configuratione
375 273 547 324 desumptae
559 302 569 317 ,
581 285 650 321 quae
660 274 771 308 omitti
780 272 801 308 ὲ
817 270 912 307 nobis
922 285 990 308 non
1003 269 1133 307 debent.
1154 272 1204 306 Sit
1223 273 1321 321 igitur

643 369 759 405 Tertia
783 369 954 415 Conclufio-

137 476 266 510 Praeter·
277 475 453 508 exteriores
471 471 595 516 elaterij
614 467 718 503 causas
736 465 929 502 aliaesuntex
942 478 1115 515 corporum
1132 465 1233 515 figura
1244 494 1253 509 ,
1268 464 1375 510 fitu‚&
1392 468 1493 501 inter-

106 522 181 558 dum
193 521 234 556 ab
254 520 375 557 incluso
398 520 498 557 fluido
519 516 705 565 desumptae.

135 572 280 606 Primum
296 572 384 605 enim
399 583 473 604 cum
497 568 575 602 dura
589 570 625 602 &
641 565 767 600 clastica
786 563 1053 611 corpora'eadem
1063 574 1099 597 ut
1121 562 1294 611 plurimum
1305 561 1363 597 sint
1380 561 1494 599 sonora

105 625 141 656 ὃ(
155 617 294 668 perculsa
308 628 450 653 tremant
463 646 473 660 ‚
489 628 528 650 ea
541 616 693 649 videntur
704 624 810 662 partes
825 611 947 647 habere
964 610 1121 647 flexibiles
1132 640 1141 654 ,
1162 618 1196 648 &
1219 610 1316 645 fibras
1335 611 1397 646 hoc
1421 610 1495 646 bre-

107 671 216 706 viores
227 695 238 710 ‚
252 677 319 713 quo
333 663 465 700 celerius
475 663 539 699 sese
550 663 741 706 restituunt,
759 661 815 697 ubi
831 659 938 710 ptelsae
958 659 1292 696 aut-inflexaefuerinr.
1311 662 1391 696 Non
1408 663 1495 695 enim

106 715 234 751 aliunde
244 716 322 749 oriri
335 714 465 749 videtur
478 712 570 749 sonus
585 711 685 760 quam
699 724 739 747 ex
755 709 896 745 tremulo
909 712 991 745 aeris
1012 721 1105 745 motu
1120 722 1218 758 quem
1234 708 1334 745 efficit
1350 710 1421 744 duri
1436 709 1495 745 ali-

108 768 194 813 cujus
205 765 348 812 corporis
361 774 482 798 tremor
491 792 501 806 ‚
512 774 548 798 ut
561 760 618 796 suo
637 761 711 796 loco
722 761 875 795 dicemus.
885 783 889 786 ⁴

140 828 170 850 2.
192 813 233 847 ad
246 814 314 848 vim
332 811 495 848 elasticam
506 812 658 848 *maxime
670 811 816 859 pertinet
831 818 999 843 meatuum
1015 806 1206 856 ampliatio,
1231 819 1287 842 aut
1309 808 1496 843 coarctatio.

107 861 297 898 Siclaminae
314 863 424 897 vitreae
441 865 506 910 jam
519 858 668 897 nonnihil
689 858 814 895 inflexae
836 869 983 893 convexa
1005 855 1184 905 superficies
1212 855 1234 890 si
1259 869 1367 904 panno
1392 855 1497 890 calido

110 921 252 959 tergatur
262 940 272 954 ‚
283 913 393 959 -magis
402 909 601 946 curvabitur.
619 908 745 944 Contra
762 906 886 942 accidet
899 903 920 940 si
931 917 1109 941 concavam
1126 904 1322 954 superficiem
1335 917 1418 952 aqua
1432 904 1499 941 fer-

110 959 186 995 vida
198 958 340 995 ablueris
353 970 429 1003 ‚aut
447 971 558 1007 panno
573 957 681 992 calido
700 955 832 992 terseris:
860 958 949 991 Tum
976 957 1064 991 enim
1083 960 1147 1001 eJ‘us
1168 957 1308 990 curvitas
1324 956 1498 991 imminue-

111 1019 160 1044 tur
174 1036 183 1051 ,
196 1008 286 1056 quod
294 1009 393 1058 igneae
401 1007 563 1056 particulae
574 1009 649 1041 vitri
662 1019 759 1055 poros
772 1015 924 1054 augeant.
935 1005 1024 1039 Idem
1035 1006 1125 1039 enim
1136 1004 1204 1042 fere
1216 1003 1268 1039 hic
1279 1004 1396 1038 accidit
1410 1003 1500 1050 quod

110 1058 145 1092 in
154 1055 261 1106 phiala
273 1059 377 1092 vitrea
385 1056 586 1106 oblongioris
596 1057 829 1105 &angustioris
844 1052 1021 1103 colli,cujus
1033 1055 1184 1089 meminit
1195 1052 1376 1101 Alphonsus
1390 1050 1500 1086 Borel-

112 1105 276 1154 lus,quam
293 1104 316 1139 fi
329 1117 412 1153 aqua
431 1105 530 1153 usque
541 1105 581 1139 ad
591 1104 711 1139 collum
729 1102 916 1151 impleveris
936 1130 947 1145 ,
961 1114 1102 1149 eamque
1113 1104 1197 1137 intra
1205 1114 1326 1149 aquam
1340 1101 1500 1136 fervidam

111 1153 324 1197 immerseris,
346 1164 413 1189 turn
424 1166 506 1201 aqua
527 1156 612 1188 intus
626 1151 773 1188 conclusa
792 1150 943 1187 nonnihil
956 1150 1148 1194 descendet,
1175 1150 1266 1197 quod·
1283 1153 1359 1185 vitri
1374 1161 1499 1184 meatus

113 1215 177 1252 prae
193 1202 301 1237 calore
323 1202 498 1250 ampliores
516 1202 595 1237 faeti
613 1201 691 1244 finr,
708 1206 742 1238 &
757 1203 861 1236 vitrea
901 1199 988 1234 hiala
1002 1198 1167 1247 paululum
1179 1202 1336 1246 capacior.
1361 1199 1424 1233 Sed
1442 1197 1501 1231 ubi

111 1252 225 1287 diutius
240 1250 349 1299 phiala
360 1253 443 1286 intra
455 1264 574 1299 aquarn
594 1251 779 1285 ferventem
798 1213 969 1290 manill-rit,
991 1259 1059 1282 tum
1074 1259 1144 1294 quae
1165 1249 1249 1281 intus
1275 1259 1342 1281 erar
1364 1275 1373 1289 ,
1390 1244 1502 1280 sensim

112 1299 271 1337 calefacta
281 1328 291 1344 ,
305 1299 399 1335 altius
409 1299 570 1336 efferetur.
583 1300 710 1335 Contra
723 1300 835 1334 evenit
849 1298 928 1333 dum
940 1296 1049 1345 phiala
1059 1298 1142 1331 intra
1195 1296 1296 1331 lidam
1309 1308 1427 1343 aquam
1441 1297 1501 1329 imu

115 1352 289 1397 mergitur:
303 1360 371 1384 tum
389 1351 475 1384 enim
488 1351 616 1385 arctatis
627 1349 703 1384 vitri
717 1350 803 1395 poris
815 1374 825 1390 ,
840 1359 926 1395 aqua>
939 1348 1021 1381 intas
1033 1307 1192 1380 conclugae
1195 1345 1286 1380 altius
1299 1344 1459 1380 evehitun

150 1412 180 1443 30
198 1397 276 1433 illud
290 1400 389 1433 etiam
400 1399 528 1433 videtur
547 1396 608 1432 effe
619 1397 806 1432 discriminis
818 1398 901 1431 inter
912 1394 1023 1430 mollia
1036 1400 1070 1431 &
1091 1394 1167 1428 dura
1184 1406 1319 1443 corpora
1330 1423 1340 1437 ‚
1355 1404 1392 1428 ut
1416 1396 1502 1428 inter

116 1445 333 1496 plumbum&
344 1445 520 1495 chalybem
533 1475 542 1489 ‚
556 1446 646 1494 quod
664 1444 724 1480 illis
747 1443 872 1480 inflexis
895 1443 952 1479 fiat
971 1444 1117 1490 quaedam
1135 1446 1333 1479 minutarum
1362 1443 1502 1490 partium

118 1494 508 1544 transpofiti0,nonitem
522 1497 556 1529 in
579 1495 664 1529 duris
678 1493 1003 1542 corporibusquaevi
1026 1491 1156 1526 elastica
1171 1493 1343 1528 donantur.
1371 1493 1424 1525 Sic
1446 1489 1503 1525 ubi

116 1544 239 1580 lamina
250 1543 404 1593 plumbea
419 1547 452 1579 in
465 1556 573 1578 arcum
594 1554 740 1577 curvatur
752 1571 761 1585 ,
774 1554 845 1589 pars
862 1541 949 1577 illius
966 1552 1110 1575 concava
1125 1542 1283 1583 aretatur,
1303 1539 1448 1574 convexa
1469 1543 1504 1575 δε

118 1595 281 1628 exteriore
295 1592 433 1627 distenta
445 1606 453 1627 ε
465 1603 564 1638 atque
574 1593 608 1626 in
625 1604 665 1626 eo
674 1589 732 1624 fitu
750 1601 861 1624 manet
873 1618 881 1632 ,
895 1589 987 1637 quod
1002 1587 1117 1623 molles
1142 1586 1202 1623 sint
1213 1588 1298 1622 illius
1317 1594 1349 1624 ἃ·
1363 1587 1502 1621 humidae

143 1640 283 1675 articulae
297 1651 370 1688 quae
387 1639 497 1675 locum
517 1651 655 1676 mutant.
673 1639 775 1676 Unde
786 1637 957 1686 plumbum
968 1637 1154 1673 &stannum
1165 1635 1296 1671 contusa
1318 1635 1398 1671 fiunt
1418 1635 1504 1669 mol-

119 1652 221 1733 liora,
233 1702 298 1724 non
309 1691 390 1723 item
408 1689 530 1724 ferrum
554 1694 589 1725 &
610 1700 743 1736 cuprum
762 1684 1046 1734 quaemalleotusa
1065 1683 1144 1720 fiunt
1161 1685 1310 1728 duriora3
1328 1697 1395 1720 tum
1415 1686 1504 1719 enim

117 1749 225 1786 ,partes
238 1737 321 1773 fiunt
332 1736 492 1784 planiores
504 1764 514 1780 ‚
525 1741 558 1774 &
570 1735 690 1772 firmius
703 1735 759 1770 fibi
774 1747 890 1770 mutuo
904 1731 1133 1769 adhaerescunt.
1146 1736 1184 1768 In
1201 1734 1285 1768 duris
1297 1731 1377 1768 vero
1385 1744 1502 1780 corpo„

120 1785 209 1821 ribus
223 1792 257 1824 &
267 1785 404 1820 elasticis
418 1815 429 1829 ‚
443 1787 524 1820 utin
534 1787 675 1820 vitriaut
694 1783 840 1832 chalybis
855 1783 975 1819 lamina
996 1781 1114 1818 inflexa
1127 1794 1233 1831 partes
1256 1781 1316 1818 suis
1341 1782 1417 1817 locis
1437 1793 1504 1816 non

120 1834 348 1885 expelluntur,
358 1833 443 1870 „licet
454 1833 570 1884 figuras
582 1832 649 1870 suas
668 1839 702 1872 &
720 1832 811 1869 situm
832 1830 981 1870 nonnihil
998 1843 1157 1868 mutent«⁴

661 1935 789 1982 Qarta
806 1932 976 1979 Concl'ufio.
991 1955 994 1959 -

159 2031 209 2067 Ad
225 2032 293 2067 vim
304 2031 462 2068 el'asticam
474 2031 646 2079 requiritur
655 2033 827 2067 mediocris
887 2030 990 2065 aedam
1005 2030 1148 2079 partium
1162 2027 1321 2078 rigiditas,

164 2081 201 2115 Id
217 2081 331 2114 intueri
347 2080 423 2124 licet
433 2083 466 2115 in
475 2079 612 2128 chalybe
622 2091 804 2129 temperato
815 2110 824 2124 ‚
855 2093 895 2115 eu
907 2091 1000 2126 aquae
1015 2079 1177 2127 frigidiori
1187 2075 1335 2112 immerso
1349 2088 1357 2110 ε
1374 2087 1449 2110 nam
1460 2075 1506 2110 sa-

128 2132 168 2165 tis
187 2128 232 2163 est
245 2127 413 2164 verisimile
423 2128 495 2163 chal
517 2127 569 2162 bis
581 2131 751 2177 temperati
764 2129 933 2177 particulas
946 2127 1080 2176 figuram
1095 2139 1194 2174 quam
1203 2127 1287 2175 ignis
1303 2126 1437 2172 agitatio
1447 2124 1507 2158 de-

129 2179 222 2213 derat
233 2206 243 2221 ,
257 2180 410 2213 retinere.
430 2142 530 2213 Unrle
545 2175 566 2211 fi
584 2189 623 2212 ex
639 2177 763 2213 duobus
777 2177 838 2213 filis
846 2176 1015 2226 chalyb‘eis
1027 2182 1063 2214 δε
1077 2187 1167 2223 aeque
1178 2173 1280 2211 craffis
1295 2172 1430 2206 alterum
1441 2174 1507 2219 igni

129 2228 298 2262 admotum
317 2239 399 2273 aqua
414 2225 532 2275 frigida
551 2234 724 2274 temperes,
734 2231 799 2275 jam
813 2227 876 2262 hoc
894 2225 1020 2261 craffius
1037 2225 1228 2266 evadet,nec
1237 2233 1292 2270 per
1307 2220 1396 2255 idem
1413 2220 1505 2255 fora-

131 2287 207 2311 men
226 2288 283 2324 per
298 2275 387 2323 quod
400 2274 488 2312 filum
502 2272 638 2309 alterum
654 2274 895 2318 ducitur,sub’ire
911 2272 1044 2322 poterit,
1057 2286 1092 2307 ut
1103 2273 1122 2307 ὲ
1136 2277 1176 2308 D.
1199 2270 1353 2309 Perrault
1371 2268 1435 2303 fuit
1445 2268 1508 2303 Ob·-

129 2324 422 2372 servatumzrnagno
439 2323 573 2371 quidem
587 2334 778 2372 argumento
796 2323 966 2371 particulas
980 2326 1013 2357 in
1029 2320 1167 2368 chalybe
1183 2327 1364 2366 temperato
1385 2330 1452 2353 non
1467 2317 1508 2352 fi-

130 2386 241 2422 guram
250 2374 350 2410 modo
360 2402 370 2418 ‚
386 2372 438 2409 sed
449 2378 483 2410 δε
501 2371 595 2408 fitum
607 2374 747 2421 partium
757 2376 791 2407 &
808 2370 1021 2407 cohaesxonem
1042 2380 1165 2405 mutate
1181 2382 1189 2404 :
1206 2368 1293 2451 ade}
1301 2376 1337 2420 ut
1356 2370 1389 2402 ἃ
1403 2367 1509 2402 durior

1313 2427 1333 2462 ¹]
