1878 2724
520 123 586 158 DE
621 121 959 158 FOSSILIBUS.
1070 150 1078 160 χ
1410 133 1419 155 ι

52 173 253 210 haberentur.
267 171 359 217 Qiin
373 169 450 219 saepe
459 169 563 205 riibini
575 199 586 213 ,
610 169 746 218 sapphiri
760 176 792 207 δι
803 170 873 204 aliae
885 179 1020 218 gemmae
1036 166 1086 202 vel
1103 166 1219 202 coloris
1234 169 1340 201 omnis
1363 132 1435 202 fisis

45 233 196 271 expertes
206 249 216 264 ,
230 220 283 255 vel
295 219 406 254 alienis
417 219 599 254 imbuuntur
610 218 780 255 coloribus.
792 221 844 253 Sic
854 221 921 253 veri
939 218 1126 252 adamantes
1143 216 1305 250 interdum
1319 214 1432 250 flaves-

47 281 121 306 cunt
133 285 140 307 :
152 270 233 304 adeo
243 280 278 304 ut
288 281 346 316 pro
359 267 483 316 topafiis
497 267 611 302 haberi
635 267 751 316 poslint
767 285 776 311 3
792 267 846 302 alii
865 266 1018 302 subviridi
1033 275 1087 299 aut
1097 263 1228 299 caeriileo
1240 264 1347 298 colore
1358 264 1430 300 infi-

47 322 181 354 ciuntur.
192 320 246 353 Sic
254 329 389 366 gemniae
399 316 574 363 aliquando
584 315 738 360 visuntur,
751 319 868 365 partim
878 317 1020 351 tincturae
1029 324 1174 361 expertes
1188 327 1195 348 :
1206 313 1294 358 quod
1307 325 1372 348 non
1386 312 1430 348 sa-

48 369 88 403 tis
96 367 195 404 fuerit
211 365 369 416 pigmenti
379 377 414 400 ut
429 377 535 401 totum
550 364 689 413 lapidem
703 393 713 408 ,
729 365 807 400 dum
823 364 928 399 adhuc
945 363 1052 399 mollis
1070 360 1147 397 effer
1162 366 1195 397 δε
1212 361 1309 396 fluida
1325 373 1429 397 mate-

47 418 112 460 ria,
124 415 292 452 imbueret.
308 414 407 464 Qd
419 416 528 461 utique
541 413 582 447 de
594 413 761 462 smaragdis
780 411 1115 461 confirmatjosephus
1133 410 1249 445 Acosta
1261 438 1269 453 ,
1297 423 1378 457 quos
1396 413 1430 446 in

46 463 202 513 lapidibus
225 464 485 511 crystallinorum
502 474 593 497 more
613 461 752 497 crescere
777 462 920 496 testatur.
938 461 1035 503 Vidi,
1058 461 1160 505 inquit
1173 487 1183 502 ‚
1201 458 1357 506 quosdam
1375 462 1431 506 qiii

45 515 153 549 media
169 511 210 548 sui
223 524 314 562 parte
324 510 392 546 albi
409 509 508 547 elsent
520 540 530 554 ‚
545 516 578 548 δε
592 511 700 546 media
715 511 833 546 virides
849 527 858 554 3
870 510 950 545 alios
964 520 1049 544 totos
1073 507 1183 552 albos,
1197 507 1368 543 nonnullos
1382 511 1431 544 vi-

47 562 140 598 rides.

79 624 104 656 5.
116 608 222 645 Simili
233 610 359 644 ratione
369 607 588 656 crystallorum
607 607 707 643 frusta
732 607 892 643 interdum
910 618 1035 656 guttam
1051 619 1142 653 aquae
1162 604 1325 654 pellucidae
1344 607 1429 640 intus

45 659 280 697 continent.Sic
291 659 323 692 in
338 656 505 693 dutiffimis
514 658 610 692 Indiae
622 656 778 706 lapidibus
789 669 926 706 gemmae
937 656 1110 704 aliquando
1119 653 1429 690 delitescuntciim-

44 719 106 755 que
115 719 252 756 gemmae
262 717 335 741 cum
345 705 512 742 metallicis
530 704 627 740 succis
644 705 794 753 exquisite
804 735 813 749 ,
829 711 863 743 δι
896 718 930 739 er
940 707 1073 740 minima
1087 733 1096 748 ‚
1110 715 1144 739 ut
1154 706 1264 746 aiunt,
1278 702 1429 739 miscean-

44 767 92 792 tur
105 784 115 800 ,
127 767 162 790 ut
179 756 285 804 postea
295 755 436 790 dicemus
450 782 460 797 ,
478 754 555 790 illud
571 755 708 789 omnino
719 755 761 788 est
771 719 942 802 probabile
959 755 1150 789 mixtionem
1160 752 1249 787 illam
1264 751 1334 787 fieri
1354 764 1427 786 cum

42 816 178 854 corpora
190 803 294 839 adhuc
303 803 403 840 fluida
413 802 482 839 sunt
494 816 502 839 :
518 816 592 839 nam
602 801 780 843 substantiae
789 804 873 839 durae
883 801 1036 851 exquisite
1049 803 1133 837 adeo
1145 800 1265 837 misceri
1275 813 1341 836 non
1353 801 1426 849 pos-

44 851 125 890 sunt.

78 904 169 939 Hinc
183 903 368 938 adamantes
377 903 473 949 quiin
481 913 560 950 rupe
571 929 581 945 ,
598 911 654 935 aut
676 902 709 935 in
729 902 841 936 vicinis
857 899 933 934 locis
945 910 1095 934 eruuntur
1107 928 1117 942 ‚
1136 901 1208 947 puri
1224 898 1294 935 sunt
1314 905 1348 937 &
1361 910 1429 935 ma-

42 950 185 987 cularum
197 963 343 999 expertes
355 980 365 994 ‚
382 963 447 986 non
465 953 543 986 item
554 951 609 997 qui
629 951 645 986 ὲ
667 961 748 984 terra
762 949 958 985 effodiuntur
971 977 981 991 ,
1002 947 1056 983 nisi
1069 960 1107 982 ea
1125 947 1161 982 fit
1180 949 1285 983 nitida
1302 954 1335 985 &
1355 960 1428 983 are-

18 1012 21 1015 ·
40 999 135 1037 nosa:
151 1013 227 1036 nam
237 999 361 1035 firubra
373 998 407 1034 (it
422 1011 495 1042 ‚aut
503 1001 593 1047 nigra
606 1027 616 1042 ,
636 1010 678 1032 eo
686 1011 817 1046 quoque
827 997 937 1032 colore
956 997 1142 1032 adamantes
1161 995 1356 1033 inficiuntur.

75 1050 164 1093 Sed,
180 1051 334 1096 inquiunt
355 1048 511 1095 Chymici
527 1076 537 1091 ‚
557 1059 624 1082 tam
640 1047 800 1095 regulares
813 1044 1032 1095 crystallorum
1048 1073 1058 1089 ,
1080 1051 1113 1082 ὅ(
1127 1057 1325 1093 gemmarum
1347 1045 1427 1095 figu-

40 1109 80 1132 rae
89 1097 217 1133 aliunde
228 1098 304 1131 oriri
318 1109 382 1131 non
395 1094 521 1143 possunt
532 1096 631 1143 quam
641 1094 662 1130 a
673 1097 705 1131 vi
720 1095 864 1141 lapidum
879 1093 1064 1129 formatrice
1073 1123 1082 1137 ‚
1101 1106 1172 1140 quae
1184 1097 1354 1130 materiem
1368 1108 1426 1130 na-

41 1148 92 1181 &a
106 1147 312 1181 commodam
329 1144 442 1179 fimiles
454 1143 576 1192 ubique
594 1144 713 1192 lapides
724 1143 862 1192 effingit.
885 1143 976 1190 Qid
986 1145 1071 1178 enim
1089 1143 1201 1178 iisdem
1216 1141 1322 1190 figuris
1333 1156 1427 1192 gem-

39 1207 107 1229 mas
125 1194 246 1242 ubique
262 1192 490 1229 circumscribit
501 1221 511 1235 ,
524 1191 579 1227 nisi
592 1192 740 1228 constans
753 1222 762 1236 ,
787 1203 932 1241 vegetus,
947 1197 980 1228 &
993 1191 1114 1238 ubique
1132 1203 1267 1238 regnans
1277 1204 1279 1206 ·
1290 1191 1426 1240 spiritus»,

39 1242 214 1278 rationibus
234 1242 407 1278 seminariis
418 1252 581 1290 praegnans
597 1270 605 1284 ‚
625 1253 662 1276 ac
680 1240 816 1289 fiipremi
830 1238 959 1275 artificis
977 1252 1144 1288 organum.
1157 1241 1278 1286 Neque
1287 1243 1374 1276 enim
1387 1240 1427 1276 fi-

38 1304 149 1340 guram
160 1291 246 1327 suam
259 1291 278 1326 a
294 1291 368 1326 loco
379 1301 532 1338 tanquam
550 1289 570 1325 ἐι
587 1289 660 1326 vase
673 1302 879 1325 mutuantur:
897 1302 971 1324 cum
983 1289 1088 1337 plures
1105 1300 1142 1323 ex
1155 1301 1217 1323 una
1233 1288 1425 1325 succrescant

39 1341 146 1375 radice
161 1358 169 1385 ;
188 1340 241 1375 vel
254 1342 286 1376 in
299 1341 411 1375 eadem
425 1341 557 1374 matrice
574 1367 584 1381 ,
603 1350 745 1386 utgraiia
759 1341 791 1373 in
807 1338 889 1387 spica
905 1340 1132 1374 contineantur
1149 1351 1157 1373 ε
1180 1337 1323 1374 crescunt
1337 1341 1424 1374 enim

40 1391 74 1424 in
90 1388 148 1424 suis
164 1389 282 1426 fodinis
295 1401 434 1437 gemmae
449 1416 458 1430 ‚
480 1386 591 1424 &aliae
605 1387 674 1422 aliis
686 1385 916 1422 decedentibus
928 1386 1108 1422 succedunt.

74 1440 162 1474 Huic
180 1437 360 1484 objeffioni
379 1449 477 1484 quam
503 1435 600 1483 paulo
623 1434 718 1470 fufius
735 1436 937 1471 dilatavimus
949 1463 958 1478 ‚
989 1434 1161 1482 respondet
1177 1433 1283 1483 primo
1300 1435 1423 1471 Author

38 1499 136 1535 quem
147 1485 347 1536 potiffirnfim
360 1486 422 1520 hoc
441 1487 474 1520 in
488 1484 561 1519 loco
574 1483 732 1531 sequimur
746 1512 755 1526 ‚
769 1487 867 1519 etiarn
881 1483 901 1518 fi
922 1483 1005 1519 forte
1015 1484 1126 1519 demus
1139 1486 1171 1519 in
1195 1486 1332 1532 gemmis
1357 1486 1424 1519 vim

38 1533 438 1583 plasticam&seminalem
457 1531 553 1568 inesse
566 1562 575 1576 ,
599 1533 680 1567 hanc
695 1546 760 1567 non
774 1535 878 1567 minus
891 1534 924 1566 in
939 1535 1010 1574 prin
1031 1534 1039 1565 i
1064 1535 1100 1565 iis
1118 1531 1261 1579 liquidis,
1277 1531 1375 1578 quam
1389 1534 1423 1567 in

38 1584 124 1618 duris
136 1590 167 1621 &
180 1585 278 1619 firmis
297 1581 380 1631 posse
390 1581 584 1616 delitescere.
605 1581 751 1616 Secundo
766 1581 843 1616 nihil
857 1578 978 1616 necesse
997 1545 1062 1614 ellit²
1079 1583 1271 1628 principium
1289 1580 1424 1615 archite-

34 1633 202 1668 &officum
216 1632 336 1680 fingere
351 1660 360 1674 ,
376 1631 464 1677 quod
473 1629 638 1664 vitrioluin
653 1659 662 1673 ,
683 1630 813 1664 alumen
825 1658 834 1671 ,
850 1629 946 1664 salem
957 1657 964 1671 ‚
975 1640 1119 1676 gemmas
1133 1631 1226 1663 certis
1240 1628 1345 1677 figuris
1360 1641 1425 1663 ter-

38 1683 161 1716 minet:
179 1693 251 1716 cum
261 1682 402 1714 minimae
417 1678 564 1727 cujusque
574 1681 713 1726 corporis
727 1678 889 1726 particula:
910 1689 980 1711 eam
993 1677 1076 1713 forte
1089 1676 1222 1725 figuram
1233 1680 1331 1713 naeiae
1342 1677 1398 1712 [int
1412 1692 1419 1713 :

39 1728 240 1764 cuiserviunt
255 1731 353 1763 etiam
370 1728 457 1763 fluidi
471 1730 504 1762 in
517 1740 584 1774 quo
597 1739 708 1761 natant
719 1739 824 1762 motus
836 1755 843 1769 ,
857 1726 959 1768 calor,
972 1728 1174 1774 circumjecta
1191 1739 1326 1774 corpora
1344 1743 1351 1769 ;
1365 1727 1423 1760 ad-

40 1778 82 1812 de
100 1776 190 1826 ipsius
200 1780 338 1812 matricis
350 1806 360 1819 ,
374 1777 425 1812 seu
435 1776 560 1811 moduli
571 1776 702 1823 figur-am
715 1805 723 1818 ,
745 1778 794 1810 cui
808 1788 945 1823 gemina:
955 1775 1129 1822 primordia
1140 1804 1150 1818 ‚
1168 1775 1246 1810 dum
1262 1775 1367 1810 adhuc
1380 1775 1420 1810 li-

41 1827 138 1874 quida
153 1856 162 1869 ‚
180 1826 425 1861 accommodata
437 1854 447 1868 ‚
464 1830 498 1862 &
510 1821 749 1872 quasiimpreffa
759 1823 965 1859 adhaeserunt-

55 1876 187 1910 Accedit
196 1878 294 1909 etiam
305 1874 422 1910 inultos
433 1874 522 1921 hujus
533 1876 657 1922 generis
671 1873 791 1921 lapides
804 1875 859 1921 qui
870 1884 1013 1923 gemmas
1024 1873 1091 1906 imo
1102 1876 1134 1908 &
1145 1871 1331 1908 adamantes
1342 1873 1422 1908 refe-

36 1935 131 1966 runt,
147 1923 227 1960 alios
241 1923 309 1958 aliis
318 1922 514 1966 accrescere3
532 1925 650 1970 quique
666 1922 877 1958 adnascuntur
893 1951 903 1965 ‚
919 1923 1094 1956 cavitatem
1117 1923 1148 1955 in
1167 1932 1207 1955 eo
1226 1924 1277 1956 cui
1290 1922 1421 1957 succres-

38 1983 115 2006 cunt
126 2000 136 2014 ,
150 1971 232 2018 quasi
246 1970 289 2005 sui
300 1972 467 2019 vestigium
481 1970 670 2017 relinquere.
683 1974 789 2018 Atque
801 1972 886 2006 idem
901 1970 969 2005 fere
983 1972 1018 2003 iis
1034 1971 1149 2004 accidit
1161 1971 1250 2016 quod
1262 1973 1419 2005 cernimus

34 2022 73 2055 in
94 2020 171 2054 forti
184 2019 340 2054 solutione
353 2021 428 2054 nitri
440 2030 495 2053 aut
511 2019 658 2054 aluminis
670 2019 770 2061 ,ruisi
784 2022 886 2067 virgas
896 2019 1014 2067 ligneas
1028 2018 1210 2062 immiseris,
1231 2020 1336 2054 statim
1350 2019 1421 2053 huic

38 2071 261 2103 concretiones
273 2068 444 2116 coagulatae
455 2096 463 2108 ,
475 2073 508 2103 &
526 2067 706 2114 crystallinis
718 2067 832 2102 similes
844 2066 1072 2102 adhaerescuiit.
1089 2069 1140 2102 Sic
1157 2070 1200 2102 D.
1218 2070 1319 2115 Boyle
1332 2067 1363 2102 se
1374 2070 1420 2101 vi-

40 2115 115 2151 disse
125 2118 251 2152 testatur
268 2117 406 2164 lapidem
423 2114 574 2161 crystallo
593 2115 727 2151 similem
749 2123 780 2152 ἃ
808 2115 959 2162 exquisite
977 2115 1166 2165 figurarum,
1192 2118 1251 2164 qui
1274 2118 1357 2150 circa
1380 2115 1420 2149 fi-

34 2165 105 2200 ‘lum
119 2166 316 2201 metallicum
335 2170 369 2202 Sc
387 2164 542 2200 ramosum
558 2193 568 2208 ,
593 2165 679 2212 quod
697 2177 810 2213 purum
824 2164 914 2200 fiiiise
924 2175 1093 2213 argentum
1106 2164 1327 2206 existimabat,
1338 2176 1417 2198 con-

41 2225 193 2251 creverat.

77 2265 164 2298 Hinc
175 2266 272 2298 etiam
284 2263 383 2309 liquet
397 2273 539 2311 gemmas
555 2260 713 2294 coloratas
722 2273 794 2296 cum
810 2261 977 2298 metallicis
991 2268 1025 2300 ὃς
1035 2259 1241 2296 mineralibus
1252 2260 1346 2295 succis
1358 2260 1418 2295 effe

41 2314 246 2359 coiijiiii&<15‚
263 2311 351 2359 quod
367 2310 424 2346 fiiit
443 2310 605 2358 pellucidis
622 2310 795 2357 graviores.
812 2314 923 2357 Itaque
943 2310 1103 2358 crystallus
1115 2321 1213 2356 rupea
1231 2308 1306 2343 licet
1327 2321 1363 2343 ea
1383 2308 1419 2343 sit

41 2359 122 2395 adeo
137 2361 214 2397 dura
222 2373 256 2397 ut
266 2363 384 2397 vitrum
393 2360 476 2395 secet
489 2388 499 2403 ,
517 2365 550 2396 &
561 2360 668 2407 ignem
678 2360 816 2394 excutiat
826 2388 836 2402 ,
849 2371 957 2395 tamen
978 2361 1022 2394 ita
1045 2359 1090 2393 est
1104 2363 1227 2440 purfaf&
1248 2357 1419 2406 pellucida,

1114 2409 1133 2440 F
1220 2408 1251 2453 iij
