1878 2724
370 164 441 206 ὕφει
938 153 1209 195 ,PH-YSICAE

373 218 473 242 erucae
486 236 496 250 ,
511 204 610 254 vulgo
623 202 770 240 chentzles
788 203 947 241 oriuntur.
963 207 1038 241 Hx
1058 204 1145 241 foliis
1156 203 1319 248 arborum,
1332 214 1388 239 aut
1398 202 1568 244 herbarum
1585 208 1689 259 pastae,
1701 209 1777 261 ples

372 268 508 303 rumque
519 254 631 301 sopore
643 264 800 302 correptae
814 255 943 289 exuvias
962 266 1103 303 ponunt,
1116 254 1260 302 quaedam
1274 251 1364 288 velut
1379 253 1533 292 exserico
1550 259 1775 311 nidulumpa-

364 318 461 341 rrant:
481 303 550 338 aliae
561 302 623 338 fine
635 303 711 338 nido
726 315 782 337 aut
797 302 897 338 serico
910 304 1080 339 involucro
1092 314 1300 352 corrugantur
1313 305 1347 337 in
1360 303 1634 356 chrysalide5‚quae
1645 309 1773 357 aliquot

372 354 423 388 fila
437 354 530 388 serica
545 352 724 397 emittunt,
738 351 853 400 quibus
865 352 993 397 arbori,
1003 365 1057 388 aut
1073 352 1145 388 saxo
1155 351 1473 396 adlaaerescu11t3aliae
1483 358 1568 391 nulla
1580 370 1690 394 texunt
1703 359 1771 405 fila,

368 402 421 437 sed
437 403 457 438 ὲ,
474 414 574 436 vento
586 402 732 437 hucilluc
746 413 895 451 aguntur.
907 406 951 439 Ex
964 401 1144 452 chrysalide
1161 402 1432 450 papilio‚interim
1446 404 1771 446 muscanascitur.5ed

366 452 421 486 ista
437 465 505 502 quae
526 450 710 488 summatim
722 453 917 488 decurrimus
931 481 942 497 ‚
957 454 1053 502 paulo
1071 450 1203 487 uberius
1222 450 1292 487 sunt
1305 451 1508 501 explicanda.
1685 450 1688 452 ’

889 550 1152 591 ,CAPUT
1189 552 1244 587 11.

447 659 449 662 ⁴
470 654 526 687 De
531 654 676 703 partium
688 651 931 699 confirmatione
942 653 976 688 in
986 652 1108 698 inseflis
1123 681 1131 693 ‚
1150 665 1188 687 ac
1198 647 1336 702 primitm
1348 651 1387 696 de
1404 653 1445 687 iis
1459 664 1522 701 quae
1538 651 1679 703 perfec-'la

983 702 1146 740 dicuntur.

399 801 431 886 ἢ
468 802 516 836 Rs
527 801 765 850 omnipotentis
776 799 914 837 Artificis
926 800 959 835 in
970 800 1184 838 minutisfimis
1195 798 1393 838 animalculis
1410 812 1475 836 non
1485 804 1588 837 minus
1602 801 1765 850 elucescit,

470 850 569 899 quarn
586 853 618 886 in
632 850 766 886 siderum
790 849 1074 888 conversionibus:
1089 852 1139 886 sed
1154 852 1256 887 minus
1279 851 1318 886 acl
1337 850 1403 885 baec
1421 862 1542 886 naturae
1556 882 1565 895 ‚
1586 864 1642 887 aut
1656 857 1763 902 potius

355 901 473 934 divinae
503 901 716 948 providentiae
734 900 888 935 miracula
916 902 1058 934 animum
1082 902 1301 936 intendimus:
1330 906 1364 936 &
1379 900 1528 935 tamen-fi
1546 902 1643 949 paulo
1658 903 1762 940 acrius

354 951 493 997 partium
504 947 729 989 incredibilem
750 951 942 983 varietatem
955 976 964 990 ,
990 949 1262 996 pulchritudinem
1275 978 1284 992 ,
1310 948 1379 983 usus
1394 949 1534 995 denique
1555 953 1761 1001 contemple-

353 1011 437 1041 mur,
448 997 556 1032 nescio
572 1010 612 1031 an
623 998 796 1044 quicquam
810 997 895 1031 aliud
907 999 1008 1045 magis
1018 998 1216 1033 demonstret
1233 1000 1351 1033 cundia
1363 997 1542 1032 incredibili
1556 1001 1622 1034 Dei
1632 999 1761 1048 sapien-

356 1049 400 1082 tia
417 1052 450 1083 ἃ
470 1057 539 1080 arte
560 1046 682 1080 summa
702 1046 770 1081 fieri
787 1050 823 1082 δέ
837 1043 1033 1094 gubernari:
1059 1048 1114 1093 qui
1130 1044 1341 1095 providentio?
1353 1043 1437 1090 sud,
1464 1058 1499 1080 ut
1510 1050 1555 1080 air
1567 1050 1759 1096 Augustinus

353 1096 450 1145 Epist.
461 1095 788 1141 3.'meli0remsenfi⁴m
799 1094 937 1143 apiculls
951 1093 1176 1139 &fhrmiculis
1185 1093 1275 1129 dedit
1288 1122 1294 1132 ,
1314 1105 1413 1141 quam
1432 1093 1527 1139 afinis
1545 1094 1587 1130 ό·
1606 1099 1733 1133 camelis
1746 1115 1756 1136 ς

356 1147 414 1192 qui
427 1140 467 1179 ex
478 1157 582 1194 grano
595 1143 934 1192 minutiffimoseminis
952 1153 1076 1178 tantam
1086 1144 1229 1190 ficulnea
1249 1142 1373 1178 arboris
1385 1144 1638 1191 magnitudinem
1655 1159 1755 1185 creat.

358 1195 430 1229 His
441 1206 540 1241 atque
554 1193 735 1240 ‘hujusmodi
751 1192 842 1229 rebus
861 1193 1021 1239 infirmans
1040 1207 1158 1244 magna
1184 1193 1223 1229 d‘e
1239 1194 1401 1230 minimis,
1427 1195 1484 1239 qm'
1500 1206 1561 1228 non
1581 1194 1622 1239 est
1631 1206 1757 1245 parvus

359 1246 393 1278 in
413 1246 543 1293 parvis.

394 1294 471 1341 Jam
489 1304 524 1327 ur
541 1291 580 1326 ad
591 1303 661 1326 rem
676 1291 775 1340 ipsam
787 1294 1006 1336 veniamus‚&
1014 1303 1205 1341 argumento
1218 1290 1366 1327 tamlate
1379 1288 1450 1326 fuso
1464 1291 1598 1326 modum
1612 1292 1755 1342 aliquem

354 1341 567 1377 adhibeamus
580 1370 588 1384 ,
604 1341 795 1377 inserirorum
810 1354 897 1377 ortus
910 1371 919 1386 ‚
932 1342 1070 1390 partium
1083 1342 1381 1377 conformationem
1394 1369 1403 1383 ‚
1414 1344 1447 1376 &
1463 1342 1567 1374 varias
1582 1342 1671 1378 velut
1684 1358 1756 1379 me-

355 1389 575 1440 tamorphofes
585 1391 625 1425 ad
638 1391 759 1427 summa
778 1392 927 1439 quaedam
955 1394 1059 1440 capita
1072 1419 1082 1434 ‚
1100 1403 1157 1426 aut
1170 1403 1288 1440 genera
1303 1390 1489 1425 referamus.
1500 1392 1537 1424 Et
1550 1392 1682 1438 quidem
1696 1397 1754 1429 Vir

354 1454 475 1490 magno
486 1442 618 1490 ingenio
629 1469 638 1484 ,
649 1446 682 1476 &
700 1439 720 1475 fi
732 1443 803 1488 quis
816 1441 895 1476 alius
904 1443 936 1476 in
954 1453 1064 1475 earum
1075 1445 1181 1476 rerum
1194 1440 1400 1488 indagatione
1412 1438 1558 1488 diligenS,
1573 1441 1623 1487 J0.
1640 1442 1753 1477 δυνη-

352 1491 493 1525 merdam
506 1502 644 1538 quatuor
664 1489 755 1526 velut
771 1489 879 1526 classes
898 1489 1093 1526 insectorum
1110 1489 1269 1539 aptiffime
1283 1489 1459 1538 distinguit.
1566 1494 1569 1497 ’

391 1543 427 1575 In
437 1542 540 1589 prima
553 1540 689 1587 quidem
703 1552 738 1574 ea
750 1542 881 1588 reponit
890 1553 961 1588 quae
973 1539 1168 1588 perfesta‘ex
1180 1553 1248 1574 ovo
1260 1550 1410 1573 materno
1424 1535 1644 1576 excluduntur.
1661 1543 1696 1576 In
1707 1554 1751 1577 eo

352 1602 473 1638 genere
484 1588 552 1624 sunt
561 1591 670 1624 aranei
685 1617 692 1628 ,
706 1591 761 1636 qui
775 1589 808 1624 in
821 1591 924 1623 varias
936 1589 1054 1637 species
1067 1589 1269 1625 diducuntur.
1283 1587 1398 1622 Habes
1410 1589 1441 1621 in
1452 1588 1698 1638 Micrographia
1705 1594 1749 1628 D.

352 1641 468 1686 Hoqite
482 1635 627 1688 effigiem
646 1640 775 1685 aranei,
804 1641 861 1687 qui
877 1638 1023 1687 longipes
1038 1637 1139 1688 vulgo
1161 1639 1286 1674 dicitur.
1323 1637 1455 1671 Cervici
1480 1636 1570 1672 velut
1588 1638 1748 1675 columnae

352 1690 480 1735 cuidam
494 1688 557 1722 duo
566 1687 689 1722 caerulei
707 1688 810 1723 insunt
821 1687 926 1731 oculi,
948 1690 985 1722 iis
999 1701 1063 1723 non
1082 1686 1247 1722 diffiniiles
1262 1717 1272 1731 ,
1290 1688 1345 1734 qui
1360 1688 1393 1720 in
1408 1684 1561 1733 perfectis
1576 1689 1749 1731 animanti-

351 1736 408 1772 bus
421 1736 666 1786 conspiciuntur.
683 1738 818 1775 Cornea
834 1739 942 1772 runica
959 1737 1006 1778 est
1023 1737 1207 1786 prominula
1218 1766 1227 1780 ,
1245 1735 1364 1785 pupilla
1378 1733 1544 1783 nigrescit,
1572 1741 1606 1773 ὅ(
1625 1749 1663 1772 ex
1683 1737 1749 1787 ipsa

352 1787 504 1822 struftura
517 1789 630 1834 conjici
648 1786 752 1834 potest
765 1816 773 1829 ,
788 1786 896 1821 oculos
913 1786 977 1821 huc
992 1786 1067 1821 illuc
1083 1790 1224 1835 torqueri
1243 1803 1252 1827 ς
1268 1797 1364 1831 ¹crura
1376 1786 1475 1818 etiam
1492 1784 1655 1835 praelonga
1666 1800 1748 1835 qua-

350 1837 424 1870 dam
439 1835 529 1870 velut
544 1836 637 1871 theca
647 1835 884 1885 conicae’figurae
900 1835 1154 1880 concluduntur,
1177 1849 1215 1877 ac
1237 1834 1394 1871 musculus
1410 1833 1533 1869 validus
1552 1847 1746 1885 unaquaque

350 1885 442 1923 theca
454 1887 647 1921 continetur.

377 1937 503 1969 Dentes
516 1936 554 1966 iis
566 1933 664 1968 tribui
677 1933 781 1968 solent
794 1962 803 1975 ‚
824 1933 874 1967 sed
888 1945 955 1968 non
967 1932 1053 1971 aliud
1071 1930 1392 1980 quiddamvidentur
1414 1931 1476 1965 ess'e
1502 1930 1602 1977 quam
1617 1944 1744 1976 crurum

347 1982 488 2030 forcipes
499 1994 534 2016 ut
546 1985 575 2016 in
590 1981 808 2031 scorpionibus
819 2010 828 2024 ‚
838 1993 938 2028 atque
954 1983 989 2014 iis
1004 1981 1121 2017 muscas
1132 1982 1307 2029 corripiunt
1317 1987 1350 2018 &
1363 1979 1534 2016 vulnerant
1545 1997 1554 2025 3
1573 1981 1661 2017 iuliis
1673 1981 1744 2018 suos

349 2029 473 2066 habent
484 2030 612 2065 aculcos
627 2060 637 2074 ‚
661 2044 697 2067 ut
713 2031 850 2078 scorpius
864 2043 896 2064 m
907 2030 1016 2064 cauda.

385 2081 432 2117 Est
444 2081 529 2114 aliud
540 2093 730 2115 araneorum
743 2092 844 2128 genus
859 2081 891 2114 in
909 2079 987 2114 locis
1004 2078 1210 2114 calidioribus
1231 2079 1432 2127 frequentius
1446 2107 1455 2121 ,
1472 2078 1559 2125 quod
1579 2091 1644 2113 uno
1663 2078 1744 2130 saltu

346 2133 381 2166 iu
392 2130 533 2178 praedam
548 2130 724 2173 i1wolat‚ac
740 2131 858 2166 mirum
877 2130 984 2177 ejusin
999 2129 1150 2164 venando
1165 2128 1336 2165 artificium
1352 2127 1419 2164 fuse
1431 2125 1579 2162 describit
1594 2131 1636 2163 D.
1651 2131 1743 2162 Eve-

347 2182 393 2214 lin
410 2182 441 2214 in
454 2179 585 2227 epistola
599 2192 697 2226 quam
710 2180 750 2213 ad
758 2181 912 2214 eximium
924 2179 1080 2214 Amorem
1093 2181 1137 2220 D.
1151 2179 1264 2216 Hooxe
1274 2177 1353 2214 misit
1370 2191 1411 2213 ex
1431 2176 1532 2212 ltalia.
1554 2179 1605 2211 Sic
1625 2177 1741 2212 muscis

348 2228 509 2264 insidiarur
525 2240 560 2262 ut
570 2229 687 2263 eodem
698 2239 791 2264 motu
801 2240 875 2263 cum
889 2226 992 2262 musca
1006 2228 1146 2263 incedat.
1164 2228 1250 2263 Cum
1260 2240 1297 2262 ea
1311 2227 1372 2262 sese
1382 2229 1545 2263 convertit
1562 2255 1570 2267 ,
1588 2225 1673 2272 quasi
1685 2239 1741 2261 ea-

346 2279 421 2313 dem
440 2280 546 2313 anima
556 2279 683 2325 utrique
697 2277 826 2320 inesset,
842 2278 946 2312 donec
957 2276 1061 2312 musca
1077 2279 1157 2313 intra
1171 2280 1280 2313 aranei
1292 2275 1445 2324 sphaeram
1463 2275 1597 2312 &saltus
1610 2276 1740 2312 conclu-

346 2327 376 2362 sa
402 2326 515 2375 praedae
533 2325 568 2362 fit
586 2327 661 2362 huic
671 2329 840 2362 venatori:
853 2338 921 2361 tum
932 2328 1017 2361 enim
1032 2340 1097 2361 uno
1110 2328 1233 2375 impetu
1247 2330 1279 2361 in
1290 2339 1360 2360 eam
1372 2323 1476 2362 insilit.
1491 2325 1552 2360 Sed
1563 2327 1646 2371 prius
1655 2323 1738 2357 mul-

345 2377 446 2424 tip'ici
459 2374 544 2411 flexu
558 2375 588 2409 se
605 2388 734 2423 torquet
746 2406 754 2418 ,
780 2381 815 2418 &
834 2375 1014 2414 identidem
1034 2373 1064 2412 se
1077 2375 1258 2414 abscondit.
1281 2376 1348 2419 Hic
1361 2387 1492 2412 araneus
1517 2375 1595 2410 0610
1616 2372 1742 2418 oculis,

345 2424 447 2473 iisque
459 2424 643 2463 acutissimis
655 2427 803 2464 donatur.
