1878 2724
448 154 513 198 ³48
751 148 1019 193 ,PHYSICAE
1047 149 1519 188 PARS'SECUNDA.

444 212 526 234 zona
542 199 676 240 torrida,
697 198 780 232 circa
789 197 960 233 solstitium
975 199 1117 234 aestivum
1142 199 1404 247 exundatzquod
1417 201 1457 235 in'
1467 202 1548 235 zona
1559 199 1680 234 torrida
1691 203 1830 237 eo'tenn
1860 198 1878 246 'r

443 261 523 296 pore
540 250 651 295 ingens
668 245 782 293 pluviae
792 249 883 296 copia
896 248 1033 284 decidat.
1054 249 1172 284 Eadem
1193 248 1236 282 est
1254 250 1338 283 ratio
1349 250 1446 298 Nigri
1457 249 1596 285 fluminis
1610 250 1697 297 quod
1708 248 1827 287 eodem

445 307 594 343 tempore
609 297 644 329 iu
660 295 771 330 Africa
782 296 927 332 exundat
939 325 948 340 ,
964 309 1029 345 quo
1043 296 1137 334 Nilus
1155 299 1190 332 in
1204 300 1367 346 AEgypto;
1387 310 1446 332 nec
1469 301 1627 333 minorem
1644 310 1736 333 tetrae
1759 311 1825 334 tra—
1860 320 1878 331 =.

442 345 532 378 stum
551 344 690 378 decurrit
703 357 802 392 quam
829 344 935 382 Nilus.
963 349 1043 382 Sunt
1061 346 1116 380 alii
1133 359 1267 394 quoquc
1283 346 1374 383 fluvii
1392 348 1425 382 in
1447 348 1566 396 Congo
1591 360 1692 396 reguo
1707 349 1825 384 eodem

442 404 591 440 tempore
604 393 814 430 exundantes.
828 397 898 430 imo
910 401 943 432 &
957 397 1068 443 ingens
1080 395 1134 430 ille
1148 396 1283 431 Brasiliae
1295 395 1406 431 fluvius
1418 398 1598 445 Argenteus
1610 394 1728 432 eodem
1739 410 1825 446 pror-

441 441 489 476 sus
505 453 652 489 tempore
670 442 861 480 intumescit.
872 444 969 480 Indus
983 456 1115 493 quoque
1126 473 1136 488 ,
1150 451 1183 482 &
1203 448 1330 495 Ganges
1343 444 1462 493 pluviis
1475 444 1631 480 menfibus
1644 474 1654 489 ,
1666 457 1703 481 ut
1720 447 1825 495 plures

440 490 495 524 alii
514 492 610 526 indiae
625 490 712 526 fluvii
731 494 907 529 exundant.
1693 532 1694 535 ,

476 541 539 575 Sed
554 541 723 588 quomodo
734 570 742 585 ,
753 543 890 590 inquies,
900 553 956 577 aut
965 540 1091 590 pluvia,
1107 554 1160 578 aut
1173 554 1274 592 vapor
1293 543 1309 578 ὲ
1326 541 1403 577 locis
1418 541 1628 578 subterraneis
1654 555 1825 594 erumpens

437 587 511 622 saxa
524 601 578 624 aut
589 601 681 635 rupes
694 602 862 639 penetrat,
879 593 1005 629 &iniis
1018 590 1221 640 scaturigines
1233 603 1381 640 procreat
1397 602 1406 627 Ξ
1423 594 1472 628 An
1491 591 1577 627 forte
1587 594 1668 626 utin
1683 593 1826 631 humano

437 650 595 686 corpore,
613 637 652 673 sic
667 641 699 674 in
716 646 846 684 tetra,&
857 645 888 676 in
898 639 1027 688 rupibus
1039 639 1153 688 paffim
1165 654 1253 676 venae
1261 652 1314 675 aut
1326 640 1432 676 tubuli
1447 641 1506 676 huc
1523 640 1622 688 usque
1640 641 1826 682 discurruno

435 688 493 721 :Au
515 690 622 736 potius
645 689 734 735 quod
747 702 817 737 pars
838 689 972 725 inferior
988 691 1111 726 montis
1126 720 1134 734 ,
1149 701 1204 725 aut
1225 692 1310 739 rupis
1327 691 1489 726 interdum
1506 689 1542 725 fit
1559 690 1690 725 mollior
1706 702 1717 728 2
1736 694 1826 729 Hinc

440 748 567 771 montes
580 740 612 772 in
623 736 726 772 Insula
738 741 771 773 S·
784 739 922 774 Helenae
934 738 1010 773 licet
1030 738 1143 786 petrosi
1156 768 1166 782 ,
1178 741 1265 774 intus
1286 738 1372 774 forte
1394 737 1464 774 sunt
1473 739 1658 782 molliores,
1671 752 1744 776 curn
1757 755 1827 777 om-

435 797 496 819 nes
511 786 579 820 fere
595 786 735 824 arserint.
753 789 804 824 An
816 789 923 824 fontes
939 800 1005 823 non
1015 786 1138 837 semper
1146 787 1193 822 ibi
1206 786 1293 832 sunt,
1310 787 1368 822 ubi
1390 800 1546 836 apparent
1558 816 1567 831 ,
1587 787 1638 822 sed
1655 800 1694 823 ex
1708 790 1826 826 altiore

441 833 514 868 loco
528 847 584 883 per
601 834 820 872 subterraneos
845 839 955 872 duetus
971 837 1010 871 ad
1032 836 1137 872 locum
1157 837 1351 887 scaturiginis
1372 847 1564 886 permeant?
1589 836 1682 872 Plura
1702 841 1826 889 opponi

436 881 577 931 polsunt,
590 883 642 919 sed
659 897 698 920 ex
713 887 749 920 iis
761 899 834 934 quae
857 887 994 921 diximus
1006 914 1016 929 ‚
1031 884 1126 921 facile
1139 884 1348 921 dilsolventur
1358 900 1365 922 :
1376 886 1441 921 alio
1450 888 1560 934 itaque
1575 898 1755 935 pergamus.

952 985 983 1021 C
1005 986 1033 1022 A
1059 988 1082 1021 P
1105 986 1140 1022 U
1158 986 1190 1020 T
1242 987 1306 1020 IV.

814 1083 868 1115 De
888 1083 1038 1119 Thermis
1055 1084 1094 1119 ἀ
1115 1085 1209 1130 aquis
1231 1083 1463 1120 Mineralibus.

435 1178 657 1262 ⁴THermae
670 1179 733 1214 dici
752 1178 854 1215 solent
876 1181 985 1216 fontes
1002 1179 1098 1215 calidi
1116 1183 1174 1228 qui
1190 1182 1224 1216 in
1244 1180 1402 1230 plerisque
1423 1179 1500 1215 locis
1523 1179 1691 1218 ebulliunt.
1726 1183 1825 1234 Qae-

527 1230 605 1262 titur
621 1229 726 1270 ,unde
745 1240 851 1264 tantus
865 1231 897 1264 in
916 1232 952 1263 iis
970 1229 1081 1264 calor?

472 1278 572 1311 Hunc
585 1277 726 1312 calorem
744 1291 810 1313 non
820 1277 861 1312 ab
875 1280 951 1326 igne
962 1278 1095 1325 quidem
1113 1276 1320 1313 subterraneo
1333 1308 1344 1322 ,
1362 1281 1418 1325 qui
1439 1290 1494 1313 aut
1514 1277 1618 1313 nullus
1638 1281 1684 1314 est
1698 1310 1707 1324 ,
1720 1283 1825 1317 autin

440 1327 477 1360 iis
490 1337 578 1360 certe
590 1324 666 1360 locis
678 1355 687 1369 ,
702 1325 759 1360 ubi
776 1327 924 1371 thermae,
940 1337 996 1361 aut
1017 1325 1125 1361 fontes
1148 1327 1241 1361 calidi
1270 1326 1390 1362 scatent
1407 1356 1416 1370 ‚
1435 1327 1478 1362 sui
1495 1329 1621 1374 copiam
1640 1342 1706 1364 non
1723 1330 1822 1366 facit:

440 1374 492 1408 sed
505 1386 612 1410 tamen
626 1374 646 1410 a
664 1375 770 1410 calore
784 1374 989 1410 subterraneo
1005 1377 1059 1422 qui
1077 1375 1231 1423 nusquam
1241 1375 1310 1411 fere
1323 1377 1425 1419 deest,
1450 1378 1586 1410 omnino
1608 1389 1682 1412 eum
1696 1379 1825 1426 prodire

437 1435 564 1471 putem.
583 1424 671 1458 Cum
685 1423 746 1459 hoc
755 1423 835 1459 olim
849 1435 1073 1473 argumentum
1089 1427 1122 1460 in
1141 1425 1318 1459 Academia
1333 1427 1437 1474 Regia
1455 1425 1643 1460 tractaretur
1655 1456 1665 1467 ,
1678 1427 1824 1474 pluribus

438 1472 582 1508 ostendit
602 1477 642 1509 D.
661 1474 703 1507 du
714 1473 797 1509 Clos
818 1486 891 1509 eum
910 1473 1052 1508 calorem
1064 1486 1130 1509 non
1150 1473 1192 1508 ab
1209 1475 1283 1522 igne
1297 1473 1504 1509 subterraneo
1521 1503 1530 1518 ,
1557 1477 1613 1521 qui
1637 1475 1759 1510 tamdiu
1777 1478 1824 1510 vi-

438 1534 515 1571 gere
529 1524 609 1557 citra
628 1523 737 1557 a'e'rem
751 1536 815 1557 non
826 1521 928 1571 polset
939 1551 948 1565 ,
964 1521 1015 1557 sed
1031 1534 1069 1556 ex
1085 1535 1207 1572 vapore
1220 1522 1325 1558 calido
1341 1522 1506 1571 proficisci.
1524 1525 1614 1558 Hinc
1627 1524 1824 1560 thermarum

439 1583 520 1618 aqua
536 1573 602 1621 igni
620 1572 752 1606 admota
769 1585 835 1606 non
855 1571 980 1607 fac1lius
1000 1570 1113 1606 ebullit
1129 1584 1227 1619 quam
1250 1584 1332 1619 aqua
1350 1572 1477 1618 frigida.
1507 1573 1599 1621 Qin
1621 1577 1655 1609 ὅ(
1680 1572 1824 1620 linguam

438 1633 507 1654 non
518 1618 557 1655 fic
569 1621 676 1656 adurit
691 1633 776 1669 aqua
799 1621 996 1656 thermarum
1006 1649 1016 1665 ‚
1032 1631 1128 1668 atque
1138 1627 1224 1668 aqua
1237 1623 1417 1656 communis
1429 1649 1437 1663 ,
1451 1633 1522 1668 quae
1541 1633 1552 1654 t
1561 1635 1582 1655 x
1596 1623 1671 1669 igne
1682 1623 1824 1658 eundem

428 1668 554 1703 ‘caloris
575 1671 708 1719 gradum
722 1669 817 1704 nacta
831 1669 876 1704 est
890 1685 898 1705 :
915 1670 1002 1717 quod
1018 1669 1108 1717 hujus
1119 1669 1233 1705 caloris
1245 1669 1425 1718 subjectum
1444 1669 1480 1704 sit
1498 1672 1603 1704 tenuis
1623 1683 1745 1719 vapor,
1764 1675 1824 1718 qui

438 1731 505 1752 non
519 1730 584 1753 tam
599 1718 665 1753 alte
677 1719 790 1768 linguae
813 1731 866 1754 aut
881 1720 943 1752 oris
958 1729 1063 1766 partes
1086 1730 1243 1765 penetrat.
1265 1721 1317 1753 Sic
1331 1721 1505 1753 teneriores
1530 1718 1644 1753 herbas
1661 1731 1696 1754 ut
1712 1731 1825 1754 aceto-
1872 1735 1878 1756 ,-

428 1765 503 1800 -sam
520 1780 586 1802 non
602 1769 745 1806 emollit,
762 1779 819 1803 aut
833 1768 944 1814 coquit
954 1767 1068 1801 eadem
1080 1767 1237 1801 facilitate
1249 1779 1348 1814 atque
1363 1779 1445 1814 aqua
1456 1771 1633 1802 communis
1649 1797 1658 1810 ,
1675 1771 1723 1802 cui
1736 1769 1822 1803 idem

439 1815 550 1849 caloris
564 1817 677 1864 gradus
695 1816 787 1851 inest.
802 1818 889 1852 Hinc
899 1814 980 1863 saepe
994 1815 1128 1849 thermae
1145 1815 1312 1849 calidiores
1329 1815 1396 1849 sum
1407 1815 1502 1849 noste
1515 1828 1610 1861 quam
1629 1817 1681 1850 die
1700 1829 1708 1850 τ
1731 1818 1820 1863 quod
1872 1822 1878 1850 ἶ

438 1865 460 1896 ii
477 1877 611 1911 vapores
622 1877 758 1900 externo
784 1867 864 1899 aeris
879 1862 1000 1912 frigore
1010 1875 1216 1898 coerceantur
1234 1892 1243 1907 ,
1259 1868 1292 1900 &
1307 1866 1372 1898 aeri
1389 1862 1522 1912 expositi
1542 1864 1656 1898 diutius
1681 1864 1824 1901 calorem

439 1910 526 1947 suum
540 1924 688 1947 tueantur
702 1943 711 1956 ,
725 1926 821 1960 quam
834 1924 914 1959 aqua
938 1914 1006 1960 igni
1023 1913 1164 1947 admota.

476 1962 527 1994 Ac
541 1961 728 2009 plerumque
744 1962 789 1996 hae
804 1974 894 2008 aquae
909 1960 978 1996 sumt
988 1960 1155 1996 minerales
1174 1975 1181 1994 :
1195 1960 1281 1995 unde
1299 1960 1376 1996 illud
1394 1974 1459 1997 non
1474 1960 1629 1996 abhorret
1647 1961 1666 1997 ὲ
1678 1973 1756 1996 vero
1770 1961 1824 1997 fu-
1875 1952 1878 1965 Σ

425 2022 508 2045 'mos
524 2011 540 2045 ὲ
558 2009 728 2057 sulphureis
740 2008 949 2045 mineralibus
963 2009 1104 2045 sublatos
1123 2009 1205 2044 hunc
1221 2022 1311 2057 aquae
1334 2010 1472 2046 calorem
1491 2012 1658 2058 impertiri.
1678 2012 1729 2045 Sic
1745 2023 1824 2058 pro·
1876 2047 1878 2071 ἶ

439 2071 480 2106 pe
500 2058 731 2106 Aquisgranum
741 2089 749 2102 ,
764 2058 820 2093 ubi
832 2057 979 2107 plerique
992 2059 1102 2093 fontes
1116 2058 1211 2092 calidi
1228 2064 1277 2101 ,ἃ
1289 2061 1377 2107 putei
1392 2071 1563 2094 occurrunt
1581 2089 1589 2102 ,
1608 2060 1771 2108 sulphuris,
1785 2065 1823 2096 &

439 2109 551 2156 lapidis
569 2107 769 2142 calaminaris
783 2108 888 2143 multae
904 2106 974 2142 sunt
995 2107 1124 2142 fodinae.
1158 2111 1231 2144 Nec
1257 2111 1374 2143 mirum
1389 2107 1409 2142 fi
1431 2109 1546 2142 diutius
1569 2109 1707 2143 calorem
1731 2107 1820 2143 suum

441 2168 590 2192 tueantur
604 2186 613 2200 ,
627 2169 700 2192 curn
714 2159 779 2191 aeri
793 2170 857 2192 non
875 2168 1084 2204 exponantur.
1101 2159 1190 2192 Nam
1202 2155 1284 2204 quasi
1299 2156 1376 2191 vasis
1391 2155 1516 2191 occlusis
1533 2159 1749 2192 continentur.
1768 2159 1821 2192 In-

439 2204 567 2241 tensum
583 2218 662 2240 vero
675 2206 814 2241 calorem
829 2205 983 2254 pleraque
995 2206 1158 2240 minei-alia
1174 2205 1262 2241 simul
1283 2209 1384 2241 mixta
1398 2217 1577 2254 procreant.
1602 2207 1653 2240 Sic
1677 2207 1821 2240 antimo-

439 2256 532 2290 nium
546 2267 618 2289 cum
632 2254 802 2290 sublimato
815 2254 980 2289 contusum
990 2254 1133 2302 impense
1142 2256 1226 2290 calet
1236 2253 1414 2299 3fifloribus
1426 2253 1575 2301 sulphuris
1588 2283 1596 2295 ‚
1610 2260 1644 2291 ὃς
1665 2255 1819 2290 limatum:

439 2303 584 2341 chalvbis
599 2317 718 2350 aquam
736 2304 886 2353 frigidam
903 2302 1218 2351 affiideris,magnum
1231 2304 1370 2338 calorem
1393 2301 1561 2339 excitabis.
1583 2306 1654 2338 Imo
1672 2315 1709 2338 ea
1727 2301 1820 2336 lima-

441 2344 603 2399 triraaqua
623 2352 685 2388 sola
699 2354 824 2388 imbuta
835 2352 977 2386 calorem
989 2350 1146 2400 concipit,
1160 2358 1191 2389 &
1209 2354 1263 2386 diu
1280 2351 1393 2386 servat.

482 2401 687 2450 Aquisgrani‚
702 2409 735 2441 ἃ
748 2405 782 2438 in
800 2404 904 2452 puteis
922 2403 1032 2437 vicinis
1048 2415 1109 2437 ova
1126 2405 1208 2437 intra
1229 2401 1354 2447 aliquot
1375 2402 1496 2437 minuta
1511 2411 1702 2448 coquuntur.
1730 2399 1821 2434 Idem
