1878 2724
191 180 239 217 Ex
252 178 345 228 ligno
362 176 497 226 quidem
517 178 622 213 veteri
648 182 684 215 &
708 188 860 225 corrupto
879 187 1006 213 vermes
1027 175 1221 225 plerumque
1242 173 1382 220 sentem,
1407 143 1548 226 quotu&

143 240 207 265 ova
224 228 312 266 forte
325 229 379 262 diu
394 228 440 262 'rbi
451 226 520 262 sunt
532 225 686 262 affetvata
695 238 873 275 antequam
885 225 1233 274 excluderentur.Qae
1244 227 1277 261 in
1290 226 1462 263 visceribus
1472 233 1544 265 ani..

143 278 240 314 malin
257 294 272 300 „
287 291 343 314 inr.
358 279 451 312 rdum
463 288 623 326 apparent
634 306 643 321 ‚
655 289 693 312 ex
705 275 817 311 iisdem
830 279 974 311 oriuntur
991 276 1169 324 principiis.
1187 280 1234 310 Ac
1244 275 1326 324 saepe
1341 276 1459 313 insedbi
1475 279 1544 328 ipsa

142 340 199 363 ore
209 328 351 363 ducimus
362 356 372 371 ,
381 338 436 362 aut
453 339 525 361 cum
538 326 699 361 frucubus
708 332 741 362 &
754 326 915 361 alimentis
925 324 1040 360 horum
1059 337 1122 359 ova
1131 324 1337 373 deglutimus.
1353 329 1390 361 Et
1399 325 1471 362 sane
1481 341 1541 364 na-

142 389 212 413 tura
233 377 419 412 constantes
443 380 477 413 δι
493 374 670 423 aequabiles
681 378 714 411 in
732 374 792 410 suis
813 374 964 423 operabus
983 373 1125 421 sequitur
1143 374 1229 423 leges
1244 403 1253 418 ‚
1278 375 1362 410 nihil
1385 375 1469 411 casui
1487 388 1543 414 aut

140 427 281 462 forrunae
293 426 367 461 licet
382 429 544 473 3cumqu'e
563 424 755 460 inseetorum
772 436 860 459 ortus
873 437 911 459 ex
921 422 1097 459 seminibus
1118 424 1272 472 pendeat,
1284 425 1313 458 id
1331 427 1465 461 minime
1476 429 1542 461 exi-

141 477 332 512 stimandum
346 504 356 519 ‚
377 487 413 510 ea
425 487 480 523 per
493 475 642 512 accidens
659 487 713 510 aut
732 486 854 509 temere
870 473 923 510 vel
944 485 981 508 ex
997 474 1185 522 purredme,
1200 472 1253 508 vel
1271 485 1314 509 cx
1328 474 1444 522 plantis
1465 488 1541 524 pro-

141 529 256 562 creari.

176 576 210 610 Id
228 587 335 610 tamen
346 574 521 611 decernere
531 589 598 611 non
609 572 707 609 aufim
719 603 728 617 ,
742 586 782 609 an
800 583 907 622 partes
923 574 1073 621 quaedam
1087 572 1278 609 animalium
1292 587 1358 609 non
1371 572 1429 609 fint
1443 577 1545 610 inter-

140 625 218 659 dum
231 624 322 659 velut
334 623 453 660 semina
469 655 478 670 ‚
492 637 547 660 aut
557 636 620 660 ova
630 652 639 667 ‚
661 636 700 658 ex
716 623 836 672 quibus
848 622 910 657 alia
925 626 1085 672 prodeant
1096 623 1261 666 animalia,
1278 623 1347 658 fere
1361 635 1397 658 ut
1411 622 1544 669 viscum,

140 686 196 709 aur
211 687 340 709 mucum
354 676 386 708 in
397 674 567 709 arboribus
579 671 642 708 effe
653 674 801 708 diximus,
814 671 893 707 illud
910 675 993 708 inter
1005 685 1123 708 caetera
1132 675 1189 708 Vir
1200 673 1398 721 pereruditus
1409 675 1443 708 in
1453 674 1540 722 phy.

139 721 250 761 ficis&
263 724 508 759 Mathematicis
522 727 566 760 D.
585 723 735 757 Sedileau
747 720 841 758 nobis
859 723 890 756 in
908 723 1086 756 Academia
1100 734 1201 770 nuper
1227 721 1394 757 referebat
1413 723 1445 757 id
1466 724 1487 758 ὲ.
1511 723 1542 759 se

138 772 350 814 observatum
363 802 372 816 ,
389 774 566 823 papiliones
576 772 669 808 albos
686 773 790 819 quide
801 772 853 806 die
866 773 902 807 in
914 771 1017 806 hortis
1031 771 1176 808 volitant
1185 800 1194 814 ,
1215 784 1255 806 ex
1268 774 1371 808 erucis
1382 773 1475 807 viridi
1484 785 1542 808 co-

138 821 208 857 lore
219 824 326 858 tinctis
341 835 457 868 magna
467 836 507 858 ex
521 834 611 871 parte
622 821 843 869 formari‚quae
855 823 1050 857 imminente
1063 821 1360 857 transformationis
1372 833 1520 871 tempore
1531 853 1541 867 ‚

139 873 236 906 muris
245 883 302 906 aut
314 863 483 907 arboribus
492 872 723 915 adhaereicunt,
734 871 790 906 filo
807 873 890 906 circa
902 871 1046 905 medium
1059 882 1174 919 corpus
1191 870 1317 918 illigato
1331 869 1476 919 pensiles,
1485 870 1544 906 sic-

138 932 202 968 que
219 920 396 956 inaurelias
407 921 459 955 vel
471 921 632 969 nymphas
649 918 772 954 abeunt
788 936 799 962 ·‚
818 919 925 953 locum
943 918 1022 954 vero
1034 919 1195 953 devexum
1216 924 1250 955 &
1267 918 1310 953 ab
1322 922 1404 954 aeris
1420 921 1543 970 injuriis

139 980 246 1004 tutum
257 967 521 1018 seligunt‚atque
531 967 639 1004 eofitu
657 979 761 1004 totam
779 968 923 1003 hiemem
940 967 1018 1016 saepe
1034 969 1217 1015 exigunt,&
1231 980 1308 1003 vere
1325 970 1459 1004 ineunte
1469 983 1544 1006 mu-

139 1029 246 1055 tantur
258 1021 290 1053 in
301 1018 480 1066 papiliones
495 1018 582 1062 3aliae
594 1015 690 1051 citius
705 1023 737 1054 δε
747 1020 830 1057 intsa
847 1030 858 1051 1
876 1029 890 1061 5
914 1028 969 1051 aut
989 1029 1037 1052 20
1047 1017 1114 1050 dies
1129 1015 1415 1052 transformantur.
1436 1018 1544 1066 Qas.

138 1068 213 1102 dam
224 1080 263 1101 ex
277 1069 314 1100 iis
325 1067 452 1101 aureliis
469 1068 644 1102 innumeris
657 1066 848 1101 vermiculis
858 1064 994 1100 refertas
1008 1066 1170 1100 interdum
1179 1068 1311 1114 repetit,
1323 1069 1423 1114 quiin
1436 1072 1544 1103 minu-

140 1119 239 1151 tiores
258 1115 379 1150 muscas
390 1114 459 1151 finit
468 1113 610 1151 conversi
624 1132 633 1160 3
648 1117 680 1150 in
690 1115 760 1150 aliis
774 1116 852 1150 duos
867 1115 1023 1150 duntaxat
1035 1127 1090 1150 aut
1110 1126 1172 1149 tres
1186 1128 1314 1151 vermes
1324 1116 1463 1152 offendit
1477 1146 1486 1160 ,
1503 1131 1543 1162 ex

139 1164 257 1213 quibus
269 1164 379 1200 muscae
392 1165 509 1200 coloris
519 1167 638 1199 cinerei
651 1165 850 1213 prodierunt.
863 1166 924 1198 Vix
940 1164 1018 1199 illud
1040 1163 1198 1199 credibile
1221 1165 1283 1209 est,
1305 1178 1361 1200 eos
1378 1170 1543 1204 vermicu-

140 1215 189 1250 los
200 1227 238 1249 ex
251 1213 426 1249 muscarum
438 1216 509 1249 ovis
518 1213 668 1263 prodiiffe
681 1242 692 1257 ‚
717 1226 906 1262 quanquam
927 1214 960 1248 id
973 1225 1106 1261 quoque
1118 1212 1186 1249 fieri
1201 1213 1338 1262 potuiffe
1353 1229 1419 1251 non
1441 1229 1544 1266 nega-

140 1267 256 1302 verim,
276 1264 393 1306 Unde,
403 1276 437 1299 ut
448 1266 572 1312 optime
588 1262 740 1299 observat
754 1266 812 1300 Vir
826 1275 901 1298 mox
920 1263 1083 1306 laudatus,
1097 1262 1209 1298 muscae
1220 1276 1333 1299 omnes
1344 1265 1409 1300 non
1422 1277 1460 1300 ex
1472 1267 1543 1301 aliis

140 1316 313 1363 gignuntur
325 1312 435 1348 muscis
445 1343 453 1357 ‚
466 1313 517 1348 sed
531 1312 612 1362 saepe
623 1314 722 1348 etiam
732 1313 894 1361 prodeunt
907 1325 949 1353 ex
967 1314 1077 1348 erucis.
1089 1313 1155 1348 Sed
1169 1324 1239 1360 quxe
1250 1313 1274 1349 ὸ.
1293 1313 1431 1364 vulgatis
1450 1314 1544 1351 diffe-

139 1375 216 1398 runt
232 1391 242 1406 ,
265 1376 302 1398 ex
316 1363 500 1398 vermiculis
525 1366 583 1409 qui
610 1364 643 1397 in
663 1361 818 1398 fruChbus
839 1361 1029 1397 delitescunt
1039 1390 1048 1405 ,
1070 1375 1136 1397 non
1148 1375 1221 1397 raro
1234 1365 1391 1401 oriuntur.
1421 1365 1545 1413 Neque

140 1424 253 1447 omnes
267 1424 374 1447 tamen
386 1441 395 1454 ,
415 1415 470 1459 qui
482 1410 640 1447 fructibus
655 1410 763 1448 insunt
772 1411 940 1447 vermiculi
953 1414 986 1447 in
997 1409 1117 1447 muscas
1129 1424 1380 1457 convertuntur,
1395 1412 1544 1463 plerique

142 1464 233 1497 enim
251 1463 284 1497 in
298 1461 475 1509 papiliones
492 1460 687 1497 formantur.

177 1514 257 1560 Qo
269 1522 378 1545 autem
391 1511 492 1545 modo
506 1509 563 1546 fiat
575 1509 769 1546 insectorum
785 1513 952 1560 generatio
963 1540 973 1555 ‚
991 1511 1023 1545 id
1041 1524 1107 1547 uno
1117 1508 1221 1546 verbo
1234 1510 1388 1559 explicari
1400 1526 1466 1547 non
1483 1526 1544 1561 po.

140 1560 207 1595 rest.
221 1563 257 1595 In
269 1559 452 1595 universum
475 1571 585 1595 tamen
602 1558 775 1594 observate
792 1561 868 1595 licet
879 1590 889 1603 ‚
901 1563 932 1596 in
947 1572 1042 1596 carne
1052 1572 1202 1608 corrupta
1215 1589 1226 1603 ‚
1250 1561 1355 1595 aestate
1370 1560 1542 1610 praesertim

140 1621 195 1645 aut
206 1621 332 1644 vermes
343 1620 498 1658 apparere
508 1638 517 1652 ,
535 1620 592 1644 aut
604 1620 804 1645 recrementa
813 1609 1007 1653 muscarum,
1021 1622 1093 1657 quae
1103 1609 1316 1658 microscopio
1327 1609 1379 1646 seu
1397 1624 1460 1646 ova
1476 1623 1544 1646 ter-

139 1655 189 1702 sa,
202 1664 235 1696 δε
247 1657 300 1693 suo
315 1660 480 1706 putamine
489 1658 632 1693 obdu&a
645 1670 837 1695 cernuntur:
854 1659 912 1694 hos
928 1671 1056 1693 vermes
1070 1658 1194 1694 exaffis
1212 1671 1351 1707 quatuor
1372 1672 1428 1696 aut
1447 1662 1543 1708 quin-

138 1719 203 1754 que
214 1706 329 1742 diebus
347 1736 356 1750 ,
369 1709 491 1743 Αιιᾶοῐ
503 1720 604 1756 quem
620 1707 682 1743 hoc
700 1707 773 1742 loco
795 1706 1001 1756 potiffimtlm
1022 1708 1183 1756 sequimur
1202 1738 1212 1750 ‚
1241 1711 1274 1744 in
1287 1722 1349 1743 ova
1361 1713 1478 1758 partim
1493 1712 1544 1745 ni-

139 1768 212 1805 gra,
230 1759 348 1805 partim
361 1756 516 1792 subrubra
542 1755 691 1792 facessere
708 1770 855 1806 expertus
869 1757 921 1792 est
933 1761 977 1793 Ex
991 1756 1093 1793 rubris
1109 1756 1205 1793 citius
1215 1757 1328 1793 muscae
1339 1759 1459 1794 virides
1473 1788 1482 1802 ,
1502 1772 1542 1795 ex

140 1807 240 1854 nigris
253 1804 374 1840 tardius
387 1805 503 1841 culices
514 1835 522 1850 ‚
535 1804 634 1855 vulgo
645 1807 697 1840 des
709 1807 825 1852 coufins
842 1807 1043 1842 emerserunt.
1055 1810 1099 1843 Ex
1111 1820 1177 1842 ovo
1187 1807 1292 1842 musca
1303 1808 1420 1856 'prodit
1445 1820 1543 1856 rupto

141 1856 307 1902 putamine
318 1869 326 1890 :
337 1855 437 1904 segnis
451 1861 486 1893 δε
498 1857 625 1904 torpida
645 1853 783 1890 nascitur
793 1885 802 1900 ,
814 1855 867 1890 sed
877 1856 960 1892 illius
971 1856 1026 1890 alae
1039 1855 1134 1891 brevi
1152 1856 1353 1904 explicantur
1367 1886 1377 1901 ‚
1396 1862 1429 1894 δε
1439 1860 1483 1892 ita
1501 1859 1545 1893 est

139 1916 256 1953 magna
269 1933 278 1947 ‚
290 1916 327 1939 ur
342 1907 457 1940 mirum
477 1903 513 1939 (it
527 1917 594 1940 ram
606 1905 738 1953 angusto
757 1908 926 1954 putamine
947 1918 1019 1941 eam
1033 1905 1168 1954 potuiffe
1188 1906 1432 1955 comprehendi.
1457 1909 1544 1942 Intra

141 1954 220 1988 osto
237 1954 311 1987 dies·
322 1966 362 1988 ex
377 1956 476 2002 nigris
487 1956 561 1990 ovis
575 1953 693 1989 culices
703 1955 831 2002 prodire
842 1954 898 1990 vili
908 1953 982 1990 sunt„

171 2003 332 2037 Ovarium
341 2003 373 2036 in
385 2001 497 2037 muscis
509 2004 542 2036 in
554 2004 631 2037 duas
642 2003 737 2037 velut
744 2004 874 2038 cellulas
889 2004 1153 2051 dividitur;idque
1167 2017 1319 2052 magnum
1335 2004 1378 2038 est
1391 2005 1491 2053 usque
1503 2007 1544 2042 ad

141 2050 343 2087 miraculum.
354 2053 433 2086 Ova
444 2063 565 2093 araneae
578 2051 758 2097 pellucent3
770 2053 909 2087 rotunda
924 2052 1100 2087 admodum
1120 2070 1130 2096 ;
1142 2066 1180 2087 ex
1194 2054 1231 2087 iis
1242 2052 1386 2087 araneoli
1405 2057 1462 2101 qui
1482 2055 1546 2089 sta..

141 2098 202 2134 n‘m
216 2111 253 2133 ac
273 2102 340 2134 na·i
352 2098 421 2135 sunt
431 2129 440 2142 ,
455 2099 528 2134 teloe
542 2100 707 2147 quoddam
722 2101 939 2135 rudimentum
959 2112 1112 2137 texuere:
1139 2105 1176 2137 ex
1191 2113 1306 2136 aranea
1327 2103 1545 2151 quinquagin..

142 2159 174 2183 ta
184 2147 324 2184 araneoli
343 2149 470 2196 prodire
482 2146 538 2183 visi
548 2178 557 2192 ,
573 2160 712 2195 quorum
726 2149 878 2185 nonnulli
892 2152 926 2185 in
938 2149 1014 2185 vase
1025 2150 1151 2187 occluso
1167 2149 1210 2185 ab
1231 2152 1327 2186 initio
1340 2153 1547 2199 Septembris

140 2196 238 2244 usque
248 2198 288 2232 ad
300 2200 451 2234 octavum
461 2197 622 2233 Februarii
642 2199 744 2233 vitam
766 2197 830 2235 fine
839 2198 914 2234 cibo
923 2200 1114 2248 produxere.
1127 2199 1222 2236 Visus
1233 2200 1279 2234 est
1290 2212 1422 2236 araneus
1437 2204 1471 2237 in
1484 2215 1542 2238 va-

141 2244 171 2281 se
184 2244 288 2282 clauso
299 2249 429 2283 exuvias
442 2259 563 2296 ponere
583 2261 592 2282 z
611 2259 665 2282 eas
675 2259 786 2284 tamen
796 2262 862 2284 non
881 2248 923 2283 ab
935 2261 991 2283 ore
1004 2277 1014 2290 ,
1036 2248 1086 2284 sed
1110 2244 1152 2285 ab
1177 2251 1246 2284 imo
1267 2260 1381 2284 ventre
1401 2251 1543 2290 deducit.

140 2297 216 2332 Nec
229 2308 341 2331 verum
355 2297 398 2331 est
408 2325 418 2340 ‚
438 2297 528 2345 quod
544 2296 737 2333 Aristoteles
747 2300 794 2334 ait
804 2327 814 2342 ‚
826 2310 978 2334 araneam
995 2311 1062 2334 non
1075 2298 1137 2335 effe
1158 2300 1333 2347 oviparam
1346 2328 1356 2343 ,
1377 2298 1429 2335 sed
1446 2303 1541 2337 vivos

139 2345 238 2380 foetus
255 2346 362 2383 edere.

174 2394 359 2477 Papiliqo-nes
386 2395 504 2478 clo'J'unt
515 2423 525 2440 ,
550 2400 583 2434 &
601 2397 772 2446 ingentem
795 2409 936 2437 ovorum
949 2397 1192 2438 multitudinem
1201 2400 1329 2483 pariunst
1338 2428 1356 2483 ‚f
1359 2411 1407 2483 1ex
1420 2398 1540 2449 quibus

303 2459 360 2482 om.
441 2471 450 2480 .
1277 2450 1299 2482 S
