1878 2724
362 131 412 166 310
665 114 927 151 PHYSICAE
965 116 1131 153 PARS
1171 115 1455 154 SECUNDA·

362 167 402 203 ad
418 163 493 200 fixas
514 191 524 208 ,
538 163 577 198 ad
593 175 671 210 quas
689 165 861 199 revertitur
873 191 883 207 ,
898 163 951 198 vel
978 166 1019 199 ad
1037 166 1165 213 pun&a
1189 164 1429 212 aequinoc‘tialia
1444 176 1518 212 quae
1537 165 1569 199 in
1591 162 1664 198 luna
1687 161 1756 199 sunt

390 213 546 249 eculiaria·
562 213 647 246 Cum
656 223 765 245 antem
777 213 927 247 circuitus
942 210 1016 247 solis
1038 224 1156 248 tertam
1174 224 1248 249 curn
1270 213 1343 248 luna
1358 213 1612 262 comprehendat
1623 240 1632 256 ,
1650 222 1756 248 motus

365 227 438 299 {olis
454 272 574 297 annuus
592 259 611 294 :a
624 259 699 294 luna
711 288 719 303 ,
736 271 772 295 ut
788 259 810 296 ὲι
828 272 914 295 tetta
924 261 1105 298 videretur.
1128 262 1230 309 Qod
1246 263 1359 310 utique
1376 261 1498 298 neceffe
1516 262 1563 297 est
1579 263 1711 297 evenire
1726 262 1759 295 in

368 320 558 360 quacunque
573 306 755 356 liypotheii.
765 311 854 345 Nam
869 311 902 344 in
916 309 1088 359 systemate
1102 311 1331 359 Copernicano
1346 310 1420 346 luna
1432 324 1501 359 quae
1512 322 1629 346 tertam
1643 308 1758 353 ambit,

370 370 514 396 unacum
532 368 614 391 tetra
625 356 687 406 ipsa
702 359 786 393 circa
806 356 904 393 solem
923 371 1015 395 motu
1030 371 1140 396 annuo
1155 358 1319 408 abripitur.
1338 362 1424 395 Intra
1441 362 1517 396 anni
1528 359 1665 407 spatium
1686 358 1762 393 luna

370 408 544 443 duodecies
557 407 639 440 circa
660 418 778 442 terram
791 407 931 442 volvitur
946 422 954 444 :
970 421 1010 443 ex
1023 421 1085 456 qua
1095 409 1210 455 utique
1222 408 1429 443 revolutione
1451 409 1613 443 menstrua
1626 410 1764 454 inaequa-

370 457 442 492 litas
457 454 605 503 quaedam
626 457 657 490 in
672 466 764 490 motu
774 468 883 491 annuo
894 454 964 491 solis
977 459 1138 492 exoritur:
1156 469 1226 505 quae
1236 458 1373 504 quidem
1382 456 1578 504 inaequalitas
1591 459 1623 492 in
1643 469 1682 490 eo
1696 454 1762 491 m'o.

374 517 426 548 tu,
438 516 475 540 ut
488 504 508 540 ἐι
520 503 594 538 luna
608 502 823 552 conspicitur,
845 517 888 540 eo
907 506 950 540 est
966 508 1072 541 minor
1086 535 1096 550 ,
1111 519 1177 553 quo
1204 505 1289 540 orbis
1309 506 1389 542 lunae
1410 518 1508 553 quem
1528 517 1617 540 motu
1635 507 1766 553 proprio

373 553 540 605 perlustrat
554 582 562 595 ‚
572 555 679 588 minor
695 552 743 587 est
755 566 829 589 cum
842 554 922 590 orbe
941 554 1013 589 solis
1024 584 1033 598 ,
1047 567 1101 590 aut
1114 554 1195 589 orbe
1213 566 1304 590 terta:
1313 567 1420 591 annuo
1437 566 1640 602 comparatus
1655 567 1662 588 :
1685 554 1766 588 adeo

375 615 411 640 ut
426 608 514 652 juxta
525 600 769 636 observationes
787 605 828 637 D.
845 601 966 638 Caffini
979 604 1135 639 diameter
1145 603 1232 638 orbis
1248 604 1364 639 lunatis
1377 606 1429 638 vix
1443 602 1478 637 fit
1488 614 1559 651 pars
1583 601 1769 638 trecentesi-

374 666 429 694 ma
441 651 528 686 orbis
539 653 640 686 annui
653 667 662 693 ·,
677 663 714 684 ac
725 662 897 699 propterea
909 653 1060 687 undecim
1073 653 1300 688 tantummodo
1318 657 1519 689 minutorum
1537 651 1577 685 ad
1593 650 1767 694 summum,

373 699 630 749 inaequalitatem
643 701 748 734 motui
757 713 865 736 annuo
885 729 894 746 ,
908 700 1012 748 qualis
1024 712 1160 750 apparet
1170 713 1211 739 ex
1221 712 1303 736 terra
1318 731 1328 747 ,
1341 702 1505 737 menstruae
1520 700 1583 735 illae
1593 699 1770 735 revolutio-

376 763 433 788 nes
450 746 578 798 possunt
595 749 748 796 adjicere.

417 805 450 835 6.
475 798 561 833 Cum
572 797 704 845 planum
723 797 876 847 ecliptica:
886 800 917 834 in
930 810 1012 834 tetra
1031 801 1231 843 vocitemus,
1244 798 1315 834 solis
1333 798 1497 842 orbitam3
1513 811 1550 833 ac
1564 809 1670 832 motus
1691 795 1769 831 lunae

383 850 530 898 proprius
546 858 603 895 per
614 847 767 881 circulum
777 850 835 894 qui
847 847 890 881 ab
908 861 949 882 eo
966 848 1064 896 plano
1082 864 1094 895 5
1111 848 1164 883 vel
1179 851 1305 884 circiter
1327 847 1474 896 gradibus
1488 848 1520 881 dt
1530 846 1568 882 fit
1576 848 1635 882 &it
1649 876 1656 889 ,
1673 843 1772 894 perfi-

382 900 496 933 ciatur.
518 897 597 931 Haec
611 896 755 930 deviatio
767 895 850 930 lunae
863 895 904 930 ab
921 897 1077 945 eclipticae
1095 897 1194 945 plano
1208 911 1276 933 non
1296 895 1456 932 videbitur
1471 898 1492 932 ἐι
1509 895 1573 931 sole
1589 901 1691 944 major
1706 907 1771 930 uno

387 948 529 983 minuto.
549 946 630 981 Non
648 946 734 978 enim
749 956 804 992 per
821 943 919 979 talem
937 946 1192 981 declinationem
1216 945 1291 981 luna
1307 944 1471 994 plusquam
1489 945 1660 980 undecima
1680 954 1772 992 parte

385 994 614 1030 semidiametri
631 992 719 1027 orbis
739 992 857 1028 lunatis
869 1006 969 1041 quem
979 997 1219 1044 mottifproptio
1241 996 1394 1043 percurrit
1409 1023 1418 1037 ‚
1436 992 1526 1042 supra
1536 993 1692 1041 eclipticae
1704 992 1773 1039 pla-

385 1056 466 1080 num
482 1042 643 1076 attollitur
658 1055 664 1075 :
683 1053 751 1075 tota
768 1054 845 1075 vero
863 1042 1072 1078 [eniidiamet
1084 1056 1098 1077 r
1111 1042 1197 1077 orbis
1215 1043 1329 1078 lunaris
1341 1056 1379 1076 ex
1398 1043 1461 1078 sole
1478 1041 1541 1076 visa
1558 1054 1625 1076 non
1639 1051 1774 1088 apparet

388 1097 489 1138 major
501 1104 532 1126 tt
550 1093 679 1125 minutis
696 1104 704 1125 ε
719 1102 797 1137 ergo
812 1089 875 1138 ipsa
885 1091 1030 1127 deviatio
1039 1091 1080 1127 ab
1098 1092 1244 1141 ecliptica
1255 1121 1265 1136 ‚
1278 1092 1332 1127 seu
1342 1091 1480 1126 latitudo
1498 1090 1577 1126 lunae
1589 1103 1629 1126 ex
1646 1088 1709 1125 sole
1722 1090 1773 1126 v-i-

389 1140 421 1177 ίὲῑ
439 1153 506 1177 non
524 1144 626 1188 major
647 1138 693 1174 est
713 1151 778 1176 uno
795 1141 934 1176 minuto.

898 1221 929 1256 C
945 1222 1015 1258 A-I'
1030 1225 1065 1260 U
1078 1224 1114 1259 T¹
1172 1228 1199 1260 V
1213 1223 1271 1261 H}

639 1299 693 1334 De
714 1302 896 1339 Mercurii,
917 1301 954 1337 ὠ·
980 1304 1116 1340 Veneris
1127 1305 1330 1356 phanoaenenii·
1370 1303 1408 1340 ὠ·
1425 1313 1522 1340 motu.

396 1383 661 1468 REliquotum
676 1380 877 1428 planetarum
895 1395 1002 1418 motus
1021 1386 1186 1434 explicatu
1201 1386 1271 1420 sunt
1288 1385 1446 1420 faciliores
1470 1387 1503 1420 in
1530 1383 1780 1431 Copernicana=‚

478 1444 533 1466 aut
549 1434 580 1466 in
602 1430 820 1478 Tychoniana
846 1430 1016 1480 hypothesi
1030 1462 1039 1475 ,
1055 1447 1154 1481 quam
1167 1430 1413 1470 iffPtolemasea
1432 1447 1440 1470 ε
1455 1447 1528 1469 cum
1544 1433 1563 1469 ὲ
1576 1443 1669 1467 motu
1682 1429 1752 1464 solis
1770 1459 1780 1474 ,

398 1493 455 1517 aut
472 1492 560 1516 terrae
577 1481 710 1514 omnino
729 1479 915 1526 dirigantur.
942 1484 994 1516 Sic
1009 1485 1042 1517 in
1057 1483 1222 1532 systemate
1240 1485 1437 1531 Copernici,
1455 1494 1507 1518 aut
1520 1479 1672 1522 Cartefii,
1691 1480 1782 1525 quod

401 1543 435 1565 ur
451 1528 612 1578 hypotcsis
626 1556 635 1571 ‚
653 1540 718 1562 non
732 1526 868 1562 utthefis
887 1530 929 1562 ab
943 1530 1144 1567 Astronomis
1164 1532 1298 1580 supponi
1317 1533 1419 1580 potest
1434 1561 1444 1575 ,
1459 1532 1501 1566 sol
1515 1534 1545 1565 in
1560 1540 1671 1564 centro
1689 1526 1780 1573 hujus

403 1580 538 1615 vorticis
560 1590 655 1625 quem
670 1575 838 1610 incolimus
858 1578 1047 1617 constitutus
1065 1581 1168 1629 spatio
1185 1589 1229 1617 26
1244 1581 1366 1616 dierum
1384 1593 1440 1616 aut
1455 1582 1578 1616 circiter
1596 1579 1680 1612 circa
1694 1575 1782 1612 (uum

405 1639 553 1662 centrum
574 1626 728 1661 volvitur.
746 1625 816 1659 So'i
832 1629 978 1674 proxima
989 1628 1033 1662 est

406 1673 715 1722 Mercurii-orbita,
734 1686 835 1720 quam
861 1674 963 1723 spatio
988 1679 1030 1713 88
1352 1676 1388 1712 Ῥ
1411 1670 1441 1707 C
1463 1672 1506 1719 Q

408 1727 534 1760 dierum
548 1724 698 1758 decurrit.
727 1725 927 1759 Mercurium
947 1727 1038 1759 excid

410 1776 459 1822 pit
472 1771 558 1806 orbis
569 1773 704 1806 Veneris
721 1799 730 1812 ‚
744 1782 836 1804 terrae
849 1771 920 1805 orbi
938 1771 1038 1807 finiti·

402 1833 481 1863 ,mus
498 1837 508 1864 3
523 1818 703 1866 cujusmodi
721 1818 765 1852 est
780 1819 910 1854 circulus
931 1822 1008 1854 SGS
1027 1829 1044 1852 ι

414 1868 501 1905 orbis
519 1880 610 1903 tettae
620 1869 681 1901 etit
691 1868 791 1909 LNL,
803 1868 937 1902 tandem
951 1868 1041 1905 cEC

403 1917 469 1955 ‚vel
486 1916 673 1962 eclipticam
686 1943 695 1957 ‚
715 1915 768 1949 vel
783 1914 951 1963 superioris
973 1917 1042 1965 pla-

415 1977 496 2003 netae
513 1964 626 1999 orbem
645 1966 804 2010 exprimat
818 1977 826 1999 τ
840 1964 957 2011 quibus
983 1979 1043 2014 po..

416 2014 480 2050 fitis
502 2042 511 2056 ‚
540 2018 607 2061 jam
628 2011 821 2048 inferiorum
841 2013 1046 2060 planetarum
1717 1981 1759 2018 D

418 2063 602 2104 Mercurii,
620 2066 653 2097 ὃς
671 2063 810 2096 Veneris
832 2061 1048 2109 phaenotnena
1100 2047 1145 2090 K
1701 2052 1739 2090 0

420 2111 647 2159 expendamus.

455 2162 503 2196 Ac
519 2160 656 2207 primum
679 2159 861 2193 Mercurius
885 2172 952 2195 non
977 2161 1050 2196 lon·
1853 2181 1870 2213 χ

421 2212 489 2258 gius
505 2208 525 2243 {2
542 2207 606 2242 sole
618 2207 714 2241 distat
725 2236 734 2250 ,
751 2219 849 2254 quam
874 2211 918 2244 28
940 2211 1051 2257 gradi-

390 2258 399 2270 ·’
422 2260 491 2294 bus.
515 2259 605 2295 Nam
625 2255 779 2292 circulum
794 2254 853 2292 loli
863 2260 1049 2306 proximum

1424 2280 1461 2320 E
