1878 2724
416 121 771 162 TRACTATUS
810 122 1146 160 'SECUNcDUs
1434 141 1446 163 1
1482 142 1490 163 ι

95 176 305 228 pneumatica
319 185 392 210 cum
403 177 439 211 vi
451 174 617 210 exterioris
630 174 710 207 aeris
727 183 782 207 vas
797 173 938 207 vitreum
954 172 1082 209 confrin
1106 174 1180 208 itur.
1450 142 1471 173 4

122 226 228 265 :Unde
248 225 397 275 lacrymae
414 237 485 272 quae
499 226 533 259 in
543 233 618 258 aere
625 220 737 257 sensim
749 219 1036 265 concrescungnon
1048 186 1290 269 disrumpuntur
1301 234 1310 257 :
1322 232 1397 255 cum
1409 233 1481 268 par-

96 287 146 313 tes
161 287 273 310 carum
285 275 402 309 diutius
421 272 537 309 molles
579 281 767 306 ermaneant
786 275 819 306 &
832 271 948 305 arctius
962 273 1045 305 inter
1068 269 1099 305 se
1119 270 1341 305 devinciamur
1353 287 1362 314 ;
1375 282 1482 317 neque

95 322 228 362 inclusus
240 335 295 358 aer
307 323 327 359 si
340 325 412 372 quis
425 321 461 358 fit
471 351 480 366 ‚
501 333 556 357 mu
571 332 642 356 tum
659 319 813 354 dilatetur
823 347 833 362 ‚
847 318 900 353 sed
916 320 1034 354 eodem
1046 320 1128 367 pene
1141 319 1242 355 modo
1257 318 1481 362 condensetur,

94 386 134 409 ac
143 372 348 417 circumfusus
364 384 419 406 aer
434 373 490 419 qui
515 369 583 405 solo
606 367 825 416 atmosphaerae
850 369 994 415 pondere
1014 367 1169 403 densatur.

133 424 299 471 Lacrymae
326 434 367 457 eo
393 420 491 468 usque
512 418 649 454 recoctae
666 417 745 453 dum
763 416 909 452 emolliri
920 419 1097 466 incipiant,
1118 429 1185 452 non
1205 416 1477 465 confringuntur:

96 471 186 519 quod
206 482 312 520 partes
332 482 440 505 earum
456 467 622 504 molliores
640 471 674 503 &
696 464 861 500 flexibiles
885 476 1033 501 externus
1050 478 1105 501 aer
1123 476 1251 514 premat
1263 493 1272 509 ‚
1292 477 1329 499 ac
1347 466 1479 499 demum
1515 500 1518 501 γ

96 531 202 569 partes
225 521 301 554 vitri
326 522 483 566 majorem
511 520 592 552 inter
607 512 648 549 se
663 515 915 550 continuitatem
932 517 1109 562 acquirant.

137 569 225 604 Cum
239 567 412 617 lachrymae
425 564 555 602 arenula
569 561 749 612 stampensi
763 573 946 597 atteruntur
961 591 971 605 ‚
987 574 1056 598 turn
1074 562 1151 612 saepe
1175 560 1338 606 diffiliunt‚
1357 561 1414 597 ubi
1439 563 1482 596 ad

97 621 234 666 majores
247 618 329 650 aeris
345 614 448 650 bullas
464 625 602 649 ventum
618 613 679 649 est:
696 611 784 660 quod
809 613 921 646 attritu
936 610 1004 660 ipso
1027 623 1134 660 partes
1153 614 1230 646 vitri
1258 610 1426 655 laxentur,
1447 623 1483 644 ac

97 666 185 701 forte
195 667 294 699 etiam
308 676 362 698 aer
383 665 610 710 exterior—cum
622 663 747 710 impetu
765 661 945 709 irrumpens
966 672 1073 708 partes
1092 663 1166 696 vitri
1188 659 1310 707 aliquas
1329 659 1483 695 diffociat.

89 714 160 750 Sed
170 712 226 748 ubi
234 709 380 761 smyridis
391 711 525 761 pulnere
537 740 547 755 ‚
562 725 592 746 v.
608 714 719 746 Pierre
734 709 895 743 d’Emeril
920 708 1027 745 subtili
1036 722 1110 745 cum
1121 710 1198 745 oleo
1208 710 1316 744 mixto
1328 710 1482 744 deterun-

95 773 146 797 tur
158 790 167 805 ‚
177 772 246 797 tum
255 761 344 797 nulla
358 773 396 797 ut
409 760 582 810 plurimum
599 759 717 796 fractio
736 757 938 805 subsequitur
950 788 960 803 ,
971 759 1061 806 quod
1085 758 1232 794 subeunti
1260 760 1328 793 aeri
1343 771 1410 795 non
1425 770 1481 806 pa-

89 821 164 846 teat
179 811 285 846 aditus
302 824 310 847 ε
327 813 459 846 uticum
474 811 539 845 duo
555 821 715 845 marmora
736 807 887 892 122va
907 813 941 844 δε
960 808 1036 843 oleo
1057 807 1142 844 illita
1170 806 1233 843 sese
1259 819 1372 844 mutuo
1393 807 1480 844 susti-

96 870 178 896 nent
196 888 207 903 ‚
220 860 308 908 quod
317 871 466 896 externus
476 871 531 894 aet
551 857 652 894 subire
665 871 733 893 non
747 870 791 905 po
817 867 855 891 it.

134 908 223 943 Cum
233 920 343 943 autem
356 910 390 943 in
403 908 554 943 machina
566 908 770 955 pneumatica
781 904 926 952 disrupto
949 909 1042 955 apice
1075 906 1218 956 lacryma
1246 905 1460 953 confringitur
1471 933 1482 947 ,

90 968 168 993 tum
177 954 253 1003 sane
263 957 334 992 duae
344 956 415 993 sunt
427 956 658 992 tantummodo
675 956 768 1003 hujus
789 953 924 990 effeetus
939 955 1039 990 causae
1053 985 1064 1000 ‚
1081 958 1233 992 nimirum
1252 957 1393 1004 partium
1416 953 1484 989 fre-

96 1008 194 1042 mitus
216 1011 250 1043 &
268 1004 383 1041 debilis
395 1018 505 1041 earum
520 1003 651 1041 cohaefio
666 1022 675 1049 ·,
689 1016 826 1052 tumque
836 1014 943 1052 partes
961 1007 1170 1041 comminutae
1194 1016 1260 1040 non
1271 1002 1383 1052 procul
1400 1001 1467 1038 diff
1471 1026 1485 1032 -

88 1055 281 1091 nummum
295 1066 405 1090 tamen
414 1067 515 1103 nuper
532 1057 566 1089 in
578 1054 728 1090 machina
741 1054 946 1102 pneumatica
955 1052 996 1088 ab
1014 1053 1183 1104 ingenioso
1193 1058 1310 1102 juvene
1324 1057 1358 1089 &
1373 1054 1406 1086 in
1414 1063 1485 1086 me-

96 1103 239 1138 chanicis
261 1102 471 1138 versatiffimo
488 1101 702 1151 D.H0mberg
712 1101 891 1136 constructa
906 1103 991 1149 apud
1005 1102 1127 1138 Clariis.
1145 1105 1253 1137 vitum
1265 1105 1308 1137 D.
1318 1100 1486 1143 d'fflmci,

99 1151 243 1199 lacryma
260 1153 367 1187 vitrea
380 1163 476 1200 rupto
490 1150 676 1199 pedunculo
686 1151 887 1186 comminuta
903 1151 996 1184 instar
1005 1147 1086 1200 ignis
1100 1149 1226 1187 missilis
1237 1148 1351 1184 sursum
1365 1161 1487 1197 magno

98 1202 222 1248 impetu
233 1200 414 1237 vibraretur
426 1229 435 1245 ‚
455 1201 486 1235 id
497 1198 700 1248 probabilius
716 1199 845 1235 videtur
860 1225 870 1241 ,
895 1198 1022 1234 nullum
1046 1199 1099 1236 hic
1115 1198 1175 1235 effe
1191 1209 1330 1235 externo
1346 1198 1414 1232 aeri
1435 1197 1486 1231 lo-

99 1261 186 1284 curn.

149 1299 235 1345 Qze
257 1295 335 1332 vero
350 1298 484 1331 materia
501 1295 637 1344 spatium
650 1298 682 1331 in
701 1297 811 1332 media
829 1296 972 1345 lacryma
993 1307 1136 1333 vacuum
1161 1294 1303 1343 repleat,
1331 1294 1419 1329 dictu
1439 1294 1484 1341 est

100 1344 232 1383 difficile
245 1360 252 1381 :
266 1358 308 1382 an
326 1357 379 1380 aer
389 1345 519 1380 crassior
529 1374 538 1388 ‚
552 1343 603 1378 sed
615 1345 792 1381 admodum
811 1345 986 1381 tarefa&us
1001 1361 1012 1390 ς
1029 1358 1071 1380 an
1084 1343 1208 1379 subtilis
1219 1355 1275 1378 aer
1289 1343 1330 1377 de
1341 1355 1408 1390 quo
1418 1347 1485 1391 jam

100 1394 239 1429 diximus
254 1411 263 1437 ·,
278 1406 319 1429 an
331 1393 506 1439 substantia
523 1393 672 1440 quaedam
691 1392 791 1429 fluida
805 1394 991 1431 &multum
1005 1394 1143 1429 actuosa.
1171 1394 1198 1428 L
1210 1403 1342 1440 acryma
1351 1393 1486 1438 quidem

101 1443 136 1478 in
149 1441 273 1490 scypho
286 1444 390 1477 vitreo
403 1454 487 1489 aqua
501 1441 601 1489 pleno
615 1441 754 1491 disrupta
766 1472 774 1486 ,
787 1442 864 1490 saepe
893 1441 1048 1491 scyphum
1060 1441 1162 1490 ipsum
1173 1441 1365 1488 confringit-

143 1493 243 1525 Dicet
253 1491 387 1539 aliquis,
399 1490 593 1526 fractionem
610 1489 759 1539 lacrymae
778 1494 889 1527 vitteae
901 1504 962 1526 nec
977 1490 1084 1526 subtili
1103 1491 1264 1534 materiae‚
1288 1501 1351 1524 nec
1375 1489 1406 1523 vi
1419 1486 1485 1522 ela-

101 1540 192 1583 sticae,
208 1538 260 1574 sed
274 1538 396 1575 incluso
405 1550 537 1575 «tantum
547 1541 611 1573 aeri
629 1544 662 1575 ὅ(
680 1540 841 1576 rarefaeto
856 1539 954 1574 tribui
976 1551 1143 1588 oportere.
1178 1541 1267 1574 Nam
1287 1540 1486 1584 interceptus

103 1599 158 1622 aer
171 1600 235 1636 prae
257 1587 360 1622 subito
373 1587 495 1634 frigore
507 1590 630 1620 exitum
649 1599 715 1621 non
730 1587 841 1622 habuit
858 1615 867 1630 ,
888 1586 994 1634 sicque
1018 1599 1123 1635 partes
1141 1588 1218 1620 vitri
1241 1588 1411 1621 interiores
1432 1594 1485 1618 ut-

103 1647 230 1683 cunque
247 1638 415 1684 compegit
428 1664 437 1678 ,
462 1634 514 1670 sed
532 1634 638 1670 multo
653 1634 750 1670 laxius
768 1648 867 1683 quam
878 1633 1001 1670 necesse
1013 1647 1081 1669 erat
1092 1634 1133 1669 ad
1149 1633 1276 1670 firmam
1297 1645 1407 1668 earum
1425 1644 1484 1676 co-

104 1682 288 1719 haefionem.
312 1684 445 1719 Deinde
466 1696 540 1718 cum
567 1682 706 1731 disrupto
723 1684 907 1733 pedunculo
930 1696 1077 1719 externus
1097 1695 1151 1717 aer
1167 1681 1250 1717 subit
1267 1685 1325 1729 qui
1346 1683 1486 1716 >interio-

104 1744 172 1768 rem
191 1731 332 1780 impense
347 1732 538 1767 rarefactum
559 1731 719 1774 offendit,
742 1745 808 1767 tum
832 1746 951 1780 magno
971 1735 1099 1779 impetu
1123 1733 1269 1779 irrumpit
1299 1736 1334 1767 &
1364 1733 1483 1764 vitrum

104 1783 303 1817 comminuit.
333 1784 386 1826 Sic
410 1783 520 1815 vitreae
540 1780 689 1828 lacrymae
705 1783 736 1816 in
753 1793 837 1829 aqua
851 1783 1002 1816 minutius
1011 1793 1108 1828 quam
1120 1782 1152 1815 in
1165 1792 1239 1814 aere
1254 1781 1328 1817 &in
1347 1779 1486 1827 hydrar-

88 1835 326 1879 -gyrowmajote
336 1830 438 1865 adhuc
454 1832 579 1877 impetu
595 1841 691 1877 quam
706 1832 843 1878 inaqua
856 1829 1103 1879 confringuntur
1117 1842 1127 1865 t
1143 1841 1262 1878 magno
1282 1828 1417 1877 quidem
1431 1839 1485 1862 ar-

85 1903 92 1907 ·
104 1890 260 1928 gumento
277 1878 331 1914 has
350 1877 578 1922 comlminuiab
592 1877 903 1916 incumbentis-aeris
912 1877 1067 1927 pondere.
1182 1875 1189 1878 ’
1236 1904 1239 1905 ⁷
1284 1890 1287 1891 ’
1405 1904 1408 1907 -

134 1930 226 1977 Κιῄν.
238 1942 305 1964 non
317 1928 399 1965 nihil
417 1927 549 1965 forsitan
569 1929 649 1962 aeris
675 1928 827 1964 rarefaffi
840 1931 873 1965 in
891 1926 938 1964 fiis
955 1930 1056 1978 guttis
1078 1927 1132 1963 seu
1153 1926 1303 1976 lacrymis
1320 1926 1483 1973 intercipi,

107 1974 206 2011 sedin
219 1988 308 2012 tanta
323 1980 416 2026 copia
430 1990 505 2013 eum
521 1974 583 2012 effe'
593 1990 659 2012 non
676 1977 874 2014 *arbitramur
886 2007 897 2022 ,
920 1988 955 2012 ut
978 1988 1045 2013 tam
1063 1976 1226 2013 insolitum
1240 1987 1389 2024 procreet
1408 1973 1488 2010 effe<

109 2025 210 2059 cium.
240 2027 330 2061 Nam
357 2025 451 2061 bullae
478 2038 550 2073 quae
578 2028 610 2060 in
624 2029 711 2062 vitro
727 2039 908 2072 cernuntur,
929 2026 1026 2076 longe
1042 2029 1184 2062 minores
1205 2024 1276 2060 sunt
1295 2036 1395 2072 quam
1429 2036 1488 2072 ap-

108 2084 260 2121 pareant,
273 2076 349 2120 quia
360 2074 514 2110 refractio
529 2074 690 2110 radiorum
699 2075 838 2121 speciem
857 2088 967 2112 earum
978 2071 1084 2125 auget.
1101 2075 1198 2111 Vnde
1212 2087 1283 2109 cum
1297 2075 1331 2109 in
1345 2085 1430 2120 aqua
1440 2072 1487 2107 la-

107 2133 226 2169 crymae
255 2120 491 2170 conspiciuntur
503 2151 512 2165 ‚
530 2134 600 2157 rum
615 2126 695 2158 aeris
714 2122 1016 2162 bullaeminutiores
1037 2135 1204 2175 apparent.

138 2171 242 2218 Qod
251 2183 371 2206 autem
392 2184 451 2207 nec
468 2170 643 2206 rarefactus
654 2185 715 2208 aer
730 2201 745 2216 ‚.
755 2188 817 2210 nec
829 2174 980 2211 densatus
991 2174 1125 2223 frigore,
1139 2184 1175 2208 ut
1186 2169 1376 2220 quibusdam
1395 2168 1485 2203 vidc-

111 2229 160 2253 tur
174 2248 182 2262 ,
195 2219 394 2268 lachrymam
413 2220 585 2267 disrumpat
598 2222 837 2269 ‚xmprobatur‘
847 2222 1184 2271 renperimentoquod
1207 2218 1372 2261 attulimus
1387 2245 1396 2259 ‚
1411 2229 1485 2252 ¹¹³¹ss
1501 2234 1505 2239 “

109 2269 142 2302 in
155 2268 302 2302 machina
319 2272 519 2316 pneumatica
531 2270 598 2317 post
612 2269 800 2306 exhaustum
828 2285 902 2306 aera
915 2301 924 2314 ,
947 2285 1019 2306 cum
1037 2282 1146 2318 ruptus
1165 2267 1240 2303 effer
1268 2268 1412 2312 lacrymae
1429 2277 1484 2312 pe-

110 2316 285 2359 (limenius,
303 2330 340 2351 ea
356 2317 415 2352 fuit
430 2322 462 2353 in
478 2317 694 2352 tenuissimum
714 2319 878 2366 pulverem
892 2322 1092 2355 comminuta
1106 2348 1115 2360 ‚
1126 2329 1184 2351 nec
1199 2327 1307 2350 tamen
1331 2314 1379 2349 hic
1400 2313 1485 2348 locut

111 2364 174 2400 fuit
188 2363 338 2401 subeunti
356 2370 430 2401 aeri.
457 2367 586 2403 Deinde
613 2366 754 2415 lacryma
778 2370 843 2416 igni
861 2367 970 2403 sensim
985 2369 1114 2401 admota
1136 2368 1206 2400 vim
1222 2364 1307 2398 sunm
1328 2363 1483 2397 elasticam
