1878 2724
402 130 469 163 402
688 109 994 153 ιιηυτςιωιε
1037 110 1179 148 PARS
1215 112 1519 151 sncuNnA.

403 169 503 200 ticum
517 161 678 206 effe,aliud
692 161 820 197 acidum
833 177 841 205 ;
855 160 1008 197 ultimum
1019 159 1078 196 effe
1087 163 1232 198 omniurn
1249 162 1468 199 acidissimum.
1491 162 1545 198 Sal
1570 161 1692 200 vitrioli
1709 177 1782 203 cum
1828 159 1829 165 ¹

399 212 515 249 salibus
535 210 628 246 alcali
645 209 874 253 tumultuatur,
898 222 970 245 cum
985 209 1084 245 acidis
1105 210 1195 246 nullo
1212 211 1330 247 modo:
1346 211 1435 260 quod
1459 213 1567 248 acidus
1584 211 1621 249 fit
1641 219 1675 252 &
1693 213 1780 252 fixus.

400 263 534 309 Spiritus
547 271 646 294 cornu
655 262 742 294 cervi
756 272 827 295 cum
845 258 987 295 alumine
1005 260 1226 296 tumultuatur.

434 309 487 343 Sal
504 311 684 344 communis
695 321 802 357 neque
814 320 885 343 curn
899 308 1009 356 spiritu
1024 308 1092 344 salis
1104 338 1113 352 ,
1124 321 1231 357 neque
1248 320 1320 343 cum
1330 306 1438 356 spiritu
1450 312 1595 354 nitri‚aut
1607 323 1691 359 aqua
1701 311 1781 348 forti

398 357 610 393 tumultuatur
625 371 633 392 :
648 357 700 392 sed
715 357 854 393 multum
864 357 1044 393 effervescit
1057 387 1067 402 ,
1088 364 1122 395 ἐκ
1136 370 1270 406 vapores
1280 360 1402 394 emittit
1412 388 1422 403 ‚
1438 360 1569 406 quando
1583 373 1657 396 cum
1671 360 1781 410 spiritu
1828 400 1829 405 Ἰ

396 406 519 442 vitrioli
538 404 771 444 commiscetur.
791 407 894 452 Qod
907 407 948 443 sal
960 410 1141 442 communis
1155 408 1195 441 ad
1213 406 1290 441 sales
1309 406 1402 442 alcali
1416 408 1659 455 quodammodo
1678 412 1780 458 perti·
1828 417 1830 426 ’

396 455 588 492 neat.Unde
600 455 684 491 illius
700 455 826 504 spiritus
836 456 910 492 licet
923 455 1112 492 acidissimus
1129 467 1274 491 naturam
1288 466 1399 491 tamen
1409 455 1477 492 salis
1491 456 1582 492 alcali
1592 471 1658 494 non
1670 461 1775 503 exuit,
1828 455 1830 459 ’

395 516 432 539 ac
443 503 573 539 diversae
589 508 725 540 omnino
739 506 867 541 videtur
882 517 1000 541 naturae
1012 505 1032 541 ἐι
1042 504 1150 554 spiritu
1161 503 1296 548 sulfuris,
1313 516 1369 540 aut
1384 506 1519 542 vitrioli.

427 555 479 588 Sic
501 553 626 602 spiritus
648 556 725 589 nitri
739 554 896 602 quiddam
912 555 952 589 de
964 567 1075 590 natura
1086 554 1195 590 salium
1211 554 1439 590 alcaliretinet.
1458 555 1559 592 Unde
1572 567 1645 591 cum
1655 555 1716 591 sale
1727 569 1780 592 at-

393 605 546 637 moniaco
555 604 722 651 permistus
734 603 855 639 nullam
870 606 1084 652 agitationem
1098 602 1197 639 effici:
1207 617 1215 640 t
1227 616 1299 639 cum
1317 615 1424 639 tamen
1435 603 1476 639 sal
1488 607 1688 639 armoniacus
1699 617 1774 641 cum

393 651 504 699 spiritu
518 651 640 686 vitrioli
654 652 790 688 multum
810 652 1007 688 effervescat.
1034 653 1128 700 Qin
1147 655 1246 687 etiam
1261 652 1383 700 spiritus
1410 655 1488 688 nitri
1514 658 1548 690 &
1565 653 1686 688 vitrioli
1703 654 1779 690 licet

392 699 492 735 ambo
503 701 586 735 acidi
599 700 814 739 effervescunt
830 704 896 737 :uti
909 700 927 735 s
944 704 1033 736 ititus
1053 701 1195 744 vitrioli‚
1211 707 1244 738 δι
1263 701 1332 736 salis
1343 704 1533 739 communis.
1557 703 1620 737 Sed
1634 701 1721 738 nulla
1732 704 1776 739 est

391 754 503 799 major,
518 761 574 784 aut
585 753 687 800 magis
695 752 867 800 repentina
885 762 902 785 e
931 749 1124 787 ervescentia
1138 750 1236 799 quam
1248 750 1370 799 spiritus
1380 749 1448 786 salis
1460 753 1653 796 armeniaci,
1673 756 1706 789 &
1717 751 1778 800 spi-

392 800 470 834 ritus
486 798 619 834 vitrioli.

425 850 503 897 Jam
522 859 558 883 ut
571 849 588 885 ὲ
601 848 712 883 semita
722 851 754 884 in
768 851 853 884 viam
864 849 1045 893 redeamus,
1056 849 1091 883 id
1108 862 1176 884 non
1190 846 1344 883 abhorret
1354 847 1375 884 ἒι
1388 846 1567 892 verisimili,
1578 847 1777 888 subtiliorem

393 901 427 934 δι
437 908 663 945 penetrantem
674 909 782 932 aerem
795 900 830 932 in
849 909 931 933 terra
948 897 1066 932 nitrosa
1081 900 1252 939 irretitum,
1266 898 1375 944 (quod
1387 898 1530 932 humoris
1546 898 1654 946 aquosi
1673 902 1775 935 inter-

393 956 494 980 ventu
505 945 708 994 perficitur‚)
723 945 918 995 salempetrae
938 958 1108 994 procreare
1121 975 1131 991 ,
1145 948 1244 994 quiin
1265 945 1427 993 lapidibus
1442 945 1564 981 nitrosis
1584 952 1619 984 δε
1642 948 1775 985 humido

391 996 458 1028 aeri
472 994 622 1043 expositis
641 995 831 1043 plerumque
849 994 1126 1031 efflorescitzutin
1147 994 1236 1030 cellis
1248 997 1398 1038 vinariis,
1415 998 1450 1030 in
1468 998 1569 1030 antris
1587 996 1776 1032 humidiori-

393 1041 452 1078 bus
463 1072 471 1086 ‚
485 1049 518 1080 &
530 1045 701 1079 domorum
709 1043 873 1079 ruderibus
888 1062 897 1088 3
914 1047 948 1078 in
963 1047 1052 1079 terris
1066 1056 1199 1092 quoque
1212 1043 1355 1092 plurimis
1367 1073 1376 1087 ,
1388 1046 1464 1081 &in
1481 1045 1646 1080 calcinatis
1655 1045 1774 1095 lapidi,

392 1090 462 1128 bus.
477 1095 512 1127 In
528 1092 645 1140 plantis
657 1098 690 1130 &
702 1092 896 1128 animalibus
910 1092 951 1128 sal
962 1093 1098 1128 nitrosus
1118 1096 1150 1128 in
1165 1092 1360 1140 salempetrae
1378 1092 1475 1127 facile
1494 1093 1681 1143 degenerat.
1702 1099 1774 1131 lmo

390 1139 432 1174 sal
444 1143 625 1176 communis
639 1144 693 1189 qui
714 1154 754 1176 ex
768 1141 798 1176 se
813 1140 1011 1190 salempetrae
1025 1155 1093 1178 non
1108 1153 1273 1191 procreat,
1288 1141 1347 1176 ubi
1364 1154 1437 1177 cum
1456 1142 1543 1177 calce
1561 1145 1636 1177 viva
1651 1147 1774 1192 permi-

389 1189 450 1224 stus
463 1190 560 1238 paulo
573 1191 690 1225 diutius
704 1203 776 1225 cum
796 1190 975 1225 humidiore
990 1202 1072 1226 terra
1084 1203 1263 1226 maceratur
1277 1219 1286 1234 ‚
1305 1203 1412 1225 aerem
1423 1191 1462 1224 ad
1476 1189 1506 1224 se
1519 1193 1603 1240 rapit
1613 1220 1623 1235 ‚
1637 1197 1670 1229 δι
1685 1195 1718 1228 in
1728 1192 1773 1229 sa-

390 1237 556 1285 lempetrae
569 1239 755 1287 degenerat.
771 1240 864 1285 Qin
878 1241 976 1274 etiam
990 1238 1065 1274 sales
1081 1238 1194 1275 nitrofi
1207 1245 1240 1277 &
1253 1238 1407 1275 lixiviales
1417 1267 1427 1282 ,
1441 1251 1477 1273 ex
1496 1241 1612 1286 quibus
1631 1240 1773 1289 salpetrae

391 1286 558 1323 conficitur
570 1316 580 1330 ,
590 1288 685 1322 salem
698 1300 906 1323 communem
918 1291 950 1323 in
959 1288 1093 1336 granula
1110 1287 1220 1323 cubica
1236 1298 1422 1322 concretum
1433 1287 1580 1336 praebent
1589 1292 1646 1336 qui
1655 1290 1772 1326 anitro

391 1334 560 1383 separatur.
580 1336 734 1384 Salpetrae
746 1349 854 1383 neque
865 1339 898 1372 in
910 1336 1077 1372 crucibulo
1089 1367 1099 1381 ,
1112 1349 1219 1383 neque
1229 1338 1268 1371 ad
1284 1335 1450 1372 flammam
1465 1336 1620 1385 lampadis
1629 1367 1638 1381 ,
1659 1350 1714 1374 aut
1729 1339 1772 1375 li-

389 1387 445 1431 gni
456 1414 465 1428 ‚
479 1397 534 1420 aut
549 1388 616 1421 vini
633 1385 755 1434 spiritus
773 1386 954 1421 incenditur
969 1399 978 1421 ι
993 1398 1067 1421 nam
1084 1384 1209 1421 necesse
1220 1386 1264 1420 est
1288 1397 1323 1420 ut
1337 1398 1409 1420 cum
1430 1389 1566 1421 materia
1585 1388 1718 1422 terrestri
1737 1394 1771 1426 &

390 1433 484 1468 densa
496 1440 726 1483 conjungatur:
741 1446 776 1469 ut
788 1447 861 1469 cum
875 1434 1019 1470 carbone
1031 1433 1175 1478 accenso,
1193 1434 1358 1482 ellychnio
1372 1433 1528 1478 eandelae,
1543 1434 1660 1470 sulfure
1678 1449 1770 1472 com-

389 1484 495 1525 muni,
513 1495 646 1527 tartaro,
656 1485 766 1519 stanno
780 1482 859 1526 fuso,
873 1483 959 1518 ferro
967 1484 1128 1518 candente
1140 1495 1193 1518 aut
1205 1483 1411 1518 mineralibus
1427 1482 1579 1520 sulfureis,
1603 1486 1712 1532 Major
1725 1487 1769 1521 est

388 1529 574 1569 fulminatio
584 1546 655 1568 cum
665 1531 805 1568 multum
815 1532 884 1567 salis
893 1531 998 1568 nitrofi
1013 1538 1046 1569 &
1059 1531 1112 1568 fixi
1123 1531 1370 1576 admiscetur‚uti
1385 1533 1502 1566 accidit
1515 1533 1547 1566 in
1557 1533 1692 1581 pulvere
1703 1534 1769 1570 ful-

389 1582 533 1617 minante
554 1595 593 1618 ex
608 1585 707 1626 :equis
725 1580 926 1630 portionibus
939 1580 1007 1616 salis
1025 1584 1153 1625 tartari,
1170 1579 1310 1625 sulfuris,
1327 1587 1362 1618 δε
1374 1580 1443 1615 salis
1453 1593 1562 1630 petrae.
1580 1584 1633 1616 Sic
1648 1584 1682 1618 in
1697 1583 1769 1632 pul.

388 1642 468 1665 vere
478 1634 572 1680 pyrio
593 1633 692 1666 carbo
711 1631 841 1667 levioris
855 1630 937 1678 ligni
952 1629 1102 1667 sulfuti&
1117 1630 1269 1678 salipetrae
1287 1632 1442 1681 adjicitur.

422 1681 472 1714 Ut
484 1681 605 1727 lapides
615 1680 740 1714 calcarii
751 1709 761 1723 ‚
775 1678 945 1728 autgypsei
963 1681 1049 1714 nitro
1059 1678 1126 1715 fixo
1138 1677 1306 1714 abundant
1317 1709 1326 1722 ‚
1348 1678 1387 1713 sic
1402 1678 1530 1714 alumen
1545 1684 1578 1716 δε
1602 1680 1768 1717 vitriolum

388 1727 525 1763 multum
537 1728 660 1764 habent
676 1728 746 1763 salis
757 1728 872 1763 acetofi
886 1756 895 1770 ‚
914 1730 970 1775 qui
980 1726 1055 1762 cum
1075 1728 1165 1764 succo
1183 1727 1344 1776 lapidis-ico
1358 1734 1391 1765 &
1407 1727 1571 1762 metallico
1585 1729 1700 1763 intime
1711 1730 1769 1764 ad-

388 1776 504 1812 haereat
517 1807 526 1820 ,
544 1777 587 1812 sui
600 1780 728 1826 copiam
755 1791 822 1813 non
840 1776 919 1811 facit
931 1805 940 1819 ‚
961 1775 1016 1811 nisi
1033 1776 1202 1812 calcinatio
1219 1777 1421 1824 praeceffeffi,
1441 1782 1473 1812 &
1495 1779 1528 1811 in
1544 1776 1674 1813 humido
1692 1790 1767 1813 aere

387 1824 563 1862 exsolutio:
576 1826 741 1861 vitriolum
759 1825 828 1874 plus
843 1824 943 1859 habet
955 1825 1080 1860 metalli
1090 1855 1099 1869 ‚
1109 1826 1206 1871 idque
1216 1836 1251 1858 ut
1261 1826 1438 1859 identidem
1453 1824 1589 1858 diximus
1600 1853 1609 1867 ‚
1623 1837 1665 1860 ex
1678 1839 1765 1860 mar-

386 1872 487 1907 casitis
500 1874 644 1908 sulfuteis
653 1902 663 1918 ,
678 1874 862 1922 ferrugineis
873 1901 882 1916 ,
895 1884 949 1907 aut
961 1873 1095 1921 cuprofis
1113 1875 1180 1907 aeri
1194 1873 1328 1907 humido
1339 1872 1485 1922 expositis
1494 1872 1630 1908 elicitur.
1650 1875 1712 1909 Sed
1723 1876 1764 1910 de

386 1923 421 1955 iis
436 1922 554 1969 postea.

422 1971 513 2006 Nihil
527 1971 588 2005 lioc
607 1970 681 2004 loco
698 1970 739 2004 de
752 1969 868 2004 salibus
884 1999 894 2014 ‚
906 1972 962 2018 qui
977 1983 1014 2005 ex
1028 1971 1128 2005 acidis
1150 1976 1184 2008 &
1199 1969 1340 2006 sulfureis
1356 1982 1596 2019 temperantur,
1607 1972 1764 2021 adjiciam:

386 2018 510 2065 longius
523 2019 637 2054 enini&
650 2018 814 2067 proposito
823 2032 881 2053 nos
894 2018 1094 2055 abducerent
1104 2049 1113 2063 ‚
1130 2032 1168 2054 ac
1183 2021 1222 2054 de
1238 2022 1276 2054 iis
1291 2019 1445 2055 nonnulla
1467 2023 1500 2055 in
1516 2019 1645 2069 Physica
1663 2034 1764 2070 gene-

385 2068 586 2104 ralidixirnus
600 2083 607 2104 ι
623 2068 910 2103 fermentationem
929 2068 1082 2103 videlicet
1100 2081 1138 2104 ex
1152 2067 1276 2103 nitrosis
1290 2074 1323 2105 &
1340 2068 1469 2103 acetosis
1486 2083 1552 2105 non
1568 2068 1631 2105 fine
1646 2070 1763 2105 tumul-

388 2128 420 2150 tu
435 2120 467 2152 in
477 2116 507 2152 se
521 2128 635 2153 mutuo
647 2116 817 2165 agentibus
832 2117 973 2163 prodite,
987 2115 1050 2152 five
1066 2118 1104 2152 ad
1119 2120 1164 2152 rei
1182 2118 1419 2165 perfectionem
1435 2119 1546 2153 tendat
1559 2147 1567 2159 ,
1579 2128 1613 2152 ut
1629 2120 1660 2152 in
1672 2119 1761 2168 dige-

386 2165 564 2209 stionib‘us·,
580 2165 644 2200 sive
661 2166 701 2200 ad
713 2165 957 2200 destructionem
968 2195 977 2209 ‚
990 2168 1064 2201 utin
1076 2166 1326 2214 putrefactione.
1340 2169 1428 2202 Nam
1444 2167 1512 2214 post
1525 2166 1710 2202 confliCtum
1726 2173 1760 2204 &

385 2213 660 2250 effervescentiam
683 2226 755 2262 quae
765 2212 834 2249 sunt
853 2215 1054 2263 homogenea
1068 2245 1077 2258 ,
1094 2215 1159 2250 una
1180 2228 1318 2257 cocunt3
1338 2214 1378 2249 sal
1405 2215 1545 2249 acetosus
1563 2228 1635 2250 cum
1657 2218 1759 2251 nitro-

384 2262 419 2298 so
434 2265 548 2299 intime
559 2264 703 2298 miscetur
713 2292 722 2307 ‚
743 2268 778 2300 δε
789 2263 942 2312 superflua
959 2276 1027 2310 quae
1041 2264 1128 2307 sunt,
1143 2263 1196 2298 seu
1209 2264 1324 2311 aquosa
1333 2263 1405 2306 siut,
1422 2275 1477 2298 aut
1490 2265 1643 2299 terrestria
1654 2293 1664 2307 ,
1680 2264 1759 2299 faci-

385 2312 440 2346 lius
455 2312 645 2361 separantur.
672 2313 760 2347 Sales
775 2313 940 2347 acidicum
950 2312 1072 2347 nitrosis
1093 2319 1126 2350 ὃ(
1141 2312 1330 2348 volatilibus
1350 2323 1499 2346 coeuntes
1524 2325 1589 2347 non
1607 2325 1689 2361 aegre
1707 2314 1757 2346 di-

386 2361 564 2406 velluntur,
583 2374 617 2398 ut
638 2365 662 2396 ii
675 2360 888 2398 cumnittofis
903 2367 935 2397 &
953 2361 1022 2396 fixis
1045 2361 1277 2398 consocientur.
1305 2362 1438 2409 Spiritus
1457 2359 1619 2409 salispetrae
1641 2362 1754 2397 arctius
