1878 2724
510 153 873 195 TRAerArus
910 151 1152 194 mimus,
1494 174 1527 206 91

166 212 258 262 Res'p.
271 221 342 247 rem
354 219 423 247 non
436 208 569 245 existere
584 221 642 258 per
653 206 716 244 effe
733 207 864 243 alterius
878 237 888 252 ,
906 206 927 243 fi
945 206 1024 243 illud
1043 205 1106 242 effe
1124 218 1161 241 ea
1183 217 1231 241 res
1247 219 1315 243 non
1341 207 1529 247 constituat.

132 263 200 300 Sed
216 261 381 297 elementa
395 260 591 296 constituunt
611 255 673 293 effe
690 260 804 302 mixti,
824 257 916 305 quod
932 269 973 292 ex
992 258 1028 291 iis
1048 258 1186 306 emergit
1204 268 1325 305 3atque
1347 258 1429 293 adeo
1448 259 1530 295 nihil

123 310 242 349 obstat
249 312 424 358 quominus
437 309 573 345 existant
589 310 622 343 in
633 310 737 344 mixto
755 306 810 342 sub
821 309 896 343 actu
905 337 914 352 ,
929 311 963 343 &
972 305 1036 342 effe
1047 308 1208 343 mixti.Ea
1225 308 1312 342 enim
1328 320 1395 342 non
1404 306 1530 357 separa-

126 364 204 406 tim,
218 359 270 396 sed
279 361 479 411 conjunfflm
490 360 627 394 mixtum
644 356 787 393 efficiunt
800 371 807 392 :
821 359 853 392 in
864 359 969 392 mixto
983 368 1092 391 autem
1103 355 1270 392 elementa
1278 369 1345 393 non
1364 356 1433 392 sunt
1444 357 1531 408 sepa-

121 421 199 448 sata
211 439 221 454 ‚
237 415 271 447 &
280 410 406 447 nullum
422 408 546 444 habent
559 409 667 444 ειᾶιιω
682 406 847 457 phylicurn
860 419 951 443 :cum
963 419 1029 442 non
1039 404 1099 441 sint
1112 403 1278 442 senfibilia.

121 487 125 490 .
167 462 399 510 Opp‚5.contra
410 458 580 494 secundam
598 457 852 493 conclusionem.
864 460 897 493 Si
910 457 998 492 nulla
1008 455 1044 491 sit
1053 455 1161 491 forma
1174 454 1320 491 absoluta
1331 454 1374 490 ab
1386 455 1532 493 elemen-

133 519 241 547 rorum
262 509 376 545 formis
387 507 530 557 sejundln
545 536 556 551 ‚
569 505 622 542 sed
634 518 722 541 nova
742 517 868 541 tantum
881 507 1022 554 partium
1037 517 1184 549 textura,
1207 518 1276 541 non
1297 511 1400 553 major
1418 509 1480 542 erit
1497 510 1532 544 in

125 562 253 602 mixte,
268 570 369 606 quam
379 560 413 593 in
423 557 594 592 elementis
613 553 685 604 ipsis
695 555 860 604 perfeffio
874 568 882 591 :
894 554 977 590 nihil
987 556 1076 590 enirn
1088 554 1167 589 inest
1179 553 1358 604 composito
1369 583 1380 598 ‚
1397 557 1487 603 quod
1497 559 1532 593 in

136 606 350 646 miscibilibus
361 618 429 643 non
437 606 635 642 inveniatur.
1461 616 1466 618 ἡ

172 658 316 707 Κςῇκεκ
328 655 560 705 complexione
570 653 781 690 miscibilium
794 684 803 699 ,
813 654 864 690 seu
878 655 1119 691 elementorum
1132 665 1233 690 novas
1244 656 1328 688 vires
1340 684 1349 698 ,
1364 666 1418 689 aut
1432 653 1534 690 facul-

125 718 216 743 tates
229 717 417 754 emergere:
437 716 510 753 quae
522 715 634 740 tamen
647 717 687 740 ex
699 705 898 741 mechanicis
907 703 1137 741 affefflonibus
1150 716 1268 753 magna
1282 702 1393 738 saltem
1402 716 1441 738 ex
1459 716 1534 753 par.

132 764 167 791 te
188 756 360 791 oriuntur.x
378 754 449 804 Ipsa
474 756 565 790 enim
585 754 752 791 elementa
769 768 808 791 ex
837 767 953 790 mutuo
974 752 1141 803 congressu
1165 766 1291 790 novum
1306 755 1466 797 mixtum,
1499 759 1533 791 &

124 817 258 843 »novum
267 804 385 853 agendi
398 806 593 854 principium
606 834 615 850 ‚
633 805 734 852 idque
747 805 922 854 perfectius
934 803 1090 840 efficiunt.
1102 805 1193 841 Nam
1203 815 1240 838 ut
1256 814 1334 839 rotae
1350 805 1384 839 in
1400 803 1534 839 horolo-

131 855 192 903 giis
203 883 214 898 ‚
227 853 280 890 vel
290 856 322 889 in
339 854 481 891 dentatis
491 854 649 890 machinis
664 867 777 890 mutuo
787 854 858 890 sunt
877 853 936 889 fibi
948 855 1157 903 adjument03
1179 865 1216 887 ac
1225 852 1330 889 multo
1348 858 1471 900 majora
1483 865 1534 888 at-

133 902 258 940 tollunt
271 904 428 953 pondera,
438 916 536 951 quam
548 902 568 938 fi
579 903 684 939 divisa:
694 903 794 940 effent
805 934 815 948 ,
828 910 862 942 &
875 903 1014 940 seorsum
1029 906 1116 939 vires
1141 901 1208 938 suas
1233 915 1443 940 exercerent:
1467 917 1534 940 non

128 951 275 989 diffimili
293 954 394 989 modo
404 955 707 990 communiazremm
725 956 883 1003 principia
896 983 906 998 ,
922 966 959 989 ut
973 964 1055 989 rotae
1069 953 1219 1002 quaedam
1235 951 1299 988 sese
1319 964 1432 988 mutuo
1457 967 1532 989 mo-

130 1014 215 1038 vent
229 1008 264 1040 δε
284 1001 455 1051 perficiunt
474 1015 605 1051 3quove
616 1003 834 1053 praestantiori
851 1006 975 1040 muneri
987 1003 1183 1039 destinantur
1194 1031 1203 1046 ‚
1217 1002 1280 1038 hoc
1303 1003 1405 1051 magis
1424 1002 1534 1039 excel-

130 1051 204 1089 lunt
219 1066 227 1089 ι
243 1057 276 1090 &
291 1064 401 1088 tamen
422 1052 613 1103 plerumque
638 1052 766 1101 polsunt
783 1054 854 1089 fere
875 1065 912 1089 ut
927 1064 1097 1090 automata
1122 1051 1260 1101 separari
1276 1081 1285 1095 ‚
1300 1064 1398 1099 atque
1416 1053 1534 1087 iterum

130 1102 257 1137 restitui
268 1102 371 1138 :adeo
380 1114 418 1137 ut
436 1101 502 1138 sola
521 1102 714 1152 compositio
725 1109 760 1141 δε
773 1115 900 1139 textura
914 1114 968 1138 tor
988 1103 1197 1139 funstionum
1213 1107 1248 1138 &
1270 1114 1439 1136 munerum
1461 1099 1534 1136 effi-

129 1153 220 1187 ciant
232 1152 437 1188 varietatem.
462 1152 585 1187 Modus
595 1164 707 1188 autem
722 1152 800 1196 ille,
821 1163 877 1187 aut
899 1151 1045 1188 mensura
1064 1151 1118 1186 vel
1139 1152 1335 1199 temperatio
1356 1152 1528 1199 principio-

132 1211 204 1235 rum
219 1198 292 1235 talis
304 1200 371 1245 est,
390 1200 496 1249 qualis
510 1199 530 1236 ὲ
551 1199 703 1250 supremo
724 1201 858 1238 Artifice
879 1203 998 1249 cuique
1013 1199 1154 1250 speciei,
1177 1211 1232 1234 aut
1252 1202 1366 1248 generi
1386 1200 1432 1234 est
1453 1199 1535 1235 defi-

132 1261 227 1287 nita.-

191 1299 288 1346 Opp.-
300 1298 419 1334 ultimo
437 1310 552 1335 contra
564 1301 697 1336 tertiam
704 1299 944 1337 conclusionem
960 1314 969 1337 ε
985 1299 1128 1338 formam
1143 1295 1384 1334 substantialem
1399 1296 1459 1334 esse
1479 1308 1534 1334 ve-

131 1346 181 1383 lut
194 1346 295 1383 basim
309 1353 342 1386 &
355 1348 609 1386 fundamentum
629 1353 780 1386 omnium
801 1351 1043 1386 accidentium:
1068 1347 1120 1384 sed
1144 1346 1295 1383 subverso
1317 1348 1534 1384 fundamento

131 1397 291 1445 quidquid
303 1399 483 1434 extrueburn
497 1410 592 1443 erat,
601 1398 690 1436 ultro
707 1401 828 1436 corruit
843 1413 850 1436 ε
871 1412 950 1450 ergo
969 1401 1004 1435 in
1022 1400 1115 1434 mixti
1142 1398 1352 1447 corruptione
1374 1410 1535 1446 pereunte

132 1446 243 1482 forma
257 1475 266 1490 ,
277 1445 364 1482 firmil
375 1453 409 1485 &
419 1447 594 1496 qualitates
613 1461 727 1485 omnes
740 1455 774 1487 δε
790 1449 970 1486 accidentia
985 1478 994 1492 ‚
1012 1460 1054 1483 ne
1066 1449 1252 1496 quantitate
1265 1447 1398 1494 quidem
1419 1459 1535 1497 excep-

133 1504 191 1539 ta,
202 1498 308 1544 perire
325 1497 450 1533 necelse
471 1497 526 1534 est.
543 1499 632 1534 Nam
651 1497 764 1534 forma
781 1501 923 1549 primum
934 1499 1080 1533 materiae
1091 1497 1210 1532 accidit
1221 1526 1230 1541 ‚
1252 1498 1303 1531 cui
1317 1496 1372 1531 dat
1391 1494 1452 1532 esse
1461 1495 1535 1532 fim-

134 1544 267 1595 pliciter
279 1556 372 1590 ,tum
382 1548 564 1583 accidentia
582 1575 592 1591 ‚
609 1558 685 1595 quae‘
700 1549 780 1585 dant
798 1548 1029 1585 tantummodo
1050 1546 1111 1582 effe
1129 1545 1299 1582 secundum
1311 1545 1410 1594 quid,
1425 1545 1535 1595 super-

133 1596 284 1632 veniunt.
305 1598 358 1631 Sic
372 1596 479 1632 forma
497 1597 690 1640 recedente,
701 1599 849 1632 omnium
860 1598 1079 1632 accidentium
1088 1594 1321 1644 supellectilem
1340 1607 1403 1630 una
1419 1594 1534 1631 destrui

134 1641 261 1680 necesse
273 1644 321 1678 est
334 1644 539 1679 :revocanda
553 1645 598 1679 est
610 1673 619 1688 ,
631 1646 802 1693 inquiunt,
819 1656 912 1681 mens
928 1643 1093 1681 &senfibus
1111 1672 1121 1688 ,
1138 1656 1211 1679 cum
1229 1644 1270 1678 de
1287 1655 1394 1678 rerum
1420 1656 1536 1680 natura

135 1692 351 1728 decernimus.
365 1693 495 1740 ⁵Eadem
511 1695 546 1728 in
561 1694 720 1729 cadavere
741 1693 854 1744 figura,
866 1695 981 1730 eadem
1001 1706 1090 1736 caro,
1109 1690 1171 1728 ossa
1185 1722 1194 1738 ‚
1213 1694 1305 1728 nervi
1326 1691 1410 1728 sensu
1428 1697 1535 1741 perci-

133 1744 284 1791 piuntur:
300 1741 353 1776 sed
370 1741 462 1777 recta
480 1744 564 1777 ratio
575 1742 669 1779 aliter
682 1744 823 1793 judicat,
846 1756 954 1791 neque
965 1756 1038 1779 eam
1048 1743 1142 1792 fugit,
1151 1742 1292 1778 formam
1305 1743 1446 1776 viventis
1468 1745 1535 1780 unii

96 1814 99 1820 s
133 1802 210 1826 cum
225 1790 280 1826 suo
301 1791 466 1828 famulitio
483 1791 654 1836 recedere,
674 1799 710 1830 δε
726 1806 849 1830 novam
866 1791 908 1827 ab
932 1805 1049 1843 agente
1074 1790 1248 1828 universali
1265 1790 1534 1828 aliis—accidenti-

132 1838 193 1875 bus
204 1842 395 1877 comitatam
405 1845 438 1879 &
450 1841 638 1878 instruitam
655 1845 829 1890 procreari.

170 1890 259 1939 Resp,
279 1890 348 1926 haec
363 1893 465 1940 magis
482 1888 617 1926 senfibus
631 1891 764 1928 arbitris
779 1922 789 1937 ‚
801 1905 899 1941 quam
915 1891 1109 1934 ratiunculis·
1122 1903 1161 1925 ex
1175 1889 1399 1939 Meraphyfica
1415 1894 1534 1940 repeti-

139 1941 181 1975 tis
194 1939 363 1989 dijudicari
377 1950 542 1988 oportere.
555 1940 863 1989 quueircommuni
876 1944 1025 1978 omniurn
1044 1940 1132 1976 sensu
1149 1940 1326 1975 abliorrere
1339 1969 1348 1983 ,
1364 1941 1395 1973 in
1422 1942 1510 1976 mixti
1525 1971 1534 1985 ,

138 1999 194 2023 aut
205 1991 347 2025 viventis
362 1991 571 2039 corruptione
585 2018 595 2033 ‚
619 1990 673 2026 vel
697 1993 833 2027 interitu
850 1993 1023 2028 materiam
1039 1993 1085 2025 ira
1102 1989 1231 2034 nudari,
1254 2001 1291 2024 ut
1316 1987 1398 2024 nihil
1420 2002 1534 2025 corum

140 2048 214 2085 quae
230 2039 317 2085 prius
339 2050 432 2075 erant
445 2067 455 2083 ,
477 2038 694 2076 accidentium
718 2041 929 2090 relinquatur.

177 2086 242 2121 Sed
253 2115 263 2129 ‚
273 2088 423 2134 inquiunt
432 2124 440 2135 ς
449 2089 560 2123 omnia
573 2089 753 2127 accidentia
766 2093 820 2127 uni
837 2091 967 2135 formae,
975 2101 1047 2139 quae
1057 2088 1220 2125 destructa
1231 2087 1293 2133 est,
1311 2098 1369 2123 aut
1380 2086 1534 2137 separata,

139 2134 351 2173 inhaerebant.

168 2186 277 2234 rResp.
292 2199 315 2222 x.
326 2186 544 2235 quantitatem
565 2187 665 2236 ipsam
682 2201 749 2224 non
764 2187 893 2234 formae‚
907 2189 960 2225 sed
975 2191 1120 2226 materiae
1143 2184 1251 2223 ineffe.
1266 2210 1268 2213 -

147 2253 154 2256 ·
183 2235 272 2284 Resp.
289 2250 318 2272 2.
337 2234 522 2283 complures
539 2238 572 2271 in
582 2238 700 2272 eodem
710 2241 813 2274 mixto
833 2239 955 2275 formas
965 2236 1027 2274 elle
1047 2236 1152 2288 poffe,
1167 2248 1302 2284 quarum
1321 2235 1386 2270 aliae
1406 2233 1476 2269 aliis
1486 2236 1535 2269 in„

143 2284 205 2321 star
214 2287 354 2320 materiae
367 2284 605 2321 substernuntur
616 2303 625 2331 3
637 2299 699 2322 nec
709 2288 832 2324 necesse
845 2289 892 2324 est
901 2321 912 2336 ‚
923 2288 944 2324 fi
961 2289 1076 2324 ultima
1087 2300 1158 2336 quae
1169 2295 1294 2320 caeteras
1307 2286 1453 2320 continet
1462 2313 1472 2329 ,
1482 2295 1534 2319 ve-

146 2334 196 2370 lut
216 2333 342 2370 aedificii
365 2337 488 2371 tectum
507 2337 663 2371 corruerit
675 2364 684 2379 ‚
699 2335 839 2384 reliquas
857 2342 956 2374 etiarn
972 2337 1095 2373 formas
1114 2337 1222 2384 dejici.

152 2397 155 2399 ·
182 2384 316 2429 Instant,
328 2385 433 2433 plures
446 2384 552 2420 eidem
567 2387 708 2420 materiae
719 2385 814 2421 inesse
830 2386 949 2423 formae‘
959 2400 1026 2422 non
1049 2383 1197 2434 polsunt:
1220 2396 1292 2420 cum
1306 2396 1383 2420 unus
1398 2382 1434 2418 fir
1452 2383 1535 2418 dun..

147 2444 235 2470 taxat
254 2434 342 2470 mitus
362 2436 572 2485 prinuiS‚qui
585 2435 788 2470 existentiam
802 2435 988 2485 &speciem
1006 2435 1150 2485 largitur.

1272 2484 1311 2517 M
1338 2484 1357 2533 ij
