1878 2724
366 181 415 213 ¹30
654 171 658 174 '
716 158 1003 204 'PHYSICAE
1049 159 1366 194 GENERALIS
1404 168 1406 170 ·

404 216 495 263 Resp.
511 223 624 260 corpus
642 223 708 246 non
727 213 772 244 ita
791 207 852 244 else
865 208 905 242 ad
920 219 1048 242 motum
1067 213 1101 244 δε
1113 210 1260 255 quietem
1277 207 1466 243 indifferens
1483 236 1493 253 ,
1509 218 1546 243 ut
1567 220 1632 245 non
1647 209 1686 244 viv
1699 208 1762 244 alis·

362 277 427 313 qua
441 264 607 312 indigeat,
628 270 731 306 eaque
752 270 840 293 certa
863 256 1064 300 &definita‚
1083 268 1118 291 ut
1133 269 1304 292 moveatur
1324 257 1399 294 :sed
1417 257 1505 293 nulla
1524 261 1558 294 vi
1582 258 1709 306 indiget
1723 270 1760 294 ut

362 313 513 363 quiescat.
536 312 663 357 Corpus
683 310 714 343 in
730 305 913 355 aequilibrio
928 307 1139 341 constitutum
1152 318 1253 353 parvo
1270 308 1404 353 quidem
1416 320 1589 344 momento
1603 309 1762 356 deprimi-

364 376 413 399 tur
431 377 438 399 :
461 362 513 395 sed
536 360 613 394 illud
631 369 839 393 momentum
854 386 864 401 ‚
880 368 937 391 aut
948 368 1085 404 granum
1106 356 1172 391 una
1188 368 1260 391 cum
1276 366 1348 390 toto
1366 358 1509 404 pondere
1521 361 1572 394 cui
1585 359 1734 403 adjicitur
1747 385 1759 402 ,

365 427 431 448 non
442 410 543 446 solum
557 412 624 444 vim
638 407 724 442 suam
737 409 851 443 exerit.
871 404 999 442 Verum
1010 406 1107 440 dehis
1122 405 1244 454 postea.

397 463 496 497 Nunc
507 460 546 493 ad
558 456 693 494 Cattefii
706 457 794 506 leges
805 455 806 458 ’
816 457 997 492 redeamus·
1011 458 1057 490 Ac
1077 454 1220 504 primum
1232 455 1365 503 quidem
1377 455 1409 488 id
1423 455 1519 490 valde
1536 459 1694 492 incertum
1706 457 1762 501 est,

364 522 489 546 tantum
500 510 554 544 uni
564 509 693 556 corpori
703 519 810 543 motus
826 506 985 541 decedere
997 534 1006 548 ‚
1025 518 1185 553 quantum
1198 505 1290 540 alteri
1308 505 1446 542 accedit.
1461 505 1659 552 Plerumque
1671 509 1762 542 enim

362 561 561 596 contrarium
575 559 767 605 experimur.
788 558 876 593 Nam
889 554 909 590 fi
919 555 982 590 duo
996 567 1131 603 corpora
1147 554 1284 603 aequalia
1295 584 1304 598 ‚
1322 560 1354 591 &
1368 556 1459 590 omni
1476 554 1612 589 elaterio
1628 554 1763 591 destitu-

364 623 396 646 ta
409 639 418 653 ‚
438 614 470 646 &
485 607 640 655 aequabili
659 620 751 642 motu
764 604 899 654 impulsa
910 604 967 640 fibi
988 616 1155 639 occursant
1166 634 1176 648 ,
1204 606 1238 640 in
1255 603 1320 653 ipsa
1331 603 1494 640 collisione
1512 605 1647 639 omnino
1659 604 1764 651 quies.

363 671 439 695 cent
452 688 462 701 ,
475 669 586 705 neque
596 670 697 692 unum
711 657 803 691 alteri
815 655 904 690 suum
922 666 1049 689 motum
1060 656 1236 702 impertiet.

400 724 426 745 2.
440 711 568 743 Omnes
584 719 668 755 pene
683 719 753 754 quae
768 705 945 753 sequuntur
956 703 1043 752 leges
1055 732 1063 747 ,
1077 706 1311 752 experimentis
1321 704 1392 740 sunt
1410 706 1588 747 contrariae‚
1604 714 1641 738 ut
1652 702 1766 751 postea

364 757 567 794 docebimus.
589 758 642 790 Sic
656 768 771 803 quarta
781 754 917 789 defendi
933 753 1024 789 nullo
1039 754 1139 788 modo
1156 754 1270 800 potest.
1289 756 1379 790 Nam
1398 767 1513 803 corpus
1527 753 1580 788 vel
1593 753 1681 787 mole
1694 764 1766 786 ma-

365 811 489 845 ximum
501 807 521 841 ὲ.
538 818 675 855 corpore
687 805 898 853 quantumvis
910 816 1011 852 parvo
1025 801 1232 847 movebitur,
1255 801 1275 837 fi
1290 815 1452 851 quantum
1463 803 1567 838 moles
1587 804 1680 836 unius
1694 804 1774 836 vin-.

365 861 411 894 cit
435 857 567 892 alterius
587 855 732 898 molem,
757 853 963 890 tantumdem
978 882 988 897 ,
1010 852 1064 887 vel
1084 852 1222 901 amplius
1242 852 1391 888 celeritas
1417 865 1546 897 motus,
1571 865 1636 899 quo
1649 862 1767 899 corpus

365 920 502 957 parvum
517 908 654 955 agitatur
669 933 678 948 ,
702 904 829 952 superer
847 905 975 949 majoris
989 900 1199 936 resistentiam
1215 914 1307 949 ‚quae
1330 901 1457 937 infinita
1481 901 1543 937 effe
1559 914 1626 937 non
1651 899 1766 948 potest.

364 962 436 993 Imo
447 958 544 1005 primi
561 955 718 990 elementi
737 950 949 989 minutiffima
966 951 1139 987 substantia
1151 980 1161 995 ,
1180 950 1200 985 si
1222 950 1369 987 Cartefio
1387 952 1547 986 credimus
1558 979 1569 994 ,
1598 953 1633 985 in
1649 960 1766 984 centro

365 1006 514 1055 cujusque
529 1007 662 1041 vorticis
686 1007 798 1052 viget,
821 1008 856 1039 &
879 1001 1008 1036 secundi
1030 1001 1187 1036 elementi
1211 1000 1366 1049 globulos
1386 999 1548 1036 crassiores
1570 1029 1579 1042 ‚
1600 1012 1638 1034 ac
1658 1010 1768 1034 toturn

364 1059 527 1091 vorticem
542 1085 552 1098 ‚
569 1061 602 1092 &
616 1054 764 1103 planetas
775 1052 855 1101 ipsas
869 1052 1057 1100 circumagit
1073 1065 1080 1087 :
1104 1062 1184 1100 ergo
1194 1063 1313 1099 corpus
1326 1049 1379 1086 vel
1389 1049 1477 1085 mole
1487 1051 1666 1085 minimum
1678 1047 1768 1082 aliud

366 1110 468 1150 majus
495 1105 600 1154 potest
620 1103 801 1153 impellere.
1352 1108 1354 1112 '

401 1157 492 1200 Hinc
512 1153 549 1189 fit
561 1166 597 1189 ut
614 1154 711 1189 fluida
726 1151 878 1199 quaesunt
893 1180 904 1195 ,
931 1150 1006 1185 licet
1026 1163 1093 1185 non
1109 1160 1199 1184 tanta
1210 1150 1245 1183 vi
1263 1151 1296 1184 in
1311 1148 1388 1182 dura
1402 1150 1586 1197 impingant
1605 1157 1742 1195 corpora
1753 1174 1766 1189 ‚

367 1218 402 1241 ac
412 1203 433 1239 si
444 1217 482 1239 ea
493 1203 592 1239 essent
603 1202 695 1238 firma
707 1230 716 1245 ‚
738 1213 792 1236 aut
802 1200 902 1236 solida
911 1229 922 1244 ‚
940 1200 1030 1247 quod
1044 1212 1087 1234 ex
1107 1198 1269 1247 particulis
1289 1198 1455 1247 disjunffis
1475 1198 1620 1233 constent
1633 1214 1642 1240 3
1657 1208 1718 1232 nec
1730 1193 1770 1230 fi-

367 1254 438 1291 mul
451 1255 583 1295 omnia,
604 1251 656 1286 sed
676 1263 778 1300 pauca
793 1250 970 1284 admodum
981 1247 1167 1296 corpuscula
1181 1251 1213 1282 in
1227 1247 1294 1295 ipsa
1313 1247 1478 1282 collisione
1492 1250 1562 1283 vim
1578 1247 1666 1281 suam
1685 1257 1770 1280 exe-

367 1315 459 1338 rant:
484 1314 597 1335 eorum
617 1312 730 1335 tamen
747 1301 794 1333 vis
809 1300 952 1347 repetitis
968 1297 1084 1333 ustibus
1108 1296 1203 1331 brevi
1219 1298 1305 1330 adeo
1326 1295 1514 1339 invalescit,
1528 1308 1564 1330 ut
1576 1295 1677 1330 flante
1689 1306 1772 1330 ven-

370 1365 405 1388 to
422 1354 514 1387 navis
530 1362 648 1398 magna
662 1349 832 1383 celeritate
843 1359 956 1397 agatur
968 1376 977 1390 ‚
1000 1347 1105 1381 donec
1123 1347 1225 1381 auCtae
1245 1345 1406 1381 celeritati
1417 1358 1508 1393 aquae
1520 1345 1625 1380 moles
1636 1344 1772 1392 aequatis

369 1401 494 1438 viribus
508 1399 647 1441 resistat,
670 1411 730 1434 nee
748 1399 889 1447 patiatur
912 1408 977 1432 tam
992 1394 1060 1430 cito
1076 1394 1177 1430 scindi
1194 1395 1244 1438 se,
1260 1406 1314 1429 aut
1324 1394 1408 1430 «loco
1426 1396 1593 1430 dimoveri.

402 1451 555 1498 Reliquae
567 1449 655 1498 leges
669 1461 742 1482 cum
755 1448 954 1496 experientia
973 1448 1078 1481 minus
1092 1447 1293 1480 conveniunt
1304 1472 1314 1486 ,
1341 1455 1378 1479 ut
1396 1444 1532 1493 planum
1544 1443 1601 1478 fiet
1611 1472 1621 1486 ,
1639 1455 1712 1478 cum
1726 1441 1770 1476 de

371 1500 568 1551 percussione
583 1497 794 1536 &collisione
819 1509 993 1544 corporum
1019 1508 1057 1530 ex
1075 1493 1145 1543 ipsis
1168 1496 1404 1542 experimentis
1426 1495 1541 1529 dieitur-i
1559 1493 1661 1528 sumus
1682 1506 1690 1527 :
1715 1490 1771 1526 sed

371 1552 459 1587 sexta
474 1551 637 1598 imprimis
660 1546 836 1583 manifeste
853 1547 896 1580 est
911 1545 988 1580 falsa
1006 1544 1059 1580 vel
1073 1557 1112 1579 ex
1128 1542 1199 1592 ipsis
1217 1542 1352 1579 Cartesii
1370 1545 1546 1592 principiis,
1563 1556 1639 1578 nam
1654 1552 1772 1588 corpus

371 1604 400 1637 A
417 1600 585 1635 dimidiam
609 1597 651 1632 sui
672 1595 784 1632 motus
806 1607 932 1643 partem
952 1596 1082 1644 corpori
1100 1596 1123 1628 Β
1136 1623 1146 1638 ,
1170 1591 1285 1641 aequali
1301 1598 1334 1630 &
1356 1595 1472 1640 quieto
1486 1595 1664 1642 impertiet.
1679 1586 1772 1626 idern

373 1651 412 1685 de
424 1650 561 1700 septima
574 1648 647 1696 lege
669 1644 857 1681 dicendum.

887 1742 1139 1779 CAPUT
1195 1744 1266 1777 IV.

449 1847 506 1879 De
522 1854 662 1879 motuum
680 1840 803 1892 legibus
814 1842 847 1875 in
856 1838 1010 1884 collzfione
1028 1849 1192 1888 corporum
1211 1869 1221 1884 ‚
1238 1851 1301 1888 qnae
1316 1839 1442 1873 elaterii
1447 1837 1529 1883 fimt
1540 1837 1702 1886 expertia·

378 1942 573 2032 OMissis
588 1944 698 1989 itaque
708 1940 873 1976 abstractis
886 1949 1008 1974 naturae
1022 1936 1149 1985 legibus
1164 1966 1173 1981 ,
1198 1951 1268 1986 qua:
1285 1940 1316 1973 in
1333 1934 1531 1987 percussione
1553 1941 1587 1972 &
1606 1934 1772 1970 collisione

473 2005 645 2041 corporum
664 2021 674 2035 ‚
694 1989 789 2024 rebus
803 1992 848 2024 ita
861 2000 895 2023 ut
906 1987 974 2022 sunt
985 1988 1168 2022 constitutis
1187 2018 1197 2032 ‚
1221 1991 1380 2022 cernimus
1396 2016 1406 2030 ‚
1423 1998 1558 2034 quaeque
1571 1987 1605 2020 in
1619 1997 1771 2020 motuum

377 2045 675 2080 communicatione
690 2038 864 2074 observare
888 2038 983 2072 liceat
996 2066 1005 2080 ‚
1035 2036 1134 2084 quam
1154 2036 1339 2073 brevissime
1349 2038 1527 2086 poterimus
1539 2046 1723 2082 exponere,
1737 2039 1774 2070 &t

375 2096 397 2131 ἐι
414 2094 618 2144 geometricis
633 2086 963 2125 demonstrationibus
977 2115 987 2129 ‚
1011 2085 1130 2133 quibus
1150 2086 1305 2123 haetenus
1320 2087 1386 2122 haec
1395 2085 1524 2120 scientia
1541 2086 1605 2119 fust
1621 2083 1744 2133 illigata
1758 2112 1773 2128 ,

376 2146 415 2179 ad
438 2145 579 2178 rationes
598 2138 741 2189 physicas
761 2144 794 2177 &
813 2136 982 2174 intellectu
1000 2149 1069 2171 non
1086 2137 1198 2173 arduas
1216 2138 1382 2173 traducere
1400 2135 1602 2170 conabimur.
1619 2135 1771 2180 Cumque

376 2205 514 2240 corpora
532 2204 604 2240 quae
620 2189 690 2225 sunt
703 2191 836 2231 omnia,
852 2198 907 2222 aut
922 2196 1010 2220 certe
1022 2197 1095 2232 quae
1114 2186 1210 2223 nobis
1232 2186 1301 2223 sunt
1319 2197 1398 2222 nota
1411 2215 1420 2229 ‚
1443 2183 1650 2220 flexibilitate
1664 2182 1773 2229 aliqua

376 2246 517 2292 partium
529 2243 709 2282 donentur,
726 2250 834 2286 neque
852 2236 917 2272 ulla
932 2233 992 2270 sint
1003 2237 1093 2271 omni
1108 2249 1146 2272 ex
1156 2249 1246 2285 parte
1258 2238 1335 2271 dura
1347 2242 1381 2273 &
1393 2232 1591 2274 inflexibilia,
1606 2243 1641 2266 ut
1657 2231 1772 2279 postea.

378 2293 579 2328 ostendemus
591 2321 599 2334 ,
619 2289 672 2325 illa
685 2291 717 2323 in
733 2285 924 2336 corporibus
942 2296 1013 2331 quae
1028 2298 1205 2322 moventur
1218 2316 1228 2330 ‚
1249 2286 1415 2321 distinctio
1433 2284 1493 2317 erit
1507 2280 1713 2324 adhibenda,
1735 2291 1771 2315 ut

380 2343 529 2388 quiedam
542 2340 600 2376 (int
613 2340 696 2374 adeo
711 2337 825 2373 mollia
835 2342 868 2374 &
879 2333 1037 2370 flexibilia
1047 2365 1056 2379 ‚
1078 2348 1113 2370 ut
1123 2336 1222 2385 pressa
1233 2350 1299 2372 non
1309 2333 1447 2370 resiliant
1458 2349 1466 2374 3
1476 2331 1537 2365 alia
1550 2332 1615 2365 vim
1627 2330 1772 2366 habeant

383 2391 540 2425 elasticam
557 2420 565 2433 ‚
585 2402 650 2437 qua
669 2399 775 2437 partes
796 2399 912 2423 eorum
933 2382 1038 2433 pressae
1061 2386 1166 2423 statim
1185 2387 1390 2422 restituuntur·
1407 2395 1415 2417 :
1444 2382 1486 2416 de
1503 2379 1642 2428 utrisque
1673 2377 1770 2415 nobis

382 2440 543 2487 agendum
559 2443 628 2474 erit.
