1878 2724
536 102 604 141 DE
646 102 672 140 P
687 101 716 141 1.
730 104 758 140 A
775 105 810 142 N
824 103 857 142 T
872 104 887 141 1
901 103 933 142 S·
1396 124 1407 146 ι

2 167 16 187 v
42 151 199 191 succum
213 152 234 189 ὲ
254 147 342 189 foliis
354 155 492 192 &ramis
505 155 538 189 in
552 166 698 190 truncum
707 155 857 191 reducem
872 156 1018 205 plerique
1035 151 1188 191 arborum
1214 154 1320 193 morbi
1347 121 1407 192 dg.

0 218 15 249 ,ιῇ
28 204 210 240 monstrant.
227 203 325 240 Unde
334 206 423 240 enim
432 206 512 239 rami
527 216 589 253 prae
599 203 684 240 visco
697 202 863 240 tabescunt
873 234 884 249 ,
901 210 936 242 &
949 202 1045 238 arbor
1056 202 1120 252 ipsa
1140 204 1246 241 musco
1265 204 1408 242 obdu&a

0 265 13 294 μ,
27 251 197 302 languescit
210 280 221 295 ‚
237 251 292 288 nisi
300 252 344 288 ob
356 265 428 288 eam
436 255 596 289 rationem
606 253 694 301 quod
708 252 834 288 succum
853 254 874 289 ἐι
892 253 979 290 foliis
998 257 1032 289 &
1044 256 1194 289 extremis
1212 254 1344 290 refluum
1357 258 1409 290 in.

0 300 12 337 2}
28 300 145 338 fleiant.
156 302 245 337 Nam
261 302 407 338 detracto
419 301 504 338 visco
514 314 620 338 ramus
629 301 706 337 mali
718 301 835 338 melius
845 302 875 337 se
884 301 985 339 habet
996 318 1005 345 3
1021 306 1056 338 &
1065 302 1172 338 musco
1187 303 1300 339 abraso
1310 302 1407 339 arbor

0 365 10 400 ιε,
26 349 115 387 velut
124 348 228 384 scabie
237 350 343 386 sanata
353 363 426 399 quae
439 350 563 388 succum
573 363 629 399 per
642 353 767 386 corticis
776 350 871 386 fibras
883 351 1016 387 refluum
1027 351 1222 399 inquinabat
1234 381 1244 396 ,
1257 352 1295 388 fit
1306 364 1409 402 vege..

8 407 9 411 ’
27 400 181 436 tior.Nec
193 401 368 447 quicquam
383 401 426 436 est
439 400 535 436 causae
549 412 604 435 cur
613 398 745 435 arbores
758 400 837 449 fiepe
846 402 1024 436 moriantur
1038 427 1051 444 ‚
1068 412 1140 435 cum
1155 403 1192 435 iis
1205 399 1407 437 insociabiles

7 416 10 497 i
25 446 136 484 surculi
145 446 321 485 inseruntur
332 447 404 485 :nifi
418 449 507 497 quod
521 449 625 484 succus
640 448 661 484 ὲ
674 448 761 484 foliis
775 454 808 487 δι
817 452 912 484 ramis
933 461 990 498 per
1006 447 1164 485 surculum
1184 451 1282 486 redux
1303 452 1408 486 minus

26 499 128 532 trunci
139 498 327 534 &radicum
341 500 448 546 poris,
465 510 519 533 aut
537 497 657 533 tubulis
676 496 713 533 fit
728 499 1001 534 accommodatus.
1018 498 1118 535 Unde
1133 498 1214 548 saepe
1237 500 1355 534 accidit
1373 510 1410 535 ut

24 545 114 582 radix
128 545 215 595 prius
230 547 314 582 male
328 547 358 582 se
372 546 492 583 habeat
504 576 515 591 ,
541 546 640 595 quam
653 559 759 584 ramus
773 545 891 585 insitus.
918 547 1005 582 Cum
1021 559 1166 582 recentes
1187 560 1294 583 ramos
1311 546 1411 582 arbo-

24 606 94 630 rum
108 595 204 630 dente
213 595 355 631 recidunt
367 596 524 645 pecudes,
544 607 614 633 tum
623 595 703 645 saepe
715 594 811 631 arbor
831 598 986 632 emoritur
996 607 1052 631 aut
1059 595 1235 645 languescit
1246 625 1256 640 ,
1269 595 1326 632 nili
1335 607 1411 631 ero-

24 643 71 679 sus
82 643 219 680 surculus
230 644 442 682 abscindatur:
452 646 541 693 quod
555 643 660 681 succus
677 647 710 680 in
723 656 814 695 parte
825 645 915 680 exesa
924 645 1061 682 infeetus
1070 645 1165 681 instar
1175 647 1411 695 gangrenae‚uti

23 691 92 728 fere
110 694 143 728 in
155 693 349 729 animalibus
360 694 569 730 circulatione
578 693 630 729 sua
643 694 805 742 reliquum
816 693 940 730 succum
952 696 1112 742 inquinet.

62 743 149 778 Cum
160 754 272 778 cortex
287 742 409 778 arboris
422 746 455 779 in
468 743 584 778 orbem
595 742 696 779 sectus
707 743 751 778 est
764 772 775 788 ,
791 743 872 792 saepe
886 745 1012 779 corticis
1029 741 1046 777 s
1063 744 1198 791 perioris
1220 741 1337 780 limbus
1358 746 1412 780 im

24 790 170 827 tumescit
180 820 189 835 ‚
204 803 239 826 ut
250 794 281 827 in
297 792 460 828 nonnullis
475 790 642 828 arboribus
656 791 685 827 se
698 804 870 841 expertum
883 793 1009 828 testatur
1059 791 1217 840 alpighius
1229 790 1336 841 :isque
1345 794 1409 829 hoc

0 847 2 875 l
21 852 108 889 pene
120 853 184 875 uno
201 852 393 889 argumento
412 840 567 890 persuasus
578 840 660 876 succi
674 841 914 876 circulationem
932 843 964 875 in
978 840 1094 888 plantis
1112 852 1148 876 ut
1167 843 1201 875 in
1219 841 1411 877 animalibus

0 884 2 889 ’
22 888 94 925 fieti
108 890 274 926 existimat.
290 890 397 938 Atque
415 890 447 924 id
459 901 547 924 extra
559 902 693 925 omnem
704 889 944 925 dubitationem
957 888 1091 937 positum
1117 901 1231 937 putem
1243 918 1254 933 ‚
1279 888 1408 926 succum

23 937 65 973 ab
81 940 232 974 extremis
242 938 359 987 plantae
368 940 409 974 ad
422 950 570 975 truncum
584 943 622 977 §c
633 939 755 974 radices
769 941 888 975 reverti
897 968 906 983 ‚
933 939 1031 986 idque
1044 940 1079 974 in
1093 939 1210 987 plantis
1231 937 1323 974 succo
1342 950 1411 974 tur-

21 987 104 1035 gidis
116 987 319 1023 manifestum
331 988 383 1024 est,
394 989 482 1025 Nam
493 989 626 1022 ineunte
647 999 724 1023 vere
737 1000 810 1023 cum
823 986 914 1023 succo
933 998 1062 1035 turgent
1075 1015 1086 1031 ,
1107 999 1159 1022 ma
1184 999 1259 1022 nam
1273 987 1408 1045 liquoris

21 1036 112 1071 crudi
125 1042 158 1074 ὃ(
175 1035 284 1084 aquofi
302 1038 430 1084 copiam
446 1035 608 1085 praebent:
620 1048 656 1071 ut
669 1039 702 1071 in
711 1038 780 1072 vite
792 1039 960 1072 cernimus.
974 1038 1026 1070 Sic
1036 1038 1069 1070 in
1079 1000 1192 1071 betufii
1203 1064 1213 1079 ‚
1222 1036 1326 1085 vulgo
1336 1035 1413 1071 hou-

23 1085 98 1119 teau
109 1113 117 1124 ‚
137 1097 208 1120 cum
223 1084 330 1120 mense
347 1087 470 1121 Martio
483 1096 594 1121 cortex
617 1085 798 1133 perforatur
810 1084 908 1133 usque
924 1085 964 1120 ad
979 1085 1120 1133 lignum,
1146 1095 1215 1119 tum
1231 1096 1314 1132 aqua
1328 1085 1413 1120 ube-²

22 1135 88 1168 rior
99 1132 206 1169 effluit
216 1163 227 1178 ,
241 1133 341 1181 quam
351 1145 388 1169 ut
395 1134 582 1171 diureticam
591 1163 601 1177 ‚
620 1139 654 1171 &
666 1133 801 1170 arenosis
818 1133 933 1169 utilem
955 1134 1163 1169 commendat
1175 1133 1385 1169 Helmontius
1396 1163 1409 1178 ,

23 1194 130 1230 eaque
145 1182 212 1218 cito
229 1186 461 1231 corrumpitur,
483 1181 536 1217 nifi
557 1182 726 1217 distilletur
741 1211 752 1226 ‚
775 1195 828 1218 aut
849 1182 1009 1231 superfuso
1030 1181 1103 1217 oleo
1115 1211 1125 1225 ‚
1148 1193 1184 1217 ut
1195 1183 1229 1217 in
1246 1183 1325 1218 vino
1340 1181 1412 1218 fieri

23 1230 104 1267 solet
115 1261 124 1276 ‚
135 1231 352 1268 conservetur.
366 1233 464 1267 Hunc
472 1243 570 1279 porro
584 1230 710 1266 succum
720 1244 786 1267 non
799 1230 860 1266 effe
873 1233 1044 1267 nutritium
1061 1231 1135 1266 hinc
1147 1228 1270 1265 suaderi
1281 1231 1385 1279 potest
1397 1260 1409 1275 ‚

23 1279 112 1327 quod
121 1280 242 1316 nullum
252 1279 348 1315 arbor
361 1293 399 1316 ex
415 1279 559 1315 uberiori
575 1279 656 1315 illius
666 1280 797 1326 liquoris
809 1278 930 1316 effluxu
941 1281 1171 1315 detrimentum
1179 1281 1325 1328 patiatur.
1336 1283 1407 1317 De2=

23 1331 120 1376 nique
130 1329 289 1377 liquorem
298 1328 341 1364 ab
350 1331 503 1365 extremis
518 1331 613 1364 ramis
631 1329 790 1377 profluere
801 1359 810 1373 ,
826 1329 902 1365 hinc
919 1329 1025 1378 palam
1041 1329 1077 1364 fit
1091 1357 1101 1372 ,
1124 1328 1213 1376 quod
1232 1327 1318 1367 sedito
1336 1341 1408 1365 cot-

26 1380 90 1413 tice
101 1381 132 1414 in
144 1377 268 1415 duobus
284 1378 361 1414 locis
375 1407 385 1422 ,
399 1390 482 1426 aqua
495 1377 637 1413 ubertim
648 1390 686 1413 ex
699 1379 856 1427 superiore
867 1379 999 1414 vulnere
1009 1408 1018 1422 ‚
1033 1390 1127 1427 parce
1137 1390 1174 1412 ex
1186 1376 1340 1412 inferiore
1351 1390 1408 1417 ex,

26 1426 170 1463 stilletur.
183 1428 311 1465 Deinde
323 1440 389 1463 non
408 1440 446 1462 ex
458 1429 554 1462 ramis
565 1438 707 1473 tantum,
733 1440 789 1462 aut
803 1439 913 1463 trunco
929 1430 954 1462 is
974 1427 1079 1476 liquor
1096 1424 1219 1469 effluit,
1247 1438 1320 1461 cum
1333 1426 1408 1462 vul-

26 1488 83 1511 nus
102 1477 168 1512 alte
181 1483 214 1513 ὅ(
228 1476 324 1524 usque
339 1478 379 1511 ad
389 1476 510 1524 lignum
521 1476 697 1525 infligitur,
709 1476 761 1512 sed
778 1479 877 1511 etiam
887 1477 992 1511 radice
1015 1475 1134 1511 tesedia
1143 1474 1285 1510 ubertim
1302 1488 1409 1510 erum-

27 1527 74 1574 pit
90 1522 171 1568 {nec
185 1537 355 1575 propterea
368 1524 463 1560 arbor
481 1524 544 1573 ipsa
558 1525 729 1573 languescit
739 1526 848 1571 ,quod
859 1525 959 1559 succus
971 1525 1024 1560 ille
1039 1538 1106 1560 non
1123 1523 1158 1559 sit
1168 1525 1313 1559 nutritius
1323 1553 1333 1565 ,
1347 1536 1408 1558 nec

27 1586 84 1621 per
96 1574 218 1609 radices
227 1575 266 1609 ad
280 1586 428 1609 truncum
446 1572 602 1609 ascendat.
626 1575 705 1610 Non
715 1573 861 1610 dissimile
875 1573 1027 1620 quiddam
1043 1576 1076 1607 in
1092 1572 1206 1621 plantis
1223 1584 1294 1619 quae
1314 1571 1407 1607 succo

27 1622 192 1667 colorato,
209 1635 265 1658 aut
273 1622 357 1658 laete
372 1633 521 1671 turgent,
539 1634 667 1657 cernere
681 1623 728 1657 est
746 1637 754 1658 :
775 1635 851 1658 nam
864 1621 998 1670 aquosus
1018 1623 1124 1657 succus
1142 1623 1159 1658 ὲ
1178 1621 1299 1656 summa
1316 1632 1409 1670 parte

27 1670 202 1708 delabitur.
222 1671 451 1708 Chelidonium
463 1701 472 1716 ‚
488 1670 586 1719 vulgo
593 1672 708 1705 e'claire
721 1701 731 1716 ‚
751 1684 850 1721 prope
865 1684 982 1708 terram
994 1669 1157 1706 abscissum
1172 1670 1226 1714 est3
1245 1681 1314 1719 pars
1325 1670 1409 1705 sum-

29 1732 83 1754 ma
101 1720 219 1769 plantae
237 1733 328 1767 aquae
339 1720 487 1756 immersa
501 1750 510 1764 ‚
537 1722 715 1769 interjeffls
734 1722 860 1770 aliquot
876 1721 960 1756 horis
978 1720 1081 1755 succus
1103 1719 1213 1754 crudus
1229 1725 1262 1756 ὅ(
1274 1718 1408 1766 aquosus

27 1781 67 1803 ex
80 1782 171 1817 parre
183 1770 327 1805 inferiori
340 1769 462 1805 effluxit
473 1782 564 1813 ,cum
581 1782 619 1804 ex
633 1782 670 1804 ea
686 1783 775 1819 parte
784 1783 856 1818 quae
868 1770 970 1804 adhuc
988 1782 1075 1805 terrae
1086 1767 1279 1810 adherebat,
1295 1781 1409 1815 patum

29 1816 109 1852 succi
120 1816 171 1854 sed
179 1821 279 1866 magis
295 1818 428 1854 colorati
436 1821 628 1855 manaverit.
640 1820 738 1856 Unde
749 1818 900 1867 eJusmodi
912 1819 1073 1867 planrae,ut
1088 1816 1264 1865 tithymali,
1275 1829 1347 1857 curn
1359 1829 1412 1852 ar-

31 1868 125 1902 stiori
140 1868 270 1904 vinculo
285 1870 318 1904 in
342 1868 451 1903 medio
471 1867 561 1903 caule
577 1869 850 1918 constringuntur,
865 1867 955 1916 supra
978 1867 1148 1916 ligaturam
1171 1864 1384 1901 intumescunt
1401 1880 1410 1902 :

29 1915 116 1962 quod
127 1916 232 1952 succus
245 1919 280 1952 in
292 1918 414 1951 radices
431 1928 576 1952 remeans
591 1917 782 1965 plerumque
799 1929 855 1966 per
872 1916 1001 1952 tubulos
1024 1919 1056 1951 in
1075 1917 1196 1951 cortice
1216 1925 1344 1963 aptatos
1357 1927 1411 1950 re.

31 1963 165 1999 vehatur
176 1965 273 2008 ,dum
283 1965 388 1999 succus
398 1967 542 2000 nutritius
558 1977 614 2012 per
631 1965 726 2003 fibras
739 1968 907 2008 interiores
927 1966 946 2001 a
967 1966 1074 2000 radice
1088 1964 1231 2002 effertur.

35 2040 43 2044 ,
72 2014 138 2048 Vix
151 2024 260 2049 tamen
276 2013 308 2047 id
324 2013 456 2047 decerni
477 2014 582 2061 pote-st
594 2026 651 2060 per
670 2028 752 2062 quos
763 2016 875 2050 ducitus
891 2027 1025 2063 uterque
1034 2013 1140 2053 succus
1152 2012 1341 2062 perferatur.
1358 2014 1413 2049 An

32 2061 115 2097 forte
143 2061 250 2096 succus
281 2061 490 2096 alimentitius
509 2074 565 2109 per
589 2061 685 2097 fibras
708 2063 730 2097 li
755 2076 830 2098 neas
854 2061 968 2099 sursum
1005 2059 1130 2097 tollitur
1140 2091 1149 2104 ‚
1179 2074 1236 2110 per
1260 2063 1413 2097 utriculos

39 2121 94 2147 aut
121 2109 360 2149 membranosos
382 2109 490 2149 duetus
507 2110 651 2146 deorsum
672 2076 836 2149 telaffiitur.
872 2112 959 2146 Cum
989 2112 1107 2159 plantae
1126 2110 1307 2158 ferulaceze:
1322 2111 1411 2149 succo

24 2158 102 2194 fsunt
116 2160 247 2208 turgidae
263 2164 297 2197 &
311 2157 507 2201 transversim
518 2157 660 2201 secantur
675 2189 685 2203 ‚
706 2159 803 2196 tubus
818 2173 914 2196 cavus
931 2160 1019 2195 fibris
1035 2160 1149 2208 ligneis
1167 2164 1202 2196 ὃς
1223 2161 1319 2196 rectis
1333 2172 1412 2194 con-

33 2208 90 2242 stat
103 2222 110 2243 ε
124 2208 181 2244 hos
195 2207 384 2243 membrana
399 2207 514 2243 fibrosa
528 2213 561 2244 &
573 2209 650 2242 dura
661 2208 794 2244 obducit
807 2226 816 2253 3
827 2212 910 2254 inter
920 2209 1036 2246 fibram
1052 2209 1192 2257 ligneam
1202 2213 1234 2244 &
1249 2207 1414 2242 membra-

33 2268 107 2291 narn
121 2256 224 2292 succus
235 2256 360 2294 densior
372 2262 405 2293 &
414 2256 572 2291 coloratus
588 2257 778 2304 conspicitur
792 2275 800 2302 ·,
813 2271 915 2306 eaque
935 2258 1124 2293 membrana
1141 2256 1233 2290 instar
1243 2255 1345 2290 tubuli
1356 2268 1414 2304 ap-

34 2316 124 2351 paret
139 2322 148 2348 3
165 2309 249 2341 inter
266 2319 320 2341 eos
335 2304 464 2341 tubulos
482 2305 652 2340 substantia
669 2308 816 2353 quaedam
831 2306 995 2355 spongiosa
1009 2305 1201 2352 conspicitur
1214 2331 1223 2344 ‚
1245 2316 1343 2350 quam
1363 2316 1415 2338 fe·

35 2351 104 2401 pler
115 2353 220 2396 succus
239 2354 369 2404 aquosus
383 2383 393 2400 ‚
417 2353 532 2391 fluidus
552 2383 562 2398 ,
587 2360 619 2392 δε
633 2355 786 2401 excoler5
809 2359 942 2407 atqueis
963 2365 1128 2391 contextus
1145 2364 1183 2387 cx
1203 2350 1290 2387 fibris
1304 2381 1313 2395 ,
1335 2365 1413 2402 quas
