1878 2724
430 190 494 225 500
907 165 919 174 ”
973 172 998 209 Ρ
1013 171 1048 209 Η
1057 169 1090 208 Y
1099 173 1120 209 S
1131 171 1146 208 1
1159 173 1235 211 0AE
1424 219 1429 222 y

429 224 567 274 priorem
586 221 701 259 cerebri·
717 229 841 271 partem
860 247 871 260 ,
894 220 979 257 circa
999 222 1150 271 punllnm
1169 226 1199 258 E
1220 223 1395 261 uniuntur,
1417 233 1491 256 mox
1508 220 1565 270 &fi
1584 219 1722 259 tnw'cem
1747 223 1808 272 dist

432 275 552 320 ceffuri.
918 305 923 309 .

471 320 657 364 Posteriores
678 317 788 352 itidem
800 320 883 353 rami
896 318 1071 353 carotidum
1083 321 1168 366 circa
1182 320 1331 370 pune'lum
1350 321 1394 360 F,
1409 330 1474 355 tum
1485 324 1568 356 inter
1568 322 1615 367 sb,
1628 330 1694 355 tum
1710 322 1805 357 etiam

432 382 500 404 cum
512 369 640 403 arteriis
657 364 896 402 vertebralibus
908 370 1141 416 coniunguntur
1152 384 1162 403 .·
1173 378 1241 404 vert
1247 368 1367 404 ebrales
1381 373 1504 404 arteria
1517 371 1556 412 S,
1568 369 1607 404 ό·
1621 371 1646 402 S
1655 396 1664 407 ,
1677 370 1807 417 quaesbi-

447 418 524 450 licet
532 426 589 465 per
600 416 758 451 cervicem
768 416 986 463 aftendunt,in
996 429 1092 451 unum
1109 430 1234 466 quoque
1242 428 1388 454 truncum
1398 420 1517 458 co'e‘unt,
1528 421 1612 453 circa
1621 419 1663 455 T.

477 466 540 499 His
561 463 728 513 explicatis
739 493 749 508 ‚
767 476 839 511 quae
856 464 1013 499 meliusin
1027 465 1332 510 cerebro'vitulino,
1348 478 1406 502 aut
1418 466 1521 502 ovillo
1537 479 1635 517 quam
1655 470 1688 504 in
1707 466 1806 517 figura

428 512 649 563 intelliguntur
662 542 673 559 ‚
687 515 741 563 qui
755 512 813 549 sint
825 515 973 563 praecipui
982 515 1122 562 partium
1133 515 1263 552 cerebri.
1271 513 1338 551 usus
1351 516 1529 552 videamus.

959 612 1045 656 {CA
1061 613 1135 651 PU
1152 614 1182 648 T
1217 616 1292 652 VI.

711 709 788 757 Qae
798 709 866 756 sint
884 712 1032 761 pracipui
1049 713 1196 759 cujusque
1216 713 1322 762 partis
1337 710 1455 747 cerebri
1469 712 1552 758 ufiu.

427 791 630 879 PRirnum
646 789 727 826 illud
744 791 934 827 intuendum
946 791 1041 828 nobis
1056 792 1100 827 est
1114 794 1147 829 in
1165 806 1229 841 qua
1249 804 1341 843 parte
1366 792 1490 828 cerebri
1506 792 1632 842 spiritus
1652 792 1807 831 animales

494 839 709 890 perficiantur.
735 842 786 885 Sit
805 842 925 889 itaque.

955 923 1069 957 Prima
1082 923 1113 954 C
1115 923 1255 970 onclufiq.

474 1001 558 1037 Illud
573 1000 742 1037 verisimile
760 1004 888 1038 videtur
901 1033 909 1047 ‚
925 1003 1051 1052 spiritus
1064 1003 1220 1039 animales
1230 1007 1389 1054 praecipua
1402 1006 1590 1041 interiorum
1607 1003 1749 1041 sensuum
1760 1006 1807 1043 in·

430 1052 606 1086 strumenta
619 1053 650 1085 in
663 1053 783 1086 cortice
795 1051 919 1086 cerebri
937 1056 1103 1100 praeparari
1122 1081 1131 1096 ,
1149 1055 1226 1089 &in
1243 1056 1399 1088 interiore
1413 1054 1556 1090 medulla
1578 1053 1705 1102 perfici,

464 1097 627 1133 Probatur
645 1102 734 1146 prior
750 1100 956 1136 conclusionis
973 1112 1044 1148 pars
1064 1102 1105 1135 10'
1118 1113 1161 1136 ex
1170 1101 1294 1136 cerebri
1315 1105 1480 1137 exterioris
1497 1101 1621 1137 fabrica
1632 1131 1642 1146 ,
1670 1108 1704 1140 &
1718 1102 1808 1139 vaso⁴

427 1161 497 1183 turn
511 1159 577 1183 tam
592 1146 758 1183 numerosa
770 1152 966 1198 propagine:
982 1148 1062 1184 nihil
1075 1151 1162 1185 enirn
1178 1149 1379 1198 probabilius
1395 1151 1502 1187 afferri
1516 1152 1618 1199 potest
1630 1164 1728 1199 quam
1743 1151 1808 1201 spi-

426 1200 504 1232 titus
523 1195 677 1231 animales
695 1200 843 1231 omniurn
859 1198 1066 1234 funffionum
1086 1197 1220 1246 opifices
1236 1199 1429 1248 *esanguine
1444 1200 1595 1235 arterioso
1612 1202 1644 1235 in
1663 1212 1700 1234 ea
1717 1212 1807 1249 parte

426 1247 598 1294 procreati.
616 1247 704 1280 Nam
718 1257 769 1279 tot
781 1245 927 1281 vasorum
937 1246 1046 1295 plexus
1057 1245 1223 1290 mirabiles
1242 1260 1282 1282 eo
1303 1248 1366 1283 loci
1382 1249 1542 1296 conspicui
1559 1247 1628 1283 satis
1651 1251 1807 1293 innuunt,

427 1308 496 1330 non
507 1296 654 1341 privato,
669 1292 722 1327 sed
730 1293 864 1341 publico
876 1297 999 1330 muneri
1011 1295 1092 1330 hanc
1110 1295 1256 1331 vasorum
1275 1298 1358 1331 intra
1374 1297 1498 1332 cerebri
1514 1295 1610 1332 sulcos
1624 1297 1809 1333 multitudi-

426 1355 503 1378 nem
517 1341 667 1377 famulari
678 1370 688 1384 ,
701 1354 809 1389 neque
822 1342 1047 1378 uniuscerebri
1057 1343 1213 1379 alimento
1224 1374 1233 1387 ‚
1247 1344 1297 1379 sed
1308 1346 1454 1381 universo
1465 1348 1591 1393 corpori
1602 1358 1653 1381 tot
1664 1345 1736 1381 vasa
1749 1348 1808 1382 de-

427 1393 544 1427 stinari.
557 1393 638 1426 Non
655 1392 743 1426 enim
752 1403 822 1438 pars
837 1392 900 1427 alia
909 1395 1051 1441 corporis
1063 1395 1096 1427 in
1114 1392 1157 1427 sui
1171 1392 1336 1441 superficie
1349 1406 1472 1430 tantam
1486 1396 1672 1430 arteriarum
1685 1394 1704 1429 s
1721 1395 1808 1433 ivam

426 1439 674 1489 complerentur:
695 1439 863 1486 praeserrim
878 1453 950 1476 cum
968 1443 1135 1476 materiam
1166 1441 1239 1477 huic
1258 1446 1384 1477 muneri
1402 1443 1553 1478 idoneam
1567 1455 1676 1478 namra
1694 1409 1809 1493 (yelege.

427 1492 492 1532 rit,
511 1501 647 1536 eamque
665 1488 754 1523 velut
776 1489 841 1524 leni
855 1489 964 1524 balnei
985 1489 1130 1538 vaporosi
1142 1490 1254 1525 -calore
1272 1503 1330 1538 per
1338 1491 1490 1527 alembici
1513 1493 1607 1527 rostra
1627 1491 1715 1527 mille
1731 1507 1805 1528 mo-

426 1539 474 1572 dis
491 1541 524 1572 in
545 1536 574 1572 se
590 1536 708 1571 reflexa
729 1537 770 1571 ad
785 1536 942 1573 summum
959 1541 1103 1587 puritatis
1128 1540 1259 1587 gradum
1287 1543 1439 1577 evexerit.
1459 1540 1682 1575 Acceditillud
1694 1543 1808 1586 etiam,

426 1587 515 1635 quod
535 1584 661 1634 spiritus
675 1587 720 1620 ita
733 1586 866 1621 exaltati
883 1599 1020 1635 utraque
1036 1590 1186 1636 meninge
1203 1587 1414 1624 cohibeantur
1429 1618 1439 1632 ‚
1454 1602 1495 1624 ne
1512 1589 1597 1624 forte
1620 1588 1665 1624 ob
1683 1592 1809 1639 ingeni..

428 1647 496 1670 tam
518 1633 740 1671 mobilitatem
762 1635 908 1672 avolent.
936 1639 1020 1673 »Nec
1051 1636 1189 1671 multum
1207 1636 1300 1672 eosz'a
1317 1637 1426 1686 spiritu
1443 1639 1512 1673 vini
1529 1638 1706 1674 abhorrere
1731 1640 1808 1675 hinc

426 1683 572 1732 suspicari
586 1682 745 1730 poffumus
760 1711 770 1725 ‚
789 1684 877 1730 quod
895 1697 962 1719 non
987 1687 1055 1720 vini
1075 1684 1323 1733 modorspititus
1342 1714 1351 1729 ‚
1368 1686 1422 1721 sed
1440 1686 1578 1734 liquores
1608 1686 1677 1722 fere
1693 1699 1807 1723 ornnes

427 1730 570 1780 generosi
580 1731 752 1767 exhaustos
767 1732 890 1780 spiritus
904 1732 948 1767 ob
965 1736 1084 1769 nimios
1105 1733 1230 1768 labores
1245 1762 1253 1777 ‚
1269 1736 1394 1783 vigilias
1407 1765 1417 1779 ,
1430 1747 1487 1770 aut
1510 1736 1649 1771 inediam
1659 1738 1699 1771 -in
1720 1749 1807 1785 pun-

428 1783 483 1816 <sto
500 1783 654 1828 temporis
675 1780 830 1815 reficiant.
853 1784 1009 1816 Praeterea
1028 1795 1093 1817 non
1111 1778 1176 1817 sola
1194 1782 1398 1818 distillatione
1411 1813 1420 1827 ‚
1439 1795 1495 1818 aut
1505 1785 1724 1832 percolatione
1743 1784 1807 1833 spi-

426 1832 502 1864 ritus
520 1830 537 1864 ὲ
550 1829 700 1878 sanguine
723 1828 876 1864 arterioso
891 1843 947 1878 per
964 1829 1086 1865 cerebri
1105 1843 1201 1878 poros
1216 1834 1249 1866 in
1265 1843 1338 1866 eum
1354 1834 1500 1880 puritatis
1511 1834 1643 1880 gradum
1655 1833 1807 1868 attollun-

429 1890 500 1921 tur,
517 1877 568 1911 sed
593 1879 690 1911 etiam
712 1877 874 1912 fermento
891 1879 1033 1925 quodam
1051 1878 1149 1913 salino
1170 1882 1203 1913 in
1228 1882 1350 1913 cortice
1380 1879 1503 1914 cerebri
1527 1880 1657 1929 copioso
1685 1880 1806 1930 sanguis

427 1925 648 1973 perfunditur,
661 1937 698 1958 ac
711 1925 868 1971 separatio
881 1937 950 1961 tum
961 1925 1133 1974 spirituum
1146 1955 1154 1967 ,
1169 1939 1235 1961 tum
1249 1928 1381 1973 liquoris
1401 1930 1510 1976 vegeti
1522 1957 1529 1971 ‚
1542 1935 1573 1965 ἅ·
1588 1928 1706 1964 actuosi
1720 1933 1753 1964 vi
1770 1930 1808 1964 il-

427 1976 486 2009 lius
502 1974 655 2007 fermenti
669 1972 942 2019 perficiturflinc
962 1975 1094 2020 quidam
1113 1973 1181 2008 salis
1201 1977 1469 2011 armoniiciodor
1487 1979 1519 2011 in
1539 1990 1575 2011 ca
1590 1989 1679 2025 parte
1692 1979 1808 2027 depre.

426 2023 586 2058 henditur.
615 2019 752 2055 Cerebri
769 2033 901 2068 quoque
926 2019 1091 2057 substantia
1109 2023 1238 2057 mollior
1265 2026 1347 2058 inter
1363 2024 1580 2072 glandulosam
1599 2032 1631 2063 ὅ(
1649 2028 1808 2062 medulla-

426 2084 495 2106 rem
510 2069 662 2113 ;candida
677 2097 686 2111 ,
700 2069 797 2103 dulcis
807 2099 818 2113 ,
829 2082 866 2104 ex
878 2069 988 2105 fistulis
999 2073 1126 2106 intortis
1149 2071 1340 2121 composita,
1357 2074 1521 2123 gignendis
1534 2073 1692 2123 spiritibus
1705 2078 1807 2111 maxi-

427 2132 480 2155 me
503 2119 549 2153 est
569 2119 825 2154 accommodata.

462 2171 536 2204 Pars
559 2165 658 2200 altera
678 2165 883 2201 conclufionis
896 2178 933 2200 ex
951 2166 1040 2214 ipsius
1061 2179 1130 2202 tum
1145 2172 1270 2204 corticis
1283 2199 1292 2213 ,
1307 2181 1374 2205 tum
1385 2174 1483 2219 partis
1503 2174 1664 2207 interioris
1678 2172 1805 2207 cerebri

426 2219 575 2253 structura
588 2214 758 2262 colligitur.
777 2218 865 2250 Nam
877 2226 911 2249 ut
927 2227 996 2262 pars
1009 2215 1132 2250 cerebri
1146 2220 1264 2252 extima
1283 2225 1316 2255 ‹Sc
1337 2222 1460 2254 cinerea
1479 2221 1641 2267 spirituum
1659 2233 1807 2269 procrea-

428 2269 528 2310 tioni,
541 2263 722 2298 ficiuterior
742 2269 776 2299 &
790 2264 954 2298 candidior
968 2265 1157 2299 eorumdem
1178 2270 1325 2304 motui&
1344 2268 1551 2303 distributioni
1578 2270 1694 2303 idonea
1713 2270 1805 2303 vide..

427 2327 476 2349 tur
493 2329 499 2349 :
515 2317 545 2349 id
558 2314 643 2346 enini
655 2313 696 2346 est
706 2315 823 2347 rationi
842 2311 1092 2347 consei.taneum
1103 2342 1112 2356 ‚
1122 2317 1198 2349 utin
1217 2327 1252 2348 ea
1268 2328 1357 2362 pute
1371 2317 1495 2351 cerebri
1510 2331 1580 2364 quae
1594 2329 1643 2352 tot
1661 2319 1804 2362 inigitur

428 2363 640 2410 vasisspititus
653 2360 826 2409 &sanguine
841 2360 949 2395 secreti
966 2363 1000 2395 in
1013 2365 1151 2409 corporis
1166 2362 1270 2397 callofi
1288 2363 1374 2399 fibris
1385 2394 1393 2408 ‚
1408 2364 1460 2399 scu
1476 2369 1508 2401 in
1528 2367 1661 2401 candida
1678 2358 1803 2400 ceiebri

410 2410 613 2452 spumantia,
625 2408 712 2457 quasi
731 2423 764 2445 ui
784 2408 865 2445 vasis
882 2410 1116 2457 Chymicorum
1132 2411 1340 2447 circulatoriis
1359 2416 1500 2461 puriores
1520 2413 1597 2451 fiant
1612 2420 1645 2451 δε
1662 2413 1804 2449 subtilio-
