1930 2766
359 144 378 171 6
730 129 990 167 PHYSICAE
1026 129 1339 168 GENERALIS

361 186 455 217 aiunt
476 182 584 217 strkfile
602 179 735 229 sumptae
749 192 870 215 nomen
890 208 901 223 ,
918 184 950 215 δε
965 180 1126 213 rationem
1143 177 1199 213 fibi
1218 181 1371 216 vindicet.
1404 181 1527 228 Neque
1546 185 1632 218 enim
1659 187 1765 230 major

362 233 525 267 certitudo
543 243 597 266 aut
612 228 789 264 firmitasin
803 226 1181 273 conclusionibus'quam
1201 230 1235 263 in
1254 231 1420 278 principiis
1447 231 1489 264 est
1512 232 1668 275 exigenda
1682 246 1688 267 :
1703 232 1766 266 ob-

364 281 561 318 servationes
581 291 694 314 omnes
708 284 741 315 δε
753 280 975 325 experimenta
991 275 1059 310 sunt
1077 274 1279 323 singularium
1299 285 1332 316 ὃ(
1348 291 1452 313 rerum
1466 291 1536 326 quae
1559 272 1646 316 sensu
1661 284 1765 330 perci-

363 333 497 380 piuntur
514 358 523 372 ,
538 341 576 363 ac
590 329 629 362 de
646 330 683 361 iis
700 339 776 361 vera
795 326 928 360 scientia
944 323 1004 360 effe
1015 337 1081 360 non
1099 325 1212 373 potest.

406 379 537 415 Deinde
553 391 591 412 ex
606 378 643 410 iis
665 377 895 424 experimentis
912 374 993 409 nihil
1012 372 1185 409 universim
1211 373 1431 418 concludimus}
1459 377 1513 413 nifi
1530 391 1587 427 per
1603 379 1766 413 inductio-

369 441 446 466 nem
461 442 468 462 τ
481 431 523 462 At
533 425 684 474 nusquam
700 428 803 474 magis
820 437 961 460 erramus
975 436 1073 472 quam
1089 425 1122 461 in
1143 422 1224 459 falfis
1240 424 1497 469 inductionibus,
1518 426 1648 462 ut“'alibi
1662 430 1768 463 osten-

370 479 487 512 dimus.
503 478 591 524 Saepe
607 477 694 509 enim
706 486 745 508 ex
755 474 879 521 aliquot
897 473 1055 522 exemplis
1065 472 1242 508 universale
1267 474 1422 520 quiddam
1439 467 1621 522 colligimus
1644 505 1653 520 ,
1669 478 1768 525 idque

368 537 541 576 perperam
556 553 566 569 ‚
583 537 655 559 curn
670 524 709 558 ad
722 535 758 558 ea
777 536 849 571 quae
868 525 971 571 excipi
985 520 1112 571 possunt
1125 551 1135 566 ,
1151 524 1296 557 animum
1322 536 1387 558 non
1404 524 1610 559 attendimus.

402 575 569 612 Postremo
582 574 750 608 evidentia
769 572 915 620 quaedam
930 571 1060 607 moralis
1073 572 1107 607 in
1125 570 1259 607 sensibus
1272 601 1281 615 ‚
1294 577 1328 608 ὃ(
1343 585 1380 607 ex
1407 575 1573 608 crimentis
1586 571 1688 622 posita
1708 574 1749 607 est
1764 588 1772 610 :

369 625 453 660 adeo
464 635 499 659 ut
515 623 594 658 illud
609 621 747 657 stultitiae
761 622 954 670 plerumque
968 621 1115 656 videatur
1124 623 1311 670 proximum
1328 622 1365 656 iis
1402 623 1477 657 dem
1492 622 1653 670 denegare
1663 650 1674 665 ,
1692 634 1773 669 prae-

370 673 480 710 sertim
494 671 552 708 ubi
564 671 669 721 plures
682 670 782 708 sensus
799 682 1005 706 concurrunt.
1020 673 1109 706 Nam
1126 681 1161 705 ut
1172 670 1325 719 exemplo
1349 670 1515 707 Macrobii
1534 683 1605 706 utar
1627 700 1635 716 ,
1660 670 1681 705 si
1700 673 1773 717 quis

372 723 454 759 mihi
473 720 627 758 exhibeat
650 734 785 771 pomum
797 749 806 764 ,
833 719 944 768 figura,
961 725 995 757 ὃς
1009 718 1100 754 color
1109 718 1236 768 possunt
1250 719 1331 756 mihi
1352 723 1522 770 imponere
1537 735 1544 756 :
1560 724 1669 768 itaque
1690 720 1774 754 olfa-

372 774 427 809 &u
441 802 451 816 ,
468 774 535 806 imo
545 772 633 806 taeku
647 777 679 808 ὅ(
698 770 789 820 gustu
802 770 833 804 id
845 768 1028 818 explorabo
1040 781 1129 817 :quae
1143 771 1253 805 omnia
1269 769 1348 805 mihi
1367 770 1478 806 fucum
1496 769 1605 805 facere
1622 782 1688 805 non
1703 768 1776 818 pos-

371 822 461 867 sunt,
474 821 494 856 si
507 819 666 856 moralem
679 820 840 855 duntaxat
854 819 1056 855 evidentiam
1068 830 1189 866 quaero.
1208 820 1260 854 Sic
1280 817 1337 854 ubi
1354 822 1473 855 amicus
1492 821 1649 862 occurrit,
1662 831 1701 853 ex
1724 817 1775 853 fa.

374 871 554 915 cie,habitu
566 898 575 913 ,
586 881 667 904 voce
679 870 785 905 statim
801 868 885 904 hunc
901 867 1044 917 agnosco
1058 897 1067 912 ‚
1084 881 1147 903 nec
1167 867 1315 903 dubitare
1338 868 1461 917 poil'um
1474 898 1483 912 ,
1502 871 1578 915 quin
1601 871 1626 903 is
1646 867 1701 912 sit,
1718 870 1776 915 qui

374 921 454 957 mihi
470 920 596 956 vidteur
613 933 620 954 z
633 917 685 953 sed
702 919 867 953 evidentia
883 917 938 952 illa
950 917 996 952 est
1014 918 1171 953 duntaxat
1182 917 1313 953 moralis
1326 931 1397 966 quae
1414 919 1453 953 ad
1466 920 1612 955 affiones
1623 920 1698 952 vitae
1711 916 1776 952 suf-

375 970 443 1006 ficit
457 999 466 1013 ,
483 982 550 1005 non
559 981 596 1003 ea
613 969 659 1003 est
670 980 741 1016 quae
757 968 796 1002 ad
811 969 973 1002 rationem
985 966 1318 1015 scientiaerequiritut.

417 1021 560 1055 Scientia
574 1019 695 1066 quippe
710 1030 766 1066 per
784 1029 874 1052 veras
887 1016 1177 1052 demonstrationes
1196 1018 1370 1064 acquiritur
1380 1045 1390 1061 ,
1403 1029 1440 1051 ac
1457 1017 1690 1052 demonstratio
1703 1027 1776 1051 cum

375 1067 469 1104 firma
483 1065 660 1102 adhaesione
674 1068 795 1101 mentis
808 1068 853 1100 ita
866 1065 1038 1114 conjuntsta
1059 1066 1103 1101 est
1126 1094 1137 1109 ‚
1166 1077 1200 1101 ut
1216 1077 1285 1100 rem
1306 1079 1371 1101 non
1391 1062 1476 1115 poffe
1495 1066 1589 1100 aliter
1604 1064 1633 1100 se
1651 1063 1774 1100 habere

376 1117 473 1154 nobis
492 1118 630 1152 omnino
648 1115 684 1152 sit
700 1114 878 1164 persuasum
896 1120 929 1151 &
946 1113 1147 1164 perspeCmm
1163 1129 1170 1151 ε
1194 1117 1306 1163 itaque
1328 1113 1482 1150 assensum
1502 1117 1603 1163 exigit
1627 1113 1756 1149 firmum
1768 1142 1778 1156 ,

376 1165 594 1203 inconcuffum
608 1194 618 1209 ,
629 1165 762 1213 plenum
777 1194 786 1208 ‚
802 1170 835 1202 ὃς
854 1164 947 1201 nullo
958 1165 1059 1200 niodo
1074 1165 1271 1201 restrhstum.
1291 1166 1381 1201 Nam
1395 1166 1479 1199 circa
1492 1165 1594 1213 prima
1608 1164 1776 1213 principia,

377 1222 411 1253 &
423 1219 507 1251 circa
518 1228 555 1249 ea
569 1228 641 1262 quae
655 1228 691 1249 ex
704 1216 870 1263 principiis
882 1212 1058 1248 necessario
1071 1214 1241 1257 ducuntur,
1252 1213 1384 1249 scientia
1397 1216 1504 1248 omnis
1514 1212 1665 1248 versatur.
1677 1211 1780 1260 Qod

375 1265 398 1300 si
416 1263 549 1300 affensus
565 1266 689 1312 integer
708 1276 775 1298 non
803 1262 862 1306 sit,
885 1261 938 1296 sed
962 1261 1072 1310 aliqua
1098 1263 1298 1298 restriffione
1322 1273 1520 1311 temperatus
1542 1291 1552 1305 ,
1580 1262 1778 1297 evidentiam

379 1314 515 1362 quidem
531 1312 689 1347 moralem
700 1342 709 1355 ,
722 1324 820 1359 atque
831 1341 841 1355 ,
851 1324 886 1346 ut
897 1313 987 1345 aiunt
998 1339 1007 1354 ,
1020 1310 1262 1360 probabilitatis
1275 1340 1285 1354 ‚
1296 1325 1364 1347 non
1377 1309 1558 1346 adhaefionis
1578 1310 1679 1359 plenae
1695 1339 1705 1354 ,
1727 1320 1781 1344 aur

381 1362 662 1398 demonstrationis
676 1359 842 1396 habiturus
858 1361 913 1395 est.
929 1361 1014 1408 Qoe
1031 1372 1141 1395 autem
1160 1373 1218 1408 pei·
1235 1360 1338 1396 sensus
1365 1360 1587 1409 cognoscimus
1601 1389 1612 1404 ,
1632 1360 1715 1395 hanc
1735 1357 1782 1393 so-

380 1413 445 1448 lam
465 1410 589 1447 habent
606 1412 821 1446 evidentiam.
837 1410 925 1445 Cum
944 1412 1032 1445 enim
1046 1410 1146 1446 video
1161 1409 1261 1445 solem
1274 1439 1282 1453 ‚
1302 1409 1382 1445 mihi
1398 1412 1442 1444 ita
1461 1421 1584 1445 certum
1600 1409 1643 1444 est
1662 1414 1696 1446 δε
1712 1409 1781 1443 evi-

383 1464 461 1497 dens
477 1461 576 1495 solem
598 1459 617 1496 a
630 1473 682 1495 me
696 1459 854 1508 conspici,
865 1471 899 1494 ut
918 1459 977 1494 hac
994 1459 1036 1494 de
1049 1472 1082 1494 re
1098 1458 1246 1494 dubitare
1263 1461 1316 1494 vix
1350 1458 1451 1495 offim.
1479 1462 1522 1496 Ea
1541 1470 1650 1495 tamen
1661 1471 1728 1494 non
1739 1458 1782 1492 est

383 1511 481 1559 plena
494 1513 611 1545 mentis
629 1508 762 1544 adhaefio
778 1539 787 1553 ,
804 1508 855 1544 sed
870 1509 1014 1544 restriaa
1032 1508 1302 1556 quodammodo:
1321 1472 1391 1543 sieri
1416 1511 1504 1543 enim
1526 1508 1633 1556 potest
1652 1519 1689 1543 ut
1707 1507 1781 1543 solis

384 1562 561 1609 imaginem
576 1589 585 1602 ,
602 1573 669 1594 non
683 1558 785 1606 ipsum
796 1557 961 1607 aspiciam.
974 1560 1065 1594 Nam
1077 1559 1108 1592 iu
1120 1556 1276 1593 Parheliis
1290 1587 1299 1600 ,
1319 1571 1392 1593 cum
1407 1558 1514 1606 plures
1535 1559 1567 1592 in
1576 1555 1718 1592 nubibus
1735 1556 1785 1591 so-

385 1610 429 1645 les
448 1620 635 1652 cernuntur,
649 1609 703 1643 vix
719 1608 881 1643 interdum
897 1619 1012 1642 verum
1025 1606 1068 1641 ab
1087 1605 1171 1641 illius
1196 1609 1337 1656 imagine
1357 1606 1565 1643 secernimus.
1586 1609 1640 1642 Sic
1658 1604 1785 1642 Tobias

386 1659 551 1693 evidentia
570 1657 685 1693 morali
706 1655 861 1692 credebat
874 1657 1043 1692 hominem
1058 1654 1119 1690 effe
1133 1657 1265 1703 quicum
1282 1654 1424 1700 edebat,
1451 1655 1659 1703 loquebatur,
1673 1653 1785 1690 ambu-

385 1707 498 1752 labat3
517 1713 672 1744 &tamen
689 1709 712 1741 is
732 1704 918 1741 fallebatur.
946 1707 996 1739 Sic
1017 1704 1170 1739 Ethnicus
1193 1706 1248 1751 qui
1268 1705 1360 1739 videt
1375 1705 1514 1739 hostiam
1539 1704 1759 1739 consecratam
1774 1732 1784 1747 ,

387 1769 507 1806 panem
537 1755 598 1791 effe
618 1758 767 1791 omnium
787 1753 934 1790 sensuum
955 1753 1143 1788 testimonio
1177 1753 1313 1802 colligit.
1337 1756 1454 1801 Itaque
1480 1753 1573 1787 firma
1598 1752 1785 1788 intelleCkus

385 1804 534 1848 adhaefio‚
548 1811 581 1842 6<
593 1805 754 1840 certitudo
775 1803 879 1851 qualis
893 1803 933 1838 ad
954 1802 1270 1839 demonstrationem
1290 1804 1485 1851 requiritur,
1502 1805 1537 1838 in
1548 1801 1695 1838 sensuum
1709 1814 1786 1851 per-

388 1858 543 1903 ceptione
558 1868 624 1890 non
639 1854 683 1888 est
704 1852 814 1902 posita.
1538 1857 1546 1861 ⁶

426 1908 505 1952 Qo
519 1903 588 1939 haec
605 1902 773 1938 difficultas
784 1915 856 1949 quae
876 1902 910 1937 in
923 1900 1064 1951 Physicis
1075 1904 1144 1936 vim
1164 1900 1266 1937 habet
1276 1903 1452 1937 maximam
1466 1930 1478 1947 ‚
1493 1902 1644 1937 radicitus
1663 1901 1785 1937 evella-

392 1965 462 1998 tur,
480 1966 528 1987 res
548 1952 646 2001 paulo
661 1952 752 1987 altius
765 1951 809 1986 est
822 1952 1014 2000 repetenda.
1044 1952 1083 1985 Id
1101 1953 1210 1999 itaque
1224 1952 1468 1986 meminerimus
1487 1963 1553 1988 tam
1576 1951 1702 1986 firmam
1723 1949 1785 1986 esse

391 2007 424 2039 in
439 2003 577 2038 scientiis
595 2007 627 2039 &
646 2001 863 2038 indubitatam
875 2003 994 2037 mentis
1013 1999 1245 2045 adhaefionem,
1260 2000 1310 2035 seu
1333 1999 1485 2037 assensum
1498 2029 1509 2044 ‚
1534 2011 1569 2036 ut
1587 1999 1786 2050 impossibile

389 2053 567 2101 judicemus
582 2064 651 2088 rem
669 2052 762 2087 aliter
771 2049 832 2085 effe
845 2079 855 2094 ,
869 2063 978 2098 neque
999 2063 1057 2086 nos
1075 2048 1117 2085 ab
1133 2062 1170 2085 ea
1187 2049 1342 2086 sententia
1356 2079 1365 2094 ,
1377 2049 1442 2085 ulla
1453 2053 1582 2086 ratione
1597 2050 1647 2085 vel
1667 2050 1786 2085 autho-

391 2104 488 2137 ritate
501 2102 663 2148 dimoveri
675 2101 780 2150 posse,
797 2111 832 2135 ut
849 2101 882 2134 in
902 2098 1237 2136 demonstrationibus
1250 2099 1487 2135 mathematicis
1503 2112 1631 2136 cernere
1646 2099 1698 2134 est.
1720 2099 1786 2133 Ad-

393 2149 487 2186 haefio
502 2162 611 2184 autem
628 2149 681 2184 illa
694 2151 793 2185 animi
804 2162 843 2184 ex
854 2149 972 2198 triplici
987 2152 1096 2198 capite
1106 2151 1182 2184 oriri
1189 2150 1294 2198 potest
1309 2179 1319 2194 ,
1334 2164 1356 2186 1.
1382 2161 1421 2184 ex
1439 2149 1524 2184 clara
1542 2151 1588 2184 tei
1599 2149 1785 2197 perceptio-

392 2212 433 2236 ne
449 2229 458 2242 ,
473 2215 498 2236 2.
516 2212 554 2235 ex
569 2198 635 2247 ipsa
651 2201 869 2248 experientia,
889 2213 912 2245 3.
937 2211 975 2234 ex
993 2197 1067 2235 fide.

432 2250 519 2284 Cum
533 2251 652 2283 veritas
672 2248 756 2283 lucet
774 2260 830 2295 per
850 2248 891 2283 sei
918 2247 982 2283 sam
996 2278 1005 2291 ,
1026 2254 1136 2286 &tam
1157 2249 1200 2284 est
1214 2248 1387 2284 manifesta
1411 2260 1448 2283 ut
1468 2244 1618 2282 assensum
1641 2243 1785 2279 nostrum

395 2308 607 2343 extorqueat,
627 2310 733 2346 neque
751 2297 832 2332 ullus
847 2262 1044 2333 dubitationi
1059 2328 1069 2342 ,
1087 2308 1142 2332 aut
1156 2298 1355 2334 restriitioni
1373 2298 1460 2334 locus
1479 2295 1691 2342 relinquitur,
1713 2303 1785 2328 tum

395 2345 451 2379 illa
463 2345 597 2380 adlicesio
610 2360 649 2382 ex
666 2348 886 2395 perceptionis
899 2346 969 2382 luce
988 2350 1104 2383 oritur.
1121 2348 1172 2383 Ut
1191 2361 1264 2384 cum
1283 2360 1357 2382 eam
1377 2348 1548 2382 veritatem
1566 2345 1759 2392 percipimus
1773 2370 1784 2385 ,

395 2406 566 2431 numerum
578 2408 689 2443 parem
705 2398 776 2445 pari
794 2397 940 2434 additum
951 2427 961 2444 ,
982 2409 1095 2447 parem
1106 2395 1232 2436 efficere
1244 2412 1252 2436 :
1264 2408 1331 2434 turn
1344 2407 1423 2436 vero
1437 2406 1503 2434 tam
1528 2393 1699 2433 evidenter
1711 2402 1784 2429 eam
