1878 2724
308 110 372 153 656
877 104 899 139 P
919 101 953 138 H
973 104 1003 138 Y
1022 103 1043 138 S
1068 104 1081 137 1
1112 100 1143 136 C
1163 104 1201 137 AE

304 155 409 191 multo
419 154 565 201 longiora
583 154 652 189 funt
665 151 764 201 quam
778 149 809 188 in
827 155 951 186 caeteris
973 150 1192 187 animantibus
1207 179 1216 195 ,
1240 147 1485 187 fermentescat.
1510 150 1720 187 Fermentum

306 208 394 241 enim
405 196 519 254 praelio
531 204 577 238 est
594 205 624 237 in
638 204 672 236 iis
685 214 756 249 qus:
768 203 896 236 unicum
907 200 1030 237 liabent
1044 200 1279 237 vemuculum:
1295 199 1346 236 sed
1364 201 1494 236 videtur
1506 199 1608 236 deeise
1622 203 1656 236 in
1669 212 1720 236 ru-

308 252 503 290 minantibu-
516 281 525 296 ‚
544 257 578 288 ὅ(
598 251 696 301 longa
711 263 838 286 tantum
852 264 942 286 mora
965 280 971 294 ,
987 264 1022 287 ut
1034 249 1146 286 farinae
1163 246 1259 285 malla
1276 249 1466 287 fermentari
1482 266 1491 294 ·,
1511 261 1619 297 neque
1635 249 1720 287 forte

308 302 424 339 herbas
438 308 469 338 ὃ(
483 299 601 336 semina
613 313 686 335 cum
704 300 866 335 fermento
883 300 1041 336 stomachi
1059 312 1125 336 tam
1142 298 1229 335 bene
1248 301 1447 337 conveniunt
1459 327 1470 344 ‚
1495 311 1531 335 ut
1555 301 1630 334 cai-b
1654 298 1721 348 ipsa

308 365 376 400 qux
396 349 522 386 facilius
536 351 714 399 digeritur,
730 356 762 387 ὅ(
781 349 872 385 succo
892 344 1065 386 ve’ntriculi
1083 348 1266 387 exsolvitur.

345 399 464 437 Eadem
480 397 606 436 ratione
621 412 697 435 aves
712 401 886 434 carnivorae
901 412 934 436 ut
945 400 1080 446 aquilae,
1097 399 1237 439 vultures
1249 427 1259 443 ,
1274 397 1388 436 &aliae
1399 398 1578 449 complures
1597 399 1722 434 ventri-

310 450 385 485 culo
401 447 534 499 simplici
545 479 552 493 ‚
567 455 600 486 &
614 449 866 485 membranaceo
877 479 887 493 ,
909 462 945 484 ac
960 448 1050 485 fibris
1068 448 1203 484 carnosis
1218 450 1345 485 munito
1369 449 1540 484 donantur.
1567 448 1631 483 Sed
1646 459 1723 482 aves

311 512 383 548 quae
398 498 573 535 seminibus
592 511 647 534 aut
665 502 773 548 granis
786 498 955 534 vescuntur
968 497 1147 546 ,inquibus
1159 510 1274 533 cortex
1293 512 1359 534 non
1376 497 1472 535 fac1le
1492 497 1511 534 a
1531 497 1651 533 nucleo·
1669 508 1723 532 aut

313 548 454 584 medulla
467 548 634 583 divellitur
647 578 655 593 ,
676 548 770 583 firmo
781 554 813 585 &
825 548 935 584 valido
949 548 1129 584 ventriculo
1150 545 1222 584 sunt
1239 549 1408 584 instruerat.
1434 549 1502 583 Hic
1516 545 1725 590 ventriculus,

314 613 340 634 v.
357 598 490 647 legifier
503 627 512 642 ,
528 611 566 633 ex
579 596 718 645 quatuor
734 596 883 633 musculis
898 628 907 640 ‚
936 597 1036 646 iisque
1055 598 1171 647 amplis
1193 600 1221 633 A
1235 599 1257 634 Β
1269 599 1298 632 C
1315 600 1366 641 D,
1387 598 1515 634 constat
1532 599 1590 645 qui
1609 599 1641 631 in
1653 607 1731 643 me..

315 649 405 683 dioE
418 650 533 683 co'e'unt
546 677 554 690 ‚
574 653 606 684 &
622 648 792 696 tendinem
804 647 849 682 ibi
867 645 1017 683 efficiunt
1033 677 1043 691 ,
1061 650 1113 682 cui
1124 661 1162 682 ex
1175 660 1267 697 parte
1278 647 1388 690 aversa
1405 647 1486 682 alter
1505 647 1607 682 tendo
1620 658 1727 694 oppo-

315 700 412 734 nitur.
427 699 514 733 Vide
525 697 578 746 fig.
593 712 628 743 4.
645 697 715 733 tab.
732 711 777 733 10.
791 699 838 732 Hi
855 696 984 732 musculi
997 697 1138 733 exterius
1149 709 1312 746 apparent.
1327 701 1361 732 In
1377 697 1489 732 medio
1503 696 1549 731 est
1564 695 1728 730 membra·

317 760 358 788 na
370 747 447 781 dura
461 746 594 791 ,callosa
607 777 617 790 ,
632 746 738 795 aspera
750 776 760 790 ,
770 760 840 795 quae
856 749 902 782 ita
915 745 1093 795 disponitur
1107 777 1116 792 ,
1135 759 1171 782 ut
1184 746 1319 796 duplicis
1338 746 1431 782 molae
1452 745 1604 794 fungatur
1616 755 1729 780 mune-

318 809 364 832 re.
381 798 476 833 Hanc
489 795 657 833 musculiin
668 795 811 833 diversas
822 808 928 845 partes
945 799 1007 832 asti
1020 809 1261 845 contorquent,
1278 809 1313 832 ut
1327 809 1425 846 grana
1439 798 1619 843 intercepta
1636 807 1730 828 com-

319 846 517 882 minuat.Est
532 858 642 881 autem
655 859 692 881 ea
707 845 898 881 membrana
916 848 951 881 in
966 847 1064 894 plicas
1075 849 1120 881 ita
1131 859 1311 895 corrugata,
1321 848 1398 881 dum
1412 843 1544 880 musculi
1560 846 1627 879 vim
1644 841 1729 878 suam

322 905 459 937 exerunt
471 923 480 937 ,
494 907 531 929 ut
542 894 625 929 illius
636 895 736 930 latera
747 895 786 928 ad
799 894 829 928 se
843 907 956 929 mutuo
971 893 1102 942 propius
1114 896 1286 936 accedant,
1305 902 1338 931 ὃ(
1360 898 1541 941 intercepta
1557 905 1654 941 grana
1666 893 1729 927 for-

323 942 386 979 tius
403 945 640 992 comprimant:
662 955 730 979 tum
744 943 879 978 elaterio
893 943 947 978 suo
967 944 1130 978 evolvitur
1143 973 1151 986 ,
1166 949 1198 980 ὃ(
1213 945 1431 986 distenditur&
1453 944 1535 977 adeo
1549 954 1584 976 ut
1598 940 1732 977 musculi

324 993 534 1040 antagonistae
546 1005 657 1028 munus
676 991 785 1028 obeat.
802 993 882 1039 Q¹0
897 1004 1009 1027 autem
1023 992 1153 1027 musculi
1167 999 1198 1029 &
1213 993 1406 1027 membrana
1421 990 1539 1026 fortius
1555 1003 1666 1038 agant,
1679 992 1732 1026 in-

325 1043 440 1077 stinehi
451 1041 598 1089 quodam
610 1053 727 1076 naturae
740 1041 868 1090 lapillos
878 1043 911 1077 δὲ
921 1054 1031 1076 arenas
1047 1041 1363 1090 deglutiunt,quibus
1378 1054 1452 1076 cum
1470 1038 1647 1076 seminibus
1658 1052 1733 1088 per-

327 1091 427 1126 mistis
445 1089 560 1126 fortius
576 1103 674 1140 grana
693 1090 759 1139 ipsa
777 1092 1014 1127 comminuunt.
1598 1122 1602 1128 ,

400 1139 527 1176 bservat
541 1139 618 1175 illud
632 1152 764 1188 quoque
775 1139 918 1175 Borellus
928 1169 937 1184 ,
950 1139 1046 1175 fibras
1056 1142 1089 1174 in
1103 1139 1151 1175 his
1163 1139 1312 1176 musculis
1325 1169 1334 1184 ‚
1350 1153 1417 1175 non
1428 1142 1462 1175 in
1473 1139 1562 1188 spira:
1577 1138 1712 1181 modurn
1723 1168 1733 1183 ‚

327 1202 361 1225 ut
374 1183 407 1224 in*
422 1190 520 1224 corde
540 1192 768 1237 contorqueri,
783 1189 881 1224 sedin
895 1190 1002 1224 radios
1018 1189 1173 1233 diffundi,
1199 1188 1316 1237 easque
1337 1192 1439 1239 magis
1463 1188 1524 1224 eise
1547 1190 1735 1237 compaetas

329 1239 430 1286 quam
443 1240 547 1273 cordis
562 1238 668 1276 fibras,
685 1241 774 1276 Nam
793 1245 1009 1276 conterunt&
1023 1239 1149 1275 molunt
1167 1238 1323 1274 alimenta
1338 1268 1347 1283 ‚
1376 1252 1449 1274 cum
1468 1238 1603 1283 cubulos
1630 1237 1746 1287 plum·y

330 1288 411 1323 beos
425 1318 432 1331 ‚
451 1294 483 1325 δε
495 1289 610 1333 pilulas
621 1291 739 1323 vitreas
758 1286 951 1337 injecissetin
961 1288 1048 1324 Galli
1070 1289 1174 1324 indici
1186 1289 1387 1338 ingluviem:
1407 1289 1538 1338 postero
1557 1289 1609 1323 die
1630 1287 1737 1336 plum-

331 1337 409 1373 beas
421 1336 530 1374 maists
544 1336 691 1373 contusas
704 1367 713 1381 ‚
726 1344 759 1375 &
772 1337 884 1387 pilulas
904 1340 1021 1373 vitreas
1040 1341 1072 1374 in
1092 1337 1261 1386 pulverem
1283 1340 1500 1374 comminutas
1514 1339 1647 1386 reperit.
1708 1376 1710 1378 ,

367 1387 581 1432 Consimilan
596 1400 680 1436 pene
690 1387 907 1423 ventriculum
921 1387 1039 1437 lapillis
1054 1388 1214 1424 refertum
1225 1401 1328 1438 nuper
1340 1390 1373 1432 in
1384 1386 1669 1437 parvoCrocodilo
1678 1386 1738 1421 de-

339 1437 515 1486 prehendit
527 1440 570 1474 D.
582 1438 624 1472 du
636 1439 763 1485 Verney

362 1488 440 1535 Jani
455 1498 489 1521 ut
508 1488 547 1521 ad
561 1488 758 1521 ruminantes
770 1489 952 1523 animantes
966 1486 1135 1520 redeamus
1147 1516 1156 1530 ,
1176 1488 1210 1522 in
1227 1489 1264 1521 iis
1281 1486 1472 1536 oesophagus
1490 1485 1684 1536 peculiarem
1704 1487 1740 1521 in

335 1536 402 1584 ipso
420 1535 553 1584 ingressu
574 1539 605 1571 in
622 1536 836 1576 ventriculum
852 1538 963 1571 nastris
979 1534 1213 1576 estfabricam.
1233 1539 1322 1572 Nam
1338 1550 1379 1572 ex
1395 1536 1424 1571 se
1440 1538 1563 1572 emittit
1580 1537 1664 1570 inter
1689 1534 1738 1569 se-

335 1586 431 1620 cundi
445 1585 615 1620 ventriculi
631 1585 839 1621 membranas
849 1585 995 1620 canalem
1009 1597 1200 1620 excavatum
1211 1587 1345 1632 quidem
1356 1615 1366 1629 ,
1381 1585 1433 1621 sed
1447 1586 1653 1621 dimidiatum
1668 1596 1741 1619 tan-

339 1636 510 1670 tummodo
522 1635 631 1684 :hujus
647 1634 817 1683 multiplex
832 1636 874 1669 est
891 1633 969 1671 usus.
988 1650 1016 1671 ιο
1035 1636 1087 1670 Ut
1108 1634 1281 1671 herbarum
1293 1649 1364 1684 quae
1381 1636 1528 1671 nondum
1546 1634 1615 1669 sunt
1632 1634 1741 1669 masti-

338 1696 418 1718 cat-ie
430 1714 438 1728 ‚
454 1684 652 1733 glomeratos
665 1684 818 1733 globulos
836 1684 955 1720 sursum
973 1686 1003 1719 in
1017 1696 1052 1718 os
1068 1684 1191 1718 referat
1206 1713 1215 1727 ,
1240 1688 1295 1734 qui
1313 1698 1369 1734 per
1382 1685 1502 1720 collum
1521 1684 1618 1719 bovis
1635 1682 1743 1718 ascen-

339 1735 421 1768 dunt
434 1764 442 1778 ,
461 1747 534 1768 cum
547 1736 708 1770 ruminat:
725 1734 819 1769 tubus
837 1736 926 1769 enim
941 1733 994 1768 ille
1017 1745 1155 1780 utroque
1176 1738 1321 1784 margine
1339 1735 1436 1770 instar
1453 1733 1572 1770 nianfis
1584 1731 1743 1781 cujusdam

341 1782 502 1818 concessus
515 1783 672 1819 videtui-{1
684 1796 795 1818 natura
812 1814 820 1828 ,
835 1786 890 1832 qui
902 1784 979 1818 dum
993 1783 1194 1827 occluditur,
1210 1797 1266 1819 eos
1283 1786 1406 1833 stringit
1417 1813 1425 1827 ‚
1450 1790 1483 1820 &
1497 1781 1612 1818 sursum
1626 1782 1742 1817 defert.

342 1845 374 1869 χ’
393 1835 452 1867 Per
464 1833 604 1868 eundem
617 1833 761 1867 canalem
775 1833 881 1868 herbae
893 1834 1066 1868 masticatae
1081 1834 1114 1867 in
1126 1831 1299 1869 secundum
1312 1840 1346 1871 δε
1363 1835 1493 1868 tertium
1512 1832 1610 1879 usque
1622 1833 1745 1866 ventri-

342 1881 451 1916 culum
470 1882 674 1926 devebuntnr
685 1911 692 1924 ,
705 1895 745 1915 ne
760 1884 792 1916 in
805 1885 946 1930 primum
961 1880 1105 1917 subeant.
1122 1889 1150 1927 3⁰
1165 1883 1266 1918 Porus
1280 1895 1338 1931 per
1350 1883 1436 1916 hunc
1454 1880 1569 1916 tubum
1582 1882 1614 1914 in
1625 1882 1748 1915 ventri-

344 1930 434 1964 culos
446 1929 616 1965 inferiores
627 1931 822 1965 demittitur.
837 1932 930 1965 'Cum
947 1933 1036 1964 enim
1051 1932 1172 1976 primus
1189 1931 1384 1966 ventriculus
1408 1943 1530 1977 magnae
1545 1929 1579 1964 fit
1597 1929 1692 1964 molis
1711 1932 1760 1966 δί’

346 1978 538 2026 plerumque
553 1977 658 2023 herbis
673 1978 808 2013 refertus
818 2009 828 2023 ,
846 1978 866 2014 si
877 1979 961 2014 forte
973 1991 1054 2027 potu
1066 1990 1162 2026 egent
1173 1979 1242 2015 haec
1255 1980 1407 2016 animalia
1421 2009 1429 2023 ‚
1455 1980 1509 2014 hic
1527 1981 1632 2014 statim
1645 1980 1748 2013 distri..

346 2027 403 2063 bui
415 2031 447 2063 in
463 2040 568 2075 partes
579 2040 719 2062 remotas
735 2042 804 2064 non
823 2027 924 2077 poffet
938 2058 947 2071 ,
963 2040 1068 2076 neque
1078 2030 1111 2063 in
1126 2027 1189 2076 ipsa
1203 2031 1351 2065 intestina
1362 2031 1518 2078 exprimi,
1531 2029 1552 2064 si
1563 2031 1595 2065 in
1605 2031 1748 2077 primurn

347 2077 564 2113 ventriculum
582 2078 664 2111 adeo
677 2077 776 2112 altum
792 2085 824 2115 &
837 2076 946 2114 herbis
958 2076 1087 2126 plenum
1106 2090 1190 2125 aqua
1205 2080 1424 2116 descenderet.
1648 2102 1649 2105 κ

390 2131 436 2163 Ex
450 2127 568 2173 quibus
579 2125 731 2161 omnibus
745 2128 907 2176 colligitur
921 2127 1132 2176 digestionem
1143 2129 1176 2164 in
1187 2133 1277 2165 omni
1286 2127 1475 2164 animalium
1486 2141 1607 2178 genere
1620 2142 1687 2164 non
1698 2141 1750 2163 ca-

350 2177 417 2211 lore
438 2176 505 2211 solo
523 2175 624 2219 effici,
643 2175 692 2209 sed
706 2181 795 2211 tenui
808 2183 839 2214 ἃ
855 2188 1043 2226 penetrante
1054 2176 1150 2212 succo
1165 2207 1173 2221 ,
1198 2183 1254 2226 qui
1271 2178 1425 2213 alimenta
1444 2181 1543 2213 etiam
1558 2179 1684 2213 duriora
1701 2176 1749 2224 se7

351 2238 403 2260 cat
415 2232 446 2262 &
460 2226 617 2268 exsolvit,
630 2227 770 2273 partium
783 2239 879 2262 nexus
895 2232 926 2262 ὃ(
939 2225 1067 2260 vincula
1079 2226 1258 2275 disrumpit,
1270 2241 1306 2264 ur
1319 2241 1439 2262 novam
1452 2229 1586 2263 induant
1597 2223 1751 2269 formam,

353 2280 384 2310 δε
396 2275 490 2310 aliam
511 2276 650 2323 partium
666 2287 837 2312 tenuram.
851 2278 938 2312 Nam
950 2287 1054 2322 partes
1068 2288 1147 2323 quas
1159 2279 1244 2312 calor
1258 2277 1408 2313 naturalis>
1423 2277 1612 2325 depascitur,
1625 2288 1677 2310 aut
1687 2290 1749 2324 po-

353 2326 416 2357 tius
441 2325 635 2373 multiplices
656 2326 731 2358 vita:
760 2328 906 2362 actiones
926 2323 1141 2360 indesinenter
1164 2327 1367 2371 consumunt,
1387 2327 1558 2361 insta-urant
1583 2326 1750 2361 al‘menta,

354 2373 455 2420 Qod
474 2377 586 2423 utique
599 2374 692 2409 aliter
706 2373 776 2410 fieri
786 2377 899 2424 nequit
911 2404 921 2420 ‚
932 2372 1030 2431 quam
1050 2373 1070 2409 s1
1080 2376 1243 2424 particulae
1260 2378 1487 2414 alimentorum
1497 2375 1633 2412 omnino
1648 2372 1752 2409 corfi-

1636 2422 1751 2459 ssmiles
