1878 2724
592 157 732 193 PARS
769 154 995 193 TERTIA.
1441 161 1474 200 63

136 213 169 245 2⁰
184 206 352 257 Sanguinis
367 207 515 243 circuitus
527 235 537 249 ,
550 211 583 244 &
593 219 652 255 per
661 218 758 240 venas
771 207 803 241 in
819 218 873 240 cor
885 205 1004 240 reditus
1019 212 1058 237 ex
1070 201 1211 250 ligaturis
1233 201 1302 250 ipsis
1317 214 1382 238 non
1393 171 1492 239 ratioi

100 258 135 293 ni
149 268 273 292 tantum
284 285 294 300 ,
315 254 366 290 sed
379 255 478 291 oculis
492 254 663 304 subjicitur.
684 254 883 302 Hincligaro
895 253 1031 289 brachio
1044 281 1053 295 ,
1074 263 1110 286 ur
1124 254 1158 286 in
1169 263 1260 286 venae
1271 251 1414 292 seckione
1433 253 1470 288 fit
1481 281 1491 296 ,

102 318 192 340 venae
202 305 284 341 infra
298 305 467 353 ligaturam
478 304 809 350 intumescunt.Qod
824 302 943 351 sanguis
961 314 1017 351 per
1029 302 1160 335 arterias
1171 312 1248 347 quas
1258 302 1399 349 vulgaris
1411 300 1491 350 liga-

102 365 173 388 tura
188 367 254 389 non
265 353 564 402 stringit‚protrusus
576 383 585 398 ,
599 359 630 390 δε
641 365 696 401 per
706 358 802 386 venas
814 363 956 386 remeans
971 378 980 394 ‚
994 349 1082 385 velut
1098 348 1227 397 objecta
1248 350 1335 384 mole
1357 349 1490 387 sistatur.

102 405 194 438 Hinc
203 402 345 438 seetione
358 404 486 450 peracta
501 415 584 437 vena
597 403 681 437 infra
695 401 862 450 ligaturam
876 401 979 449 digito
992 400 1096 448 premi
1107 399 1187 433 solet
1198 427 1208 441 ‚
1217 411 1252 432 ur.
1261 398 1417 447 sanguinis
1430 399 1493 435 flu-

102 463 160 487 xus
170 451 365 487 inhibeatur.
386 460 419 486 2⁰
431 453 507 486 Hoc
518 449 618 500 ipsum
629 453 735 498 quivis
749 451 781 484 in
793 461 888 484 manu
903 450 1010 485 eresta
1022 476 1031 491 ‚
1041 448 1117 482 dum
1130 458 1263 494 pateant
1273 460 1379 491 venae,
1391 460 1491 496 expe-

100 502 155 534 riri
170 503 301 548 poterit.
313 502 403 536 Nam
416 498 437 534 fi
450 513 552 549 prope
567 513 719 535 venarum
737 499 857 541 nodos,
876 499 979 546 digito
995 509 1120 546 premas
1139 495 1342 544 majusculam
1355 525 1365 539 ,
1387 498 1492 532 statim

103 561 140 583 ea
152 549 261 584 vetius
275 549 443 584 brachium
455 550 672 592 detumescet,
691 547 794 583 versus
807 559 982 582 extremam
995 559 1129 581 manum
1143 545 1226 580 facta
1241 547 1494 593 tumidior,quod

103 594 231 646 sanguis
241 597 283 632 ab
297 600 447 633 extremis
466 598 610 646 partibus
624 599 663 632 ad
677 609 732 632 cor
743 597 820 632 fluat
832 625 841 639 ,
858 609 925 632 non
945 595 1088 632 viciffim.
1117 609 1140 640 3.
1159 595 1246 629 Cum
1269 608 1329 630 una
1342 607 1380 629 ex
1401 597 1494 629 venis

102 644 228 681 brachii
241 646 380 690 secatur,
398 647 503 682 statim
521 660 632 682 omnes
645 645 867 682 detumescunt
882 675 890 689 ,
903 646 992 693 quod
1007 657 1123 692 magna
1140 643 1176 679 sit
1191 646 1273 678 inter
1291 656 1391 679 venas
1403 657 1495 679 com-

103 697 235 731 munio:
251 694 304 730 sed
317 695 337 730 Ξι
349 697 438 730 venis
448 709 507 744 per
523 698 654 731 arterias
680 695 800 744 sanguis
820 695 859 728 ad
880 707 935 729 cor
951 708 1016 730 non
1030 693 1136 729 refluit
1152 707 1160 729 :
1175 705 1282 739 neque
1300 693 1332 727 id
1352 691 1421 728 fieri
1434 705 1496 741 po-

105 744 164 779 test
173 755 207 778 ut
217 757 320 779 novus
330 743 546 780 indesinenter
565 745 687 794 sanguis
699 745 718 780 ξι
730 744 826 777 corde
840 745 873 777 in
891 746 1022 778 arterias
1032 745 1110 777 citra
1129 741 1372 777 circulationem
1387 755 1496 777 etum-

105 804 177 840 pat:
189 805 225 827 ea
238 792 310 828 sane
324 793 494 842 ejaculatio
505 808 570 830 non
587 793 658 830 sinit
672 793 856 842 sanguinem
871 792 888 828 ὲ
906 795 997 829 venis
1010 803 1066 842 per
1084 792 1215 825 arterias
1238 802 1305 826 ram
1322 791 1387 826 leni
1403 801 1497 827 motu

103 840 251 879 refluere.
905 859 908 862 ·

157 890 261 937 quue
277 889 488 925 confirmatur
505 903 545 925 ex
557 903 641 926 vena
658 903 736 926 cava
748 891 846 939 paulo
864 890 946 925 infra
965 902 1021 924 cor
1038 890 1140 938 ipsum
1163 890 1259 935 ligata
1271 916 1280 930 ,
1298 900 1352 923 aut
1369 888 1467 938 pressa
1486 903 1496 926 ι

105 949 176 974 tum
191 941 278 973 enim
293 966 302 981 ,
319 950 354 974 ut
368 939 605 986 diximuS‚pars
616 952 700 974 cavae
719 941 802 974 intra
822 939 1008 988 ligaturam,
1025 943 1060 976 &
1075 951 1130 974 cor
1146 930 1248 987 ipsum
1266 937 1370 972 statim
1386 941 1498 973 exina-

105 990 194 1022 nitur
204 1015 213 1030 ‚
224 987 347 1035 reliqua
362 987 444 1022 ultra
457 987 625 1037 ligaturam
637 988 818 1023 intumrscit
830 989 951 1032 3cordis
962 999 1069 1022 morus
1082 989 1189 1023 statim
1204 985 1316 1029 cessat,
1334 993 1367 1024 ὅτ.
1377 990 1499 1023 auricu-

107 1034 137 1070 la
146 1036 256 1071 dextra
271 1035 336 1071 una
346 1037 387 1071 cii
397 1035 538 1083 subje&o
548 1037 730 1071 ventriculo
741 1036 891 1084 sanguine
904 1037 1095 1073 destituitur.
1107 1036 1219 1071 Soluta
1232 1035 1366 1083 ligatura
1376 1034 1498 1084 sanguis

108 1084 162 1119 suo
179 1087 294 1120 itinere
306 1097 390 1133 pene
410 1096 445 1119 ut
454 1097 535 1132 aqua
548 1083 691 1119 fluminis
702 1087 733 1120 in
744 1086 868 1134 pistrini
881 1097 986 1120 rotam
1001 1085 1127 1134 delapsa
1146 1096 1272 1120 motum
1285 1083 1431 1118 auriculae
1443 1114 1452 1128 ,
1465 1090 1499 1121 &

106 1134 213 1168 cordis
227 1145 413 1182 promovet·
426 1135 478 1168 Sic
489 1131 590 1182 pressa
602 1134 791 1181 pulmonum
804 1137 920 1173 arteria
931 1139 1017 1169 inter
1027 1146 1082 1169 cor
1101 1140 1134 1171 &
1146 1133 1314 1182 pulmones
1335 1133 1440 1168 statim
1461 1145 1500 1168 ea

111 1182 293 1217 intumescit
311 1211 321 1226 ‚
358 1187 392 1218 &
409 1183 513 1216 cordis
533 1182 726 1217 ventriculus
746 1182 883 1217 multum
909 1183 1066 1217 distentus
1082 1182 1323 1218 suffocationem
1348 1184 1499 1219 minatur.

106 1233 222 1278 Itaque
239 1233 417 1279 intercepta
428 1243 510 1265 vena
524 1242 602 1265 cava
613 1242 668 1265 aut
679 1231 841 1279 pulmonis
853 1244 934 1266 vena
946 1260 955 1274 ,
968 1231 1101 1266 defectu
1114 1231 1275 1280 sanguinis
1287 1229 1427 1278 sequitur
1443 1245 1501 1267 ex-

108 1282 224 1316 tinCtio
237 1298 245 1325 3
257 1283 434 1328 intercepta
443 1278 523 1314 vero
533 1279 632 1314 altera
643 1292 680 1314 ex
695 1283 817 1314 arteriis
831 1309 839 1323 ‚
851 1279 901 1315 seu
911 1280 1171 1329 pulmonariquae
1185 1280 1205 1316 ὲ
1218 1280 1337 1314 dextro
1351 1280 1453 1316 cordis
1466 1280 1501 1315 ii-

110 1342 152 1365 nu
163 1331 263 1364 oritur
276 1346 284 1372 3
296 1328 347 1363 seu
355 1340 447 1363 aorta
458 1357 468 1371 ,
488 1340 527 1363 ex
540 1327 735 1377 sanguinein
748 1330 843 1364 corde
854 1328 971 1365 diutius
981 1341 1111 1365 retento
1124 1329 1161 1366 fit
1174 1327 1354 1371 suffocatio,
1369 1333 1402 1365 &
1419 1329 1501 1365 sum-

111 1390 165 1414 ma
178 1377 429 1413 ventriculorum
445 1378 549 1411 cordis
568 1377 728 1414 distentio.
750 1379 832 1425 Qae
855 1381 962 1414 omnia
986 1381 1141 1414 evincunt
1157 1377 1317 1427 sanguinis
1337 1390 1462 1414 motum
1483 1380 1500 1414 ὲ

110 1428 227 1462 dextro
242 1427 346 1462 cordis
359 1425 424 1461 finu
434 1427 465 1461 in
479 1426 648 1474 pulmones
660 1429 774 1470 niti,ex
793 1430 828 1461 iis
843 1429 875 1462 in
892 1426 1050 1463 sinistrum
1063 1429 1168 1463 cordis
1185 1426 1502 1470 ventriculum,unde

111 1478 145 1511 in
156 1487 293 1520 aortam,
303 1488 341 1510 ex
353 1477 460 1523 quain
471 1486 574 1510 totum
585 1488 697 1524 corpus
715 1476 891 1525 impellitur
904 1506 913 1520 ‚
931 1476 1115 1513 hinc-rursus
1128 1489 1185 1526 per
1203 1475 1335 1511 venulas
1351 1478 1384 1510 in
1398 1483 1501 1526 majo-

114 1537 163 1560 res
176 1537 281 1560 ramos
292 1553 302 1568 ‚
316 1536 385 1560 tum
397 1526 430 1559 in
443 1536 528 1559 cavae
539 1536 698 1566 truncum3
711 1524 814 1573 sicque
827 1525 974 1561 animalis
991 1526 1172 1570 vira,calor,
1191 1530 1225 1562 &
1238 1525 1375 1560 nutritio
1387 1538 1502 1573 peren-

112 1575 148 1609 ni
166 1573 324 1623 sanguinis
334 1586 392 1622 pet
405 1586 460 1607 cor
468 1576 599 1608 circuitu
612 1573 776 1622 perficitur
791 1589 800 1611 :
813 1585 849 1609 ut
866 1587 904 1609 ex
923 1577 1013 1622 aquis
1025 1588 1160 1624 vapores
1172 1603 1181 1618 ,
1198 1585 1236 1609 ex
1254 1574 1291 1606 iis
1302 1572 1419 1609 rursum
1431 1575 1502 1624 plu·

114 1625 176 1658 viae
188 1653 198 1666 ‚
209 1623 315 1658 fontes
328 1651 336 1664 ,
356 1622 468 1665 rivuli,
480 1621 614 1657 flumina
632 1625 785 1658 continua
802 1623 1010 1658 circulatione
1019 1635 1226 1672 generantur.

151 1670 332 1719 quufflam
343 1670 506 1706 notiffimo
525 1674 750 1719 experimento
764 1672 906 1706 illustrari
926 1673 1042 1721 potest.
1064 1675 1152 1708 Nam
1171 1675 1301 1720 injet‘his
1321 1673 1426 1722 liquor
1446 1687 1503 1723 per

116 1731 261 1755 truncum
273 1733 363 1754 venae
381 1732 480 1767 portae
502 1733 591 1755 venae
613 1733 699 1755 cavae
725 1721 864 1756 ramulos
886 1723 919 1756 in
944 1726 1050 1770 jecore
1073 1721 1223 1770 dispersos
1241 1721 1346 1766 subit,
1361 1728 1394 1759 ὃ(
1409 1722 1461 1757 suo
1474 1722 1502 1757 se

114 1768 227 1803 colore
239 1769 363 1818 prodit:
383 1770 457 1803 hinc
469 1781 526 1817 per
536 1781 682 1812 truncum
692 1782 782 1804 venae
795 1782 880 1803 cavae
898 1771 1090 1804 indextrum
1102 1771 1204 1804 cordis
1218 1770 1316 1805 finum
1336 1789 1345 1814 ς
1369 1772 1454 1806 unde
1471 1774 1503 1806 in

112 1814 309 1866 ‚pulmonum
322 1820 472 1853 arteriam
482 1847 493 1862 ,
515 1830 554 1852 ex
565 1820 672 1865 quain
681 1831 797 1853 venam
812 1818 1046 1866 pulmonariam
1059 1847 1068 1861 ,
1086 1831 1184 1865 atque
1195 1821 1226 1854 in
1236 1819 1388 1854 sinistrum
1398 1821 1502 1854 cordis

115 1866 330 1902 ventriculum
345 1895 355 1910 ‚
367 1878 436 1902 turn
447 1869 480 1901 in
495 1878 618 1901 aortam
628 1867 806 1915 impellitur
826 1882 834 1903 z
856 1868 973 1902 deinde
988 1880 1045 1915 per
1059 1868 1143 1902 emul
1170 1880 1258 1902 entes
1268 1871 1399 1902 arterias
1414 1871 1444 1903 in
1457 1882 1505 1903 re-

116 1927 173 1950 nes
185 1916 368 1951 deducitur:
382 1916 467 1951 adeo
479 1927 515 1950 ut
529 1929 594 1951 non
607 1915 692 1950 aliud
704 1919 806 1966 magis
821 1928 920 1964 quam
930 1919 1018 1952 ineat
1039 1918 1126 1951 viam
1149 1920 1260 1965 anguis
1276 1946 1286 1960 ‚
1297 1917 1504 1961 demonstret,

115 1964 218 2011 quam
235 1963 297 1998 hoc
311 1963 413 2011 ipsum
430 1967 719 2011 experimentum„

156 2013 282 2048 Addam
297 2018 329 2048 δι
343 2012 420 2045 illud
434 2012 680 2047 celeberrimum
694 2041 704 2055 ,
728 2027 795 2061 quo
809 2012 891 2047 scill'a
905 2013 936 2047 in
949 2012 1094 2057 femore,
1119 2026 1176 2049 aut
1187 2018 1228 2062 ᾗ)
1238 2014 1484 2063 jugulo'arteria
1496 2043 1506 2057 ,

119 2060 306 2109 sangninem
316 2073 354 2094 ex
365 2072 456 2107 parte
465 2061 571 2096 cordis
584 2062 759 2103 viciniore,
773 2074 840 2095 non
864 2073 902 2095 ex
919 2073 1010 2108 parte
1026 2061 1182 2097 ulteriore
1195 2092 1204 2106 ,
1222 2076 1292 2110 quae
1313 2065 1357 2099 est
1371 2063 1393 2099 ὲ.
1409 2064 1507 2098 corde

120 2111 277 2144 remotior
289 2139 298 2152 ,
311 2110 420 2143 exilire
438 2111 606 2146 cernimus.
622 2110 746 2144 Contra
759 2112 790 2144 in
801 2122 881 2144 vena
900 2108 982 2145 (ἔθεε
993 2113 1162 2160 contingit.
1184 2114 1274 2149 Nam
1291 2115 1400 2162 portio
1418 2125 1510 2147 venae

114 2159 210 2193 cordi
222 2161 354 2206 propior
364 2158 442 2192 nihil
458 2171 540 2206 pene
551 2157 708 2207 sanguinis
721 2160 845 2194 emittit
861 2172 870 2194 :
887 2172 960 2194 cum
980 2172 1052 2208 pars
1065 2160 1200 2196 ulterior
1218 2161 1304 2210 large
1322 2161 1507 2208 sanguinem

120 2207 280 2243 effundat.
300 2209 340 2243 At
352 2205 372 2241 fi
390 2209 539 2241 arteriam
555 2219 648 2242 venae
667 2210 849 2256 proximam
862 2207 1030 2258 ligaveris,
1058 2221 1126 2246 tum
1146 2210 1269 2260 sanguis
1284 2212 1300 2247 ὲ
1317 2223 1400 2245 vena
1425 2210 1507 2246 secta

120 2269 188 2292 non
207 2255 277 2291 fluit
289 2286 297 2299 ‚
312 2256 420 2291 laxato
434 2256 569 2292 vinculo
581 2257 686 2291 statim
700 2257 838 2304 profluit.

161 2313 191 2352 3⁰
209 2306 391 2340 Circuitum
405 2304 560 2353 sanguinis
570 2305 708 2340 valvu¹ae
725 2308 757 2340 in
770 2318 924 2341 venarum
934 2307 1122 2342 internodiis
1140 2337 1149 2351 ,
1168 2313 1202 2344 &
1222 2319 1332 2342 earum
1351 2307 1508 2341 divarica.

120 2353 264 2389 tionibus
275 2354 450 2402 conspicuae
461 2357 596 2389 omnino
605 2355 832 2390 demonstrant.
846 2358 894 2390 'fiae
903 2357 1023 2402 quippe
1034 2357 1167 2405 utsupra
1182 2358 1316 2392 diximus
1325 2385 1334 2399 ‚
1346 2356 1424 2391 nihil
1438 2355 1510 2392 sunt

122 2402 180 2439 nifi
196 2402 428 2485 memgraniilae
441 2416 482 2439 ex
501 2405 648 2440 interiori
660 2417 750 2441 vena:
765 2406 872 2441 tunica
883 2407 1050 2441 creicentis
1066 2405 1146 2443 lunae
1162 2406 1302 2443 formam
1319 2408 1483 2441 imitantes
1497 2434 1509 2450 ,

323 2466 380 2489 om.
391 2454 438 2489 II.
1252 2454 1301 2492 Ll
1319 2454 1348 2490 ll
