1878 2724
638 151 788 188 PARS
823 145 1066 187 TERTIA.
1495 159 1556 198 639

194 199 328 238 Referri
346 199 406 236 huc
428 198 552 249 possunt
568 197 736 245 scarabaei,
763 202 819 247 qui
846 202 878 235 in
902 203 1004 235 varias
1021 211 1152 248 quoque
1167 199 1286 249 species
1306 201 1499 239 dividuntur.
1519 205 1556 239 Id

157 249 310 287 omnibus
323 261 496 285 commune
506 249 566 292 est,
581 260 615 284 ut
627 261 700 284 caro
711 249 801 284 velut
811 247 933 285 offibus
952 252 1121 285 muniatur.
1132 250 1234 297 quue
1248 261 1333 298 pene
1346 250 1496 286 omnibus
1508 254 1555 287 in-

159 296 252 336 sectis
270 301 435 342 convenit,
449 310 485 333 ut
495 297 661 334 substantia
678 299 820 346 quadarn
851 310 997 347 tegantur
1026 297 1118 334 firma
1139 303 1172 336 &
1193 311 1291 333 cornu
1315 312 1381 334 non
1403 299 1554 337 dissimili.

160 348 380 386 Musculorum
397 347 549 383 strustura
559 359 643 396 pene
657 348 773 382 eadem
791 347 832 382 est
841 360 911 394 quae
922 350 953 382 in
964 346 1137 394 majoribus
1152 347 1379 383 animantibus,
1394 350 1482 383 Inter
1496 362 1554 385 an..

157 409 274 438 tenuas
288 425 298 440 ,
330 408 385 431 aut
408 408 526 431 cornua
549 408 667 445 magna
682 395 730 430 est
759 398 895 431 varietas
915 424 925 439 ‚
943 408 1042 444 atque
1057 395 1132 431 hinc
1150 395 1324 445 specierum
1344 398 1504 433 distinfflo
1519 401 1552 434 in

155 445 321 492 scarabaeis
332 457 414 493 pene
423 445 557 480 ducitur.
571 446 620 481 Est
633 443 808 480 scarabaeus
822 457 1014 481 monoceros
1028 473 1036 484 ,
1064 443 1119 480 seu
1141 448 1304 481 unicornis
1332 459 1339 480 :
1361 459 1461 481 cornu
1477 448 1553 482 naso

157 498 319 538 imminet.
338 497 386 530 Ex
398 496 434 528 iis
447 492 605 529 scarabaeis
620 506 700 529 unus
714 495 755 529 est
768 524 777 538 ,
798 507 885 543 culus
902 507 1004 529 cornu
1018 495 1057 528 ad
1079 494 1205 529 dorsum
1235 493 1332 542 usque
1358 495 1551 541 inflectitur,

154 547 279 593 quique
290 543 347 578 suis
363 543 519 592 pediculis
532 557 597 578 non
610 555 705 578 caret.
721 544 756 577 Id
770 555 869 592 genus
883 542 1030 578 scarabaei
1043 555 1085 579 ex
1099 555 1139 578 eo
1160 543 1319 578 formatur
1335 557 1445 579 verme
1469 546 1550 581 cras.

154 593 249 637 fiori,
262 595 319 641 qui
331 592 462 642 inligno
479 591 634 635 nascitur,
646 592 731 628 huuc
745 591 863 628 eorsum
882 595 1041 629 vocitant.
1063 595 1101 628 In
1128 592 1331 641 putrescente
1351 593 1438 643 ligno
1461 598 1551 630 nucis

157 641 279 678 arboris
303 642 396 690 hujus
422 644 549 690 generis
573 653 701 676 vermes
722 640 815 676 albos
845 641 895 677 sex
922 641 1057 690 pedibus
1081 641 1185 677 rubris
1211 643 1378 677 instruet-os
1398 657 1471 678 cuin
1499 657 1551 679 re-

152 691 282 741 periffet
296 694 340 727 D.
352 691 504 725 Sediletm
515 720 524 735 ‚
537 689 679 739 primurn
693 691 724 725 id
737 691 879 726 advertit
890 720 899 734 ‚
912 692 1009 739 pedes
1021 704 1088 726 non
1103 692 1142 725 ad
1152 690 1352 740 greffiuused
1366 693 1404 726 ad
1419 691 1550 728 fodien-

151 742 233 776 dum
246 752 372 789 aptatos
383 738 453 775 esse.
468 741 596 776 Deinde
607 753 680 775 cum
697 751 785 775 terrae
797 739 868 775 vase
881 740 973 776 fietili
985 740 1140 776 conclusae
1153 739 1361 789 imposuill'et,
1378 743 1549 791 interjecto

153 790 267 837 aliquo
287 801 433 838 tempore
445 790 571 824 invenit
590 802 645 824 eos
661 790 740 824 duro
762 792 883 824 cortice
900 788 1059 825 obductos
1073 819 1083 834 ,
1101 802 1169 837 quo
1178 790 1322 838 disrupto
1334 803 1549 838 apparuerunt

153 837 303 874 scarabaei
317 839 414 875 viridi
428 843 460 874 δι
475 837 643 886 splendido
659 838 769 873 colore
779 840 919 874 nitentes
931 868 940 883 ‚
954 838 1065 886 quales
1079 838 1186 874 mense
1198 841 1291 874 Maio
1310 842 1340 874 in
1356 840 1457 875 hortis
1479 853 1548 876 cer-

153 889 407 936 nimus,conjicit
426 885 599 922 scarabaeos
611 887 767 930 stridulos,
780 901 813 923 v.
829 887 997 922 hennetons
1008 900 1050 922 ex
1069 887 1224 923 confimili
1238 890 1363 936 origine
1375 888 1548 937 proficisci.

190 935 315 972 Verum
331 934 474 970 scarabaei
486 938 518 970 in
530 947 579 970 tot
591 935 714 971 abeunt
727 935 844 984 species
856 965 865 980 ‚
876 948 911 970 ut
925 935 1058 984 longum
1078 935 1155 972 effer
1166 949 1217 971 eas
1239 949 1440 973 enumerare.
1465 940 1548 975 Sunt

152 986 388 1022 enim&cetvi
404 983 573 1028 volantes,
594 984 700 1019 lucani
728 984 831 1028 dieti,
856 997 996 1032 quorum
1019 985 1077 1020 alae
1105 988 1138 1020 in
1164 984 1329 1033 squamosa
1353 986 1439 1034 pelle
1458 987 1547 1024 velut

150 1036 185 1069 in
221 1036 338 1082 vagina
366 1033 547 1068 conduntur
577 1048 585 1069 :
614 1045 686 1080 quae
726 1034 860 1081 quidem
884 1032 1020 1080 squamae
1053 1033 1253 1083 explicantur
1281 1039 1314 1071 δε
1333 1035 1547 1082 quodammo-

151 1084 196 1117 do
225 1084 411 1130 aperiuntur
439 1109 449 1125 ,
485 1094 558 1116 cum
591 1081 709 1117 animal
738 1082 873 1126 volitat,
905 1087 939 1119 &
976 1084 1010 1117 in
1048 1095 1090 1118 eo
1127 1083 1207 1118 statu
1237 1083 1307 1118 fixae
1342 1094 1544 1132 permanent.

150 1133 199 1168 Ac
215 1134 297 1166 miro
309 1132 450 1179 quodam
461 1129 600 1166 artificio
618 1130 670 1166 sub
683 1130 843 1179 squamosa
856 1133 975 1180 vagina
997 1131 1056 1166 alae
1079 1132 1312 1181 complicantur
1335 1147 1343 1170 :
1361 1145 1545 1172 extremum

152 1192 262 1223 earum
281 1183 386 1229 parvis
404 1178 549 1214 musculis
560 1182 703 1215 munitur
720 1181 825 1223 3unde
839 1193 878 1215 ex
893 1183 929 1215 iis
943 1181 1116 1217 vulneratis
1136 1181 1241 1229 liquor
1251 1183 1383 1229 quidem
1398 1183 1543 1231 profluit.

150 1230 254 1274 Qod
272 1231 383 1277 utique
394 1242 459 1264 non
475 1231 586 1264 evenit
602 1231 635 1264 in
646 1229 704 1264 alis
715 1228 907 1265 insectorum
919 1259 928 1272 ,
941 1242 1097 1276 quaetotae
1118 1230 1188 1266 sunt
1206 1230 1447 1269 membranoiir.
1463 1236 1544 1270 Pro-

151 1278 302 1322 boscide,
316 1278 484 1328 seulingua
495 1277 634 1313 mirabili
649 1277 788 1314 artificio
805 1278 986 1315 fabrefaCta
1000 1280 1188 1316 alimentum
1211 1279 1346 1316 sumunt.
1369 1282 1415 1316 Ac
1434 1282 1543 1332 liquor

148 1329 282 1375 quidam
297 1327 431 1363 melleus
444 1330 496 1375 qui
506 1327 524 1362 ὲ
535 1327 717 1375 quercubus
728 1340 836 1363 mauat
847 1358 856 1372 ,
870 1330 904 1365 iis
924 1329 968 1363 est
984 1329 1152 1365 alimento.
1166 1331 1295 1364 Horum
1314 1329 1485 1378 pulmones
1503 1346 1542 1369 ex

148 1376 335 1426 Malphigio
348 1376 438 1425 supra
449 1376 520 1412 sunt
532 1376 862 1412 delineati.Ves1culae
881 1378 901 1413 ὲ.
926 1379 1064 1413 tracheae
1082 1377 1200 1414 tubulis
1214 1379 1375 1427 pendent,
1402 1383 1448 1416 uti
1466 1381 1535 1417 fere

148 1428 182 1462 in
192 1426 346 1475 peri-‘estis
359 1424 559 1462 animalibus.
576 1428 665 1462 Nam
680 1426 812 1461 tracheae
830 1426 1019 1463 membrana
1029 1427 1086 1463 ubi
1098 1427 1290 1463 annulorum
1299 1429 1438 1476 angustia
1449 1434 1540 1466 co'e't-

145 1487 254 1519 cetut,
270 1474 366 1510 tubos
380 1473 496 1510 efficit;
516 1474 573 1510 ubi
587 1486 695 1511 autem
714 1475 756 1510 est
767 1475 916 1520 liberior,
940 1476 1062 1512 laxatur
1075 1480 1108 1513 in
1133 1476 1294 1514 vesiculas.
1325 1479 1421 1514 Hanc
1439 1481 1472 1515 in
1491 1492 1540 1515 ta-

148 1522 238 1559 bella
251 1538 302 1561 ιο.
314 1523 526 1572 expreffimuS.
1384 1558 1391 1565 .

184 1576 265 1609 Sunt
276 1574 389 1609 itidem
403 1586 504 1622 caprae
520 1573 673 1610 volantes
686 1602 695 1617 ,
716 1572 786 1608 sunt
799 1574 932 1622 porcelli
942 1574 1151 1619 volatiles,ita
1163 1574 1241 1610 dieti
1252 1575 1296 1610 ob
1310 1589 1538 1624 cornuum,aut

143 1625 270 1659 natium
285 1622 424 1670 aliquam
442 1622 690 1658 similitudinem.
704 1623 755 1658 Est
775 1621 944 1658 scarabaeus
961 1623 1083 1666 musca,
1103 1626 1159 1673 qui
1170 1637 1284 1678 magna
1297 1626 1462 1663 celeritate
1471 1630 1537 1665 alas

145 1671 298 1708 verberat
309 1701 318 1716 ,
333 1676 418 1718 cujus
434 1672 547 1706 dentes
561 1674 592 1706 in
603 1684 709 1706 ramos
720 1673 917 1709 diducuntur.
933 1673 996 1709 Alii
1009 1672 1076 1707 sunt
1087 1673 1207 1708 virides
1218 1678 1363 1711 &aurati
1374 1705 1383 1719 ,
1404 1676 1456 1712 sed
1474 1678 1537 1714 foe,

144 1722 206 1755 tidi
219 1720 476 1756 utcantharides.
495 1722 625 1755 Horum
640 1733 703 1755 ova
713 1724 899 1770 margaritas
909 1722 1066 1757 referunt.
1081 1725 1123 1757 Ex
1140 1724 1177 1756 iis
1188 1723 1336 1758 nonnulli
1353 1737 1466 1774 corpus
1479 1727 1536 1762 ha-

144 1767 369 1806 bentinfinitis
384 1770 585 1805 foraminulis
604 1770 774 1818 pertusum.
792 1773 874 1806 Sunt
886 1774 940 1818 qui
954 1771 1141 1806 locustarum
1151 1768 1251 1806 instat
1273 1773 1430 1810 exiliunt:
1448 1779 1536 1824 capi-

144 1828 178 1853 te
188 1824 222 1855 δε
231 1821 364 1867 ρεᾶοτε
377 1821 410 1853 in
422 1832 522 1854 unum
532 1819 724 1862 addu&is,&
741 1818 807 1854 solo
815 1822 847 1855 in
853 1819 972 1865 fixis‚in
982 1831 1091 1855 aerem
1101 1820 1260 1869 produCto
1271 1833 1406 1871 corpore
1418 1836 1535 1873 repen-

144 1877 178 1902 te
192 1867 368 1915 prosiliunt.
379 1868 441 1902 Alii
457 1867 617 1916 prioribus
629 1870 770 1903 cruribus
780 1868 948 1905 inlistentes
960 1899 968 1913 ‚
981 1875 1014 1907 &
1027 1872 1132 1918 capite
1143 1871 1224 1904 intra
1241 1881 1276 1903 ea
1289 1883 1376 1905 crura
1395 1873 1534 1910 adducto

144 1916 315 1952 molestum
328 1917 490 1964 quendam
502 1915 645 1952 efficiunt
659 1917 816 1954 sonumzin
832 1919 980 1954 ruderum
992 1916 1204 1954 foraminibus
1216 1919 1247 1953 hi
1257 1919 1451 1958 nidulantur.
1470 1924 1534 1959 Alii

144 1965 314 2000 stridorem
324 1968 480 2001 emittunt
491 1967 567 2000 dum
576 1979 673 2014 caput
690 1969 834 2015 pedrori,
849 1980 904 2003 aut
913 1969 1047 2003 caudam
1060 1966 1227 2015 squamosis
1238 1967 1296 2002 alis
1310 1968 1465 2007 affricam.
1481 1974 1534 2009 Est

142 2012 316 2049 scarabaeus
327 2016 384 2061 qui
395 2013 542 2048 aculeum
556 2016 590 2049 in
605 2016 703 2049 cauda
715 2019 809 2063 gerit.
822 2015 915 2064 Isque
934 2029 976 2051 ex
992 2018 1028 2052 iis
1050 2016 1231 2051 vermiculis
1240 2017 1396 2062 nascitur,
1409 2024 1462 2067 qui
1475 2035 1534 2068 pe-

143 2061 237 2096 dibus
251 2063 389 2097 destituti
403 2064 490 2097 tenui
503 2061 655 2110 pellicula
672 2063 901 2107 involvuntur,
926 2077 987 2112 qua
1006 2064 1135 2100 salicum
1157 2063 1238 2099 folia
1258 2065 1449 2105 vestiuntur.
1479 2070 1533 2105 Ibi

142 2112 296 2146 idoneum
310 2111 477 2146 offendunt
487 2111 678 2146 alimentum
688 2140 698 2155 ‚
708 2112 781 2147 dum
791 2113 937 2148 membra
946 2115 1089 2149 auetiora
1099 2114 1312 2162 nympharum
1323 2115 1462 2153 formam
1474 2131 1532 2154 ex-

140 2159 286 2196 hibeant.
308 2162 476 2196 Innumera
490 2160 582 2208 hujus
600 2163 726 2209 generis
742 2162 933 2198 animalcula
952 2162 1133 2198 exhibebat
1150 2167 1192 2200 D.
1209 2165 1448 2201 vaamerdam
1465 2196 1475 2210 ,
1495 2173 1530 2205 &

142 2221 367 2256 nunequoque
381 2211 413 2244 in
427 2214 490 2256 ejus
500 2208 647 2244 musaeolo
656 2209 778 2245 servata
788 2212 892 2246 videri
904 2211 1040 2258 polsunt.
1069 2213 1198 2247 Horum
1214 2213 1410 2248 incredibilis
1428 2218 1532 2251 varie-

141 2270 188 2292 tas
201 2287 209 2300 ,
229 2261 366 2305 partium
380 2258 620 2302 conformatio,
641 2259 795 2294 mirabilis
817 2261 1058 2296 transformatio
1079 2260 1242 2296 infinitam
1271 2262 1460 2300 Conditoris
1482 2266 1530 2301 sa-

141 2309 298 2356 pientiam
307 2337 315 2350 ,
326 2313 358 2344 &
369 2318 472 2342 artem
482 2309 715 2355 omnipotentis
730 2308 869 2344 Artificis
887 2311 1127 2347 commendant.

179 2357 256 2392 Non
270 2356 331 2391 alia
342 2357 411 2391 fere
424 2356 470 2390 est
484 2359 565 2391 ratio
577 2357 735 2392 structurae
748 2387 757 2402 ,
782 2363 816 2395 &
830 2361 1046 2394 mutationum
1060 2372 1130 2406 quae
1143 2361 1175 2395 in
1191 2360 1335 2396 formicis
1357 2360 1530 2398 observan-

141 2415 201 2449 tur,
211 2404 449 2454 quasqueidem
461 2407 563 2442 Autor
579 2405 730 2455 graphice
742 2407 926 2445 delineavit-
947 2411 987 2446 In
1001 2420 1113 2448 verme
1129 2421 1201 2446 cum
1221 2411 1262 2444 ad
1276 2410 1386 2459 justam
1401 2415 1527 2461 magni-

1226 2462 1258 2496 T
1271 2472 1281 2494 t
1293 2472 1303 2495 r
1316 2471 1329 2495 t
1359 2462 1378 2508 ij
