1878 2724
430 137 496 179 460
687 132 1000 171 PHYSICAE
1040 133 1195 171 PARS
1231 134 1544 173 SECUNDA.

428 187 493 221 rius
506 185 684 232 prorumpit
699 200 706 226 3
718 182 796 217 folia
810 182 961 231 plantulae
975 181 1057 218 fiunt
1070 183 1291 219 manifestiora
1301 202 1310 228 ς
1320 185 1467 220 vasorum
1478 186 1671 234 propagines
1686 186 1717 223 se
1729 197 1822 237 pro-¹·

427 234 507 268 dunt
517 262 526 277 ,
546 238 579 269 &
593 244 682 266 extra
694 234 838 267 eminent
849 248 860 276 5
873 234 1013 279 exterior
1029 231 1220 268 membrana
1238 261 1249 278 ‚
1265 233 1350 282 quasi
1366 233 1538 271 secundina
1553 237 1689 284 propriis
1700 248 1807 288 turget
1850 267 1852 272 ‚
1871 254 1873 258 ⁴

425 281 579 316 utriculis,

460 330 547 363 Cum
561 341 691 377 quartus
702 329 771 364 di'es
782 328 904 365 effluxit
912 336 1007 375 ‚tum
1018 331 1130 367 omnia
1143 330 1223 368 fiunt
1239 334 1409 381 apertiora.
1428 333 1517 367 intra
1538 331 1724 369 secundinas
1734 337 1805 382 qui-

422 377 498 412 dem
513 390 565 413 aut
585 381 756 414 exteriores
768 379 973 416 membranas
991 391 1097 430 turget
1119 380 1262 428 plantula
1276 398 1285 426 3
1299 381 1390 417 radix
1408 392 1496 415 extra
1514 385 1707 431 prorumpit.
1735 386 1805 420 De.

421 436 466 461 tra
472 429 529 463 Cris
544 427 739 463 membranis
750 458 760 473 ‚
773 440 828 463 aut
841 428 1015 465 secundinis
1027 432 1161 478 quarum
1172 432 1313 465 exterior
1323 429 1449 479 gracilis
1458 430 1504 464 est
1514 436 1547 469 &
1565 431 1695 466 exsucca
1703 461 1713 477 ,
1722 433 1804 468 folia
1819 445 1825 451 ·

419 475 583 512 seminalia
593 476 745 521 subalba,
767 483 800 514 &
817 478 964 514 emollita
981 478 1011 513 se
1028 479 1180 527 produnt.
1195 480 1285 526 ,Qae
1308 482 1421 527 utique
1441 481 1474 514 in
1494 478 1593 528 figura
1608 489 1640 516 2³
1658 481 1804 530 apposita.

418 524 500 560 fient
516 525 668 563 clariora:
686 529 720 562 in
738 538 803 575 qua
824 526 904 562 folia
918 530 951 564 N
967 556 978 571 ,
992 527 1045 562 sen
1060 526 1129 563 lobi
1144 541 1218 565 cum
1235 528 1359 564 costulis
1371 528 1401 563 se
1418 528 1581 576 produnt3
1596 529 1694 565 caulis
1710 531 1802 580 plan-

417 573 490 609 tulae
508 578 543 611 O
554 604 564 619 ,
577 588 650 611 cum
663 578 851 612 continuata
861 576 967 612 radice
977 577 1162 626 producitur
1172 606 1182 621 ,
1206 583 1240 615 ὃ(
1254 577 1403 625 ⁴quadam
1422 577 1514 612 velut
1528 577 1684 627 lanugine
1697 579 1802 616 obdu-

413 625 500 660 citur.
520 627 555 660 ln
570 626 684 661 radicis
696 627 853 674 principio
860 625 955 661 velut
966 626 1124 675 appendix
1141 628 1165 662 Ρ
1178 656 1188 671 ,
1197 628 1320 664 eminet
1332 626 1467 665 candida
1486 631 1520 663 &
1533 627 1652 665 mollis.
1666 631 1703 665 In
1714 630 1799 672 radi?

411 684 449 706 ce
463 674 616 721 produ<sta
624 679 690 723 jam
708 687 849 709 tumores
864 674 1073 711 radicularum
1088 676 1289 723 exordiaQ,
1298 675 1512 724 proferuntur.
1788 709 1791 715 ,

405 740 409 743 ·
446 725 547 758 Sexto
558 724 610 758 die
617 723 772 772 plantulae
790 723 871 759 folia
887 736 974 759 ex-tra
985 737 1196 774 prorumpunt
1209 730 1329 773 majore
1346 729 1379 761 in
1391 724 1569 760 secundinis
1587 724 1678 762 facito
1696 725 1798 772 hiatu3

412 783 523 819 eaeque
537 773 606 808 sunt
621 771 723 808 craffae
740 778 775 810 &
791 773 939 809 nonnihil
952 774 1089 809 diduetae
1099 778 1181 810 intus
1197 787 1283 811 cavae
1297 803 1307 818 ‚
1327 785 1364 809 ut
1373 786 1537 822 gemmam
1553 774 1707 811 foveant:
1720 788 1799 814 cun.-

409 821 462 854 &a
481 824 513 857 in
528 822 595 856 dies
616 834 784 872 augentur.
803 823 898 858 Circa
910 835 1035 858 nonum
1052 824 1140 859 diem
1150 836 1285 873 gemmae
1298 823 1386 858 foliis
1401 822 1563 860 hiantibus
1576 824 1718 873 plantula
1731 824 1796 861 sur.

407 869 474 905 ssim
485 869 633 920 assurgit3
649 871 748 907 caulis
755 876 823 919 jam
835 872 949 907 indicis
962 873 1055 919 digiti
1068 872 1304 921 longitudinem
1323 873 1458 921 adeptus
1478 875 1511 907 in
1525 885 1677 908 extrema
1700 886 1793 922 parte

405 918 534 954 virescit
547 948 556 963 ,
575 919 655 955 ultra
670 920 884 969 appendicem
901 922 924 956 P
937 948 948 964 ,
963 921 1109 957 radicem.
1115 923 1235 971 promit
1247 921 1294 965 „a
1307 933 1371 970 qua
1394 925 1535 958 minores
1556 921 1701 958 radiculae
1713 936 1791 972 pro.

406 967 508 1003 deunt
524 967 596 1018 pilis
612 969 746 1006 vestitae.
1216 988 1218 990 ’

438 1017 535 1052 Circa
550 1031 581 1054 21
596 1020 684 1054 diem
696 1019 841 1056 absoluta
855 1020 982 1057 videtur
994 1022 1103 1071 planta
1118 1038 1127 1064 3
1140 1019 1421 1056 seminalefolium
1434 1019 1538 1054 viride
1556 1020 1788 1058 rid-incredibi-

402 1065 469 1101 lem
485 1068 745 1115 magnitudinem
755 1072 881 1106 auCtum
895 1069 1134 1114 3subfoli01um
1148 1069 1247 1105 axilla
1257 1068 1357 1104 'caulis
1369 1067 1423 1102 sub
1435 1079 1570 1116 gemmae
1585 1068 1686 1117 specie
1696 1070 1788 1108 affur-

400 1117 449 1163 git
462 1119 475 1158 ,'
487 1115 601 1151 folium
615 1116 729 1153 stabile
744 1117 878 1168 crispum
896 1125 930 1157 δε
950 1120 1095 1156 nondum
1110 1118 1277 1154 evolutum
1297 1119 1439 1167 promit3
1456 1116 1618 1165 reliquum
1628 1117 1685 1155 sub
1694 1132 1787 1168 gem-

400 1175 453 1199 ma
466 1164 651 1200 custoditur.
674 1169 807 1203 Interim
818 1168 901 1204 folia
915 1169 1071 1218 paulatim
1084 1167 1323 1204 contabescunt.

433 1214 584 1262 Longum
594 1214 688 1255 effer,
704 1221 738 1252 δε
749 1217 922 1252 molestum
941 1218 1154 1266 plurimorum
1173 1216 1332 1253 seminum
1348 1218 1593 1265 vegetationem
1616 1216 1783 1266 persequi:

396 1273 555 1310 perpauca
569 1263 680 1313 selegit
693 1265 905 1314 Malpig-hius,
923 1278 958 1301 ut
976 1266 1182 1315 phaseolum,
1202 1265 1326 1303 fabam.
1343 1265 1443 1314 pisum
1456 1294 1466 1309 ,
1483 1267 1627 1300 triticum
1640 1279 1714 1302 :nos
1728 1271 1780 1302 tri¹

398 1313 452 1346 tici
467 1312 617 1361 exemplo
636 1317 784 1350 contenti
793 1316 874 1351 illius
885 1318 1129 1365 vegetationem
1145 1316 1251 1364 paucis
1275 1315 1434 1364 explicare
1448 1313 1648 1354 conabimur.
1666 1317 1782 1355 Tritici

394 1372 529 1408 granum
544 1373 633 1397 terrae
642 1362 853 1409 commiffiun,
865 1365 934 1414 post
946 1366 1095 1401 exactum
1107 1365 1193 1399 diem
1209 1369 1274 1411 jam
1290 1364 1451 1412 turgidum
1460 1375 1612 1412 apparet,
1623 1369 1656 1400 δε
1669 1363 1779 1406 secun-

393 1410 470 1444 dina
479 1409 531 1445 seu
545 1423 653 1446 cortex
675 1414 756 1447 circa
767 1413 946 1462 plantulam
961 1416 1084 1458 exig-uis
1097 1412 1238 1448 hiatibus
1249 1412 1331 1448 solvi
1343 1414 1458 1461 incipit
1469 1430 1490 1455 ;t
1500 1411 1644 1461 plantula
1656 1416 1777 1449 nonni-

391 1458 438 1493 hil
457 1460 638 1495 intumescit
649 1490 659 1504 ‚
671 1460 739 1496 haec
751 1476 816 1499 non
835 1462 962 1498 duobus
978 1454 1060 1498 lobis
1072 1492 1081 1508 ‚
1094 1461 1157 1497 seu
1176 1462 1263 1497 foliis
1280 1461 1518 1497 seminabilibus
1529 1489 1539 1504 ‚
1551 1460 1603 1496 sed
1617 1475 1682 1497 uno
1694 1491 1704 1506 ,
1719 1475 1778 1499 eo-

391 1519 456 1554 que
473 1508 685 1557 conglobato‚
699 1517 732 1548 δε
745 1511 907 1547 farinaceo
924 1512 1116 1548 involvitur.
1137 1514 1175 1547 In
1190 1524 1227 1546 ea
1244 1515 1310 1560 jam
1327 1511 1473 1559 distingui
1488 1510 1615 1558 possunt
1630 1523 1776 1560 gemma,

387 1555 442 1592 seu
451 1569 533 1606 apex
545 1587 554 1601 ,
571 1559 683 1603 caulis,
696 1561 838 1596 radicula
855 1564 966 1597 conica
978 1591 987 1605 ‚
1002 1560 1151 1597 radiculae
1166 1560 1312 1596 laterales
1325 1590 1335 1606 ,
1347 1559 1529 1609 placentula
1541 1588 1553 1603 ,
1568 1558 1621 1595 seu
1643 1561 1774 1602 involu-

387 1618 496 1650 crum3
517 1607 712 1644 umbilicalis
722 1610 918 1646 nodusinter
932 1611 1057 1647 caulem
1071 1616 1104 1647 &
1121 1610 1255 1646 radices.

422 1656 525 1691 Biduo
536 1659 654 1693 emero
668 1662 733 1705 jam
752 1658 849 1694 futuri
861 1659 960 1695 culmi
968 1672 1050 1708 apex
1061 1688 1070 1702 ‚
1084 1658 1136 1695 vel
1148 1658 1245 1694 caulis
1259 1657 1400 1706 disrupto
1409 1660 1526 1695 corrice
1538 1656 1568 1692 se
1579 1660 1674 1707 erigit
1685 1676 1693 1704 3
1707 1659 1777 1707 pla-‘

386 1705 512 1739 centula
525 1717 594 1752 quae
607 1707 731 1742 radices
746 1710 847 1757 tegit,
872 1709 1013 1744 utriculis
1033 1720 1140 1757 turget
1152 1736 1161 1752 ,
1178 1713 1212 1745 δε
1229 1707 1416 1756 lanuginem
1440 1706 1581 1756 profert:
1605 1707 1657 1742 sed
1674 1711 1772 1744 tertio

385 1753 437 1786 die
447 1754 840 1792 cunstavfiunt‘illustriora
851 1775 861 1802 ς
871 1756 1235 1807 ἱοὶὶυητεοῃὲΙοὸειωπ)
1248 1755 1326 1800 ,seu
1336 1769 1470 1805 granum
1489 1754 1589 1804 ipsum
1603 1755 1692 1791 succo
1713 1758 1769 1793 ad-

383 1801 475 1837 miffo
491 1800 731 1840 &sermentato
742 1807 903 1855 turgidum
915 1818 1049 1856 apparet
1061 1837 1071 1851 ‚
1085 1810 1117 1841 in
1130 1804 1348 1854 vegetioribus
1366 1804 1539 1840 seminibus
1558 1806 1646 1840 radix
1661 1807 1767 1840 media

382 1853 427 1885 Ri
444 1864 464 1886 n
477 1852 530 1901 fig.
543 1866 566 1897 3.
580 1853 704 1902 longius
718 1855 1066 1902 producitur,laterales
1075 1856 1193 1889 radices
1206 1857 1237 1897 S,
1250 1853 1309 1888 sese
1322 1854 1339 1886 ὲ
1353 1856 1472 1900 vagina
1487 1855 1711 1900 expediunt3ex
1726 1855 1765 1889 iis

380 1900 561 1948 complures
580 1901 635 1949 pili
646 1914 833 1951 emergunt,
847 1906 903 1950 qni
915 1906 996 1938 circa
1013 1915 1154 1938 terrenas
1168 1901 1337 1950 particulas
1355 1902 1451 1936 instar
1465 1902 1590 1942 hederae
1605 1914 1762 1950 torqueri-

381 1960 442 1990 tur,
454 1949 539 1983 unde
550 1955 585 1986 &
594 1949 683 1998 crispi
702 1950 783 1986 fiunt
793 1968 802 1995 ς
813 1951 995 1999 placentula
1010 1952 1061 1987 sen
1071 1951 1274 1987 involucrum
1282 1953 1313 1986 T
1323 1980 1333 1994 ‚
1347 1949 1457 1986 sensim
1467 1950 1585 1985 contab
1591 1949 1676 1995 escit3
1686 1964 1764 1989 cau-

379 1997 416 2031 lis
431 1998 462 2030 X
478 2026 486 2041 ‚
509 1997 726 2034 subrotundus
743 2005 777 2036 &
794 2001 918 2035 auCtior
929 2000 1029 2036 faetus
1040 1999 1154 2035 sursum
1169 2005 1201 2037 &
1216 2001 1256 2035 ad
1272 1999 1535 2048 perpendiculum
1554 2002 1692 2048 erigitur.
1710 2005 1762 2038 In-

377 2059 426 2081 ter
439 2046 561 2082 caulem
573 2052 607 2083 &
621 2048 742 2083 radices
757 2049 861 2084 nodus
872 2048 1066 2085 umbilicalis
1078 2078 1088 2094 ,
1100 2051 1157 2097 qui
1173 2062 1229 2098 per
1246 2048 1347 2089 fibras.
1360 2062 1432 2087 cum
1445 2048 1527 2084 folio
1545 2047 1757 2090 seminaliico-

376 2096 488 2138 liceret,
507 2096 677 2131 manifeste
687 2096 717 2131 se
736 2098 855 2145 prodit.
1675 2113 1677 2115 '

416 2145 490 2181 Post
505 2145 646 2181 triduum
663 2145 759 2181 caulis
771 2149 893 2183 aud'tior
903 2149 1052 2197 angulum
1074 2151 1200 2184 restum
1212 2148 1311 2185 efficit
1322 2160 1394 2182 cum
1407 2147 1489 2183 folio
1500 2146 1659 2190 femineo,
1669 2149 1767 2195 quedl

373 2194 516 2242 gracilius
532 2193 569 2229 fit
583 2223 593 2238 ‚
605 2193 776 2244 oblongius
786 2226 795 2240 ,
811 2202 845 2234 ἃς
865 2196 955 2232 succo
969 2197 1158 2234 lactesceme
1169 2198 1299 2247 plenum
1315 2226 1324 2240 ,
1337 2198 1458 2232 radices
1469 2196 1671 2243 proferuntur
1681 2209 1754 2232 cum

372 2241 682 2291 eopiosalanugine3
703 2246 782 2279 nodi
798 2245 986 2281 unibilicalis
1005 2259 1075 2295 pars
1095 2245 1232 2285 exterior
1253 2248 1349 2285 instar
1372 2248 1499 2283 corticis
1521 2247 1650 2288 durior,
1667 2248 1753 2283 inte..

370 2296 435 2326 rior
453 2305 512 2327 ceu
524 2292 662 2331 medulla
677 2294 808 2329 mollior
821 2296 876 2330 est.

402 2342 521 2378 Exn-sto
539 2342 592 2376 die
612 2354 746 2388 quarto,
764 2346 915 2379 exteriori
930 2344 1012 2379 folio
1026 2346 1112 2392 quod
1126 2347 1249 2394 vaginae
1263 2346 1354 2384 instar
1362 2345 1473 2379 stabile
1489 2343 1606 2378 folium
1620 2350 1652 2380 δε
1672 2356 1752 2380 con-

369 2389 515 2425 volutum
526 2391 674 2436 custodit,
689 2391 848 2441 paulatim
867 2393 977 2429 laxato
990 2424 999 2439 ,
1018 2394 1139 2431 culmus
1154 2395 1269 2430 sursum
1289 2395 1389 2430 elatus
1404 2393 1466 2429 sese
1481 2393 1655 2429 videndum
1672 2407 1751 2441 prae-
