1878 2724
59 143 109 180 nis
125 141 303 179 coelestibus
315 137 597 189 explicandisvsatis
610 141 761 177 idoneam
772 140 908 189 usurpari
916 140 1002 189 polse
1019 154 1026 176 :
1039 151 1145 177 utrum
1157 154 1266 180 autem
1279 112 1448 192 verum&

13 205 16 211 ⁴
59 205 101 228 an
118 191 233 228 falsum
248 205 318 227 non
327 192 371 225 est
381 190 564 226 Astronomi
574 189 759 225 decernere:
770 189 823 224 hic
833 191 922 225 enim
933 201 1060 224 tanturn
1073 203 1111 224 ex
1123 190 1292 240 hypothesi
1302 208 1370 230 non
1383 196 1444 231 ab-

56 240 158 277 solute
176 240 351 276 concludit.
371 241 453 274 Satis
467 238 513 272 illi
523 238 622 273 fuerit
637 237 657 273 fi
669 249 775 274 motus
786 238 925 274 coelestes
940 250 1102 287 utcunque
1116 240 1372 290 explicet,causas
1386 245 1446 281 ho-

58 302 131 326 rum
142 301 287 325 motuum
305 287 448 337 physicus
462 288 642 342 investiget.

87 340 169 374 Tres
178 352 275 387 porro
286 350 374 373 terrae
382 348 487 372 motus
497 336 755 384 &copernicanis
774 335 958 373 tribuuntur
970 367 981 382 ‚
1000 350 1082 386 quos
1099 340 1212 387 utique
1232 343 1275 376 D·
1289 340 1440 379 Cafflnus

45 387 119 423 1h0c
135 387 205 422 fere
220 388 321 423 modo
336 386 485 435 explicat.
510 397 543 420 xo
563 386 660 421 Circa
679 384 765 421 suum
782 397 877 421 axem
895 386 937 422 ab
973 387 1087 423 occasu
1101 389 1138 423 -in
1154 401 1263 425 ortum
1288 394 1445 436 vertitur,

54 448 152 484 atque
169 437 252 472 hunc
268 448 394 472 motum
412 437 444 471 in
460 433 556 470 fidera
574 437 687 470 omnia
699 434 919 470 transferimus
939 450 948 470 t
967 436 1053 484 isque
1071 451 1102 483 23
1119 436 1204 473 horis
1215 442 1249 475 δε
1263 440 1394 475 minutis
1404 448 1441 489 56

52 485 219 534 perficitur
233 500 241 521 :
258 486 320 522 hoc
333 486 465 534 quidem
477 495 567 521 motu
580 496 693 521 omnes
718 495 806 519 terrae
823 484 990 520 meridiani
1010 513 1021 528 ,
1038 486 1207 521 verticales
1219 515 1230 530 ,
1251 486 1439 525 horizontes

51 533 264 584 abripiuntur.
283 536 391 583 Atque
405 534 488 570 illius
508 535 663 569 terminus
677 533 720 570 est
740 532 822 568 alter
836 531 977 570 colurus
999 536 1033 571 in
1053 535 1173 572 telluris
1192 534 1330 586 globum
1354 549 1441 577 trana

45 582 160 619 ssatus.

85 645 121 670 2²
135 635 235 669 Terra
245 635 277 668 in
288 632 386 682 plano
396 630 553 681 eclipt'icae
563 634 649 667 eirca
667 630 768 667 solem
781 629 880 680 spatio
891 644 999 668 annuo
1012 630 1051 667 fic
1070 645 1221 670 movetur
1240 645 1276 671 ut
1297 633 1354 674 soli
1379 634 1436 685 ipsi

0 693 1 702 ¹
48 693 156 717 motus
167 680 331 718 tribuatur.
342 685 452 729 quue
464 693 558 718 motu
571 680 683 717 Coluri
695 683 729 716 in
746 693 864 716 terram
883 680 1025 717 transsati
1038 680 1093 717 fibi
1104 695 1221 720 mutuo
1237 683 1362 733 semper
1379 698 1438 734 pa-

41 729 363 774 sallelimanentfflifi
374 731 460 778 quod
476 732 515 765 ad
529 730 631 766 stellas
648 732 822 779 comparati
835 742 926 766 motu
943 733 1001 775 qui
1012 730 1080 766 fere
1092 730 1194 779 spatio
1214 748 1315 781 25000
1328 747 1433 770 anno-

48 791 118 814 rum
134 778 524 822 absolvitur‚continenter
539 778 828 826 deflestant‚atque
841 777 984 814 efficiant
993 791 1028 815 ut
1039 791 1113 816 eum
1127 793 1252 817 motum
1269 781 1310 817 ab
1322 783 1436 819 occasu

47 829 83 863 in
103 840 209 864 ortum
221 829 314 865 stellis
326 828 393 877 ipsis
410 827 598 865 tribuamus,
619 828 708 863 Cum
721 840 830 863 autem
855 827 923 877 poli
937 828 1093 878 eclipticae
1111 832 1146 864 in
1160 830 1282 866 telluris
1296 831 1433 881 globum

50 872 190 912 transsiti
203 878 242 912 ad
261 878 389 914 easdem
402 876 524 926 semper
533 877 634 914 stellas
644 876 689 912 ob
702 875 893 913 immensam
933 889 1011 926 rope
1030 879 1211 914 distantiam
1231 881 1407 930 dirigantur
1423 895 1433 918 ε

36 925 171 961 -colurus
187 926 394 962 solstitiorum
411 930 493 962 circa
503 927 658 975 eclipticae
669 925 761 974 polos
776 928 864 962 aetus
876 955 886 969 ‚
914 926 990 962 unul
1008 932 1042 964 &
1056 938 1167 972 terrae,
1191 927 1246 964 seu
1261 933 1433 978 aequatoris

45 971 141 1022 polos
151 1003 160 1019 ‚
170 977 226 1023 qui
235 991 271 1015 -ι,
284 976 371 1026 grad.
389 990 424 1022 30
435 978 510 1014 rnin.
522 975 542 1012 ὲ
554 976 636 1026 po¹is
651 975 804 1024 eclipticae
817 974 1007 1019 deflectunt,
1020 975 1125 1013 secum
1141 976 1312 1027 abripit&
1327 980 1362 1015 in
1379 992 1434 1014 or-

45 1023 125 1067 bem
143 1036 347 1073 contorquet.
367 1029 474 1074 Atque
484 1026 559 1062 hinc
567 1026 692 1060 dierum
711 1030 746 1062 &
763 1026 910 1060 nostium
932 1025 1130 1074 inaequalitas
1145 1028 1244 1061 oritur
1256 1056 1266 1071 ,
1287 1039 1323 1063 ut
1337 1028 1433 1077 polus

46 1082 136 1107 terrae
147 1074 284 1108 Borealis
295 1074 350 1109 soli
361 1077 450 1108 varie
466 1074 736 1122 exponitut.Cum
750 1076 838 1108 enim
851 1073 942 1122 super
953 1085 1041 1110 terrae
1058 1075 1317 1124 hemisphaerium
1334 1078 1354 1113 ὲ
1367 1076 1433 1113 sole

46 1119 239 1156 illustratum
256 1124 291 1157 in
305 1123 414 1157 medio
428 1123 538 1157 circuli
549 1123 664 1170 polaris
680 1132 768 1157 extat
782 1149 792 1164 ‚
807 1127 840 1158 &
860 1136 891 1165 23
908 1124 999 1171 grad.
1017 1136 1092 1158 cum
1112 1123 1231 1158 serniss'e
1251 1125 1433 1170 attollitur,

44 1181 82 1204 ac
97 1181 202 1218 partes
218 1183 330 1207 omnes
349 1172 466 1206 circum
479 1183 555 1207 eum
565 1171 676 1220 polum
689 1172 899 1218 circumjecta:
909 1173 1105 1207 irradiantur
1117 1200 1128 1215 ,
1147 1182 1214 1207 tum
1235 1173 1324 1208 aestas
1352 1187 1434 1210 con-

35 1219 153 1267 tingit.
180 1218 252 1253 Ubi
269 1232 374 1255 aurem
392 1220 457 1255 duo
471 1220 538 1267 poli
552 1232 642 1255 terroe
656 1217 792 1266 oppositi
808 1222 841 1253 in
859 1218 1003 1255 confinio
1027 1219 1189 1266 utriusque
1216 1231 1308 1256 terrae
1328 1221 1432 1258 hemi.

43 1264 166 1314 sphaerii
180 1267 348 1312 illustrati,
367 1273 401 1306 &
414 1267 536 1303 obscuri
550 1273 677 1318 jacent,
703 1278 770 1302 turn
791 1267 859 1302 dies
876 1279 1038 1315 aequantur
1063 1267 1212 1303 nofflbus
1228 1296 1237 1310 ,
1257 1280 1324 1305 tum
1345 1273 1432 1307 enim

44 1315 190 1363 paralleli
202 1330 314 1352 ornnes
329 1317 436 1352 media
450 1316 492 1352 sui
502 1330 591 1366 parte
607 1316 810 1352 illustrantur.
828 1317 891 1351 Sed
910 1316 967 1352 ubi
977 1316 1070 1366 polus
1088 1317 1236 1353 Australis
1255 1318 1431 1364 attollitur,

43 1369 80 1402 &
93 1365 232 1399 Borealis
248 1366 454 1414 deprimitur,
475 1378 544 1401 tum
559 1366 672 1401 nostes
688 1365 758 1399 sunt
772 1364 946 1411 longiores.

81 1414 161 1448 Sunt
171 1413 225 1448 alii
236 1427 343 1450 motus
356 1413 534 1448 librationis
548 1417 578 1449 in
598 1425 680 1448 terra
691 1418 723 1449 &
734 1412 820 1456 luna,
837 1415 894 1460 qui
907 1412 1065 1461 explicatu
1083 1413 1176 1463 paulo
1185 1412 1255 1448 sunt
1266 1412 1431 1450 difficilio-

34 1472 116 1497 res:
134 1461 208 1497 hinc
222 1474 331 1500 tamen
351 1462 453 1499 multa
464 1462 542 1498 scitu
553 1464 648 1512 digna
665 1463 747 1497 eruit
763 1464 806 1498 D.
824 1460 973 1499 Caffinus
985 1491 996 1508 ‚
1015 1475 1085 1512 quae
1110 1463 1284 1511 aliquando
1304 1461 1430 1512 publici

39 1512 119 1557 juris
130 1510 240 1546 faciet.

428 1655 876 1693 DISSERTATIO
927 1656 975 1689 11.

497 1785 503 1791 ,
550 1752 604 1787 De
632 1739 909 1797 lamma-siderum.

42 1851 171 1936 HIS
188 1849 350 1899 explicatis
369 1862 438 1898 quae
448 1850 488 1884 ad
503 1850 614 1887 mundi
630 1847 897 1898 compositionem
907 1849 938 1882 in
949 1847 1131 1883 universum
1149 1852 1203 1891 ,&
1222 1846 1322 1897 ipsam
1342 1849 1426 1885 Cos-

146 1901 369 1948 mographiam
379 1900 543 1947 pertinent
557 1928 566 1942 ‚
586 1901 768 1947 proximum
787 1898 834 1933 est
847 1908 882 1931 ut
891 1895 1023 1932 siderum
1034 1896 1263 1940 lumen,motus
1277 1902 1309 1934 δε
1321 1901 1428 1946 perio-

46 1946 104 1979 dos
116 1958 330 1993 percurramus
340 1977 350 1992 ,
368 1960 501 1995 quaeque
516 1948 555 1982 de
564 1947 657 1983 rebus
674 1948 756 1983 adeo
766 1947 899 1981 remotis
911 1946 1076 1995 perspecta
1090 1944 1151 1981 else
1167 1943 1311 1994 poffunt,
1326 1946 1427 1994 quam

47 1992 235 2029 breviffime
252 1996 402 2034 dicamus.
417 1999 558 2032 Primum
568 1998 679 2043 itaque
691 1996 731 2031 de
749 1995 883 2030 fiderum
906 1995 976 2030 luce
988 2024 999 2038 ,
1012 2008 1080 2043 quae
1093 1996 1244 2043 praecipua
1258 1994 1305 2029 est
1314 2006 1426 2031 eorum

47 2041 189 2085 affcffiQ
203 2043 385 2087 dicendum3
399 2057 468 2081 tum
485 2043 669 2090 solis,lunae‚
687 2050 720 2082 δε
733 2045 870 2080 aliorum
887 2043 1089 2092 planetarum
1108 2044 1424 2091 theoria5,postrerno

46 2090 202 2126 stellarum
215 2104 320 2127 motus
331 2121 340 2134 ,
353 2098 386 2128 &
400 2094 610 2140 phaenomena
620 2094 977 2142 aggrediemurzpartem
993 2093 1204 2128 Astrononiiae
1219 2094 1425 2140 praecipuam,

46 2152 184 2187 quaeque
196 2141 300 2175 nostra
312 2152 406 2175 :etate
419 2143 451 2176 in
470 2142 556 2176 coelo
569 2141 638 2177 sunt
650 2141 843 2190 deprehensa
854 2171 863 2185 ,
876 2142 993 2190 duplici
1012 2142 1073 2177 hac
1089 2140 1303 2177 differtatione
1320 2143 1423 2175 conti·

47 2201 174 2224 nentur.
182 2189 331 2237 Cumque
341 2189 484 2225 nostrum
500 2191 561 2226 hoc
577 2189 721 2226 saeculum
736 2190 1099 2239 telescopiiinventione
1123 2188 1334 2225 nobilitatum
1351 2188 1423 2222 fue-

48 2239 98 2278 rit,
109 2243 194 2286 cujus
208 2237 371 2273 beneficio
389 2238 594 2274 Astronomia
606 2239 688 2273 adeo
708 2241 865 2286 provecta
881 2238 957 2284 fuit,
967 2240 1007 2275 de
1020 2239 1142 2276 lumine
1154 2237 1270 2271 dicituri
1292 2234 1378 2271 simul
1389 2241 1423 2273 &

48 2285 118 2320 tubi
134 2289 236 2336 optici
249 2286 418 2324 artificium
431 2289 587 2339 explicate
603 2286 773 2337 voluimu52
