1878 2724
511 127 648 165 PARS
687 126 926 168 TERTIA.
1401 142 1423 167 o

52 174 228 216 vnervorum
238 175 395 213 ‘evolutas
418 188 504 221 3nec
530 178 670 214 dubium
690 179 733 213 est
758 181 837 226 quin
859 180 1024 228 praecipuae
1047 178 1160 214 animae
1178 177 1341 215 sentientis
1359 147 1437 217 fiius

10 235 12 252 :
60 230 182 265 &iones
198 225 245 260 ibi
262 236 485 270 exerceantur,
502 226 559 262 ubi
577 226 697 275 spiritus
713 227 783 262 sunt
794 229 950 276 purioreS,
965 233 999 264 &
1014 230 1113 277 magis
1128 227 1284 262 elaborati
1299 257 1310 272 ,
1327 227 1383 263 ubi
1402 234 1434 265 in

10 294 11 299 ¹
59 287 179 312 eertum
192 275 340 310 ordinem
349 275 450 323 digeri
465 276 609 324 possunt,
627 289 694 313 non
712 288 834 311 temere
850 286 1027 325 vagantur,
1053 275 1274 313 autfluetuant
1287 293 1296 320 3
1311 275 1366 312 ubi
1377 278 1434 315 de.

0 330 10 375 44
58 326 157 373 nique
177 324 249 362 sunt
267 336 439 361 nervorum
451 327 599 373 origines,
1159 343 1160 347 ¹

562 423 593 457 C
616 424 645 458 A
667 424 691 458 1>
709 424 744 460 U
767 423 798 458 T
837 422 908 456 VI.

380 531 420 553 11ae
428 519 496 566 fint
508 521 664 569 praeclpnae
681 519 956 568 animaefintientls
969 515 1159 562 facultates.

6 548 9 563 i

6 573 9 587 i

4 605 7 639 ,³
55 613 176 700 ILlud
192 628 319 665 quoque
329 616 390 652 hoc
405 616 679 657 locointuendum
691 630 760 664 quae
775 615 832 653 fint
844 618 1008 665 praecipuae
1029 616 1143 649 animae
1166 614 1332 652 sentientis
1351 619 1433 653 vires

95 666 135 700 ad
153 668 373 713 cognitionem
384 665 559 709 destinatae,
581 678 718 714 quaeque
734 668 766 701 in
784 665 918 700 cerebro
933 677 970 699 ut
982 666 1016 698 in
1032 665 1162 711 proprio
1179 663 1270 699 insint
1283 676 1420 721 organo.

92 713 175 749 Illud
187 715 255 755 satis
266 713 438 751 verisimile
450 712 543 750 nobis
554 715 692 758 videtur,
705 716 772 749 vim
784 715 1035 762 imaginatricem
1049 712 1069 748 ὲ.
1084 711 1168 747 sensu
1185 725 1360 756 commum,
1378 717 1433 761 qui

55 761 270 810 impressiones
289 775 345 811 per
359 761 460 797 sensus
469 766 641 797 exteriores
659 763 700 798 ab
714 761 925 812 objeffisipfis
938 761 1063 797 haustas
1080 763 1217 809 percipit
1237 775 1304 797 non
1313 761 1374 797 effe
1387 762 1432 798 se-

24 834 27 837 ·
52 813 209 859 junctam.
229 813 334 859 Atque
348 812 378 845 id
388 813 521 846 omnino
531 811 698 847 absurdum
707 824 854 860 putamus
863 840 873 855 ,
886 810 1072 846 facultatem
1090 811 1138 843 uti
1156 809 1318 857 speciebus
1331 839 1340 853 ,
1352 824 1431 859 quas

51 858 120 907 ipsa
135 873 201 895 non
216 859 324 896 habet.
342 861 442 897 Unde
454 860 487 893 id
505 872 583 895 vero
596 861 638 894 est
654 863 835 908 proximum
846 889 855 903 ,
869 857 989 895 sensum
1000 869 1207 893 communem
1218 861 1306 901 ‚vim
1317 862 1432 909 imagi-

53 910 210 943 natricem
221 937 232 952 ,
248 914 283 945 &
300 911 490 943 memoriam
509 909 617 943 eidem
634 921 757 957 organo
778 908 920 944 insidere.

89 959 127 992 Et
139 958 271 1004 quidem
286 956 428 992 Arabum
450 985 460 1000 ‚
477 956 580 992 nescio
600 957 699 1004 quarn
720 970 815 1000 vera,
839 962 907 1003 jam
925 968 1007 1005 pene
1028 955 1163 990 invaluit
1186 957 1298 1005 opinio
1317 965 1380 990 tres
1399 957 1433 992 in

53 1007 159 1040 anima
174 1004 329 1041 sentiente
342 1005 402 1040 effe
421 1008 503 1040 vires
520 1034 530 1048 ,
544 1007 799 1055 imaginatricem
819 1006 989 1048 videlicet,
1012 1005 1166 1052 judicium
1183 1010 1217 1041 δε
1232 1006 1433 1041 memoriam.

56 1056 111 1088 Vis
123 1053 179 1088 illa·
198 1056 374 1102 imaginum
392 1053 559 1088 formatrix
572 1067 640 1089 non
656 1056 774 1102 excipit
785 1052 885 1089 modo
897 1083 906 1097 ,
920 1053 971 1088 sed
992 1055 1090 1087 etiam
1103 1055 1235 1100 parturit
1249 1081 1259 1096 ,
1276 1057 1310 1088 &
1327 1056 1434 1101 expri-

0 1119 1 1122 ¹
53 1103 114 1137 mit
122 1113 227 1138 rerum
236 1101 353 1151 species
367 1131 376 1145 ,
393 1113 495 1148 eaque
507 1101 546 1145 ,si
559 1103 700 1137 medicos
723 1103 885 1145 audimus,
901 1099 1025 1136 cerebri
1052 1111 1343 1148 temperamentum
1357 1100 1434 1135 cali-

53 1151 123 1184 dius
139 1150 271 1198 postulat
283 1160 338 1186 :‘ut
350 1151 469 1197 judicio
483 1163 555 1185 cum
566 1150 679 1199 frigida
689 1180 698 1195 ,
713 1157 747 1188 8<
763 1149 840 1186 sicca
852 1152 1012 1198 temperie
1035 1149 1145 1184 melius
1167 1150 1329 1185 convenit.
1354 1151 1413 1184 Me
1424 1169 1434 1174 -

54 1200 159 1234 moria
173 1200 309 1247 denique
325 1212 398 1242 cum
415 1199 519 1233 custos
540 1201 678 1234 inventis
695 1199 904 1247 cogitatisque
918 1196 1010 1233 rebus
1038 1203 1071 1234 &
1092 1197 1199 1232 verbis
1223 1196 1433 1241 adhibeatur,

54 1247 218 1283 humidam
230 1253 263 1285 &
276 1247 407 1283 mollem
421 1246 546 1282 cerebri
554 1249 816 1283 constitutionem
831 1249 941 1296 exigit.
958 1250 1041 1294 Qae
1060 1246 1192 1293 quidem
1213 1244 1336 1280 diversa
1348 1257 1431 1281 tem-

53 1298 155 1344 peries
165 1294 268 1332 efficit
280 1326 289 1341 ‚
300 1308 337 1331 ut
355 1298 407 1330 vix
419 1297 609 1344 imaginatio
626 1308 744 1345 vegeta
755 1302 806 1340 ‚&
821 1296 908 1330 ferax
926 1309 997 1330 cum
1016 1294 1108 1330 firmo
1124 1299 1156 1331 &
1171 1292 1276 1329 stabili
1290 1294 1429 1341 judici0;

53 1349 88 1381 &
97 1355 230 1392 utraque
248 1345 381 1380 facultas
393 1343 464 1379 raro
474 1357 546 1378 cum
564 1344 652 1379 felici
661 1347 817 1380 memoria
834 1345 997 1380 cohaereat.

90 1395 215 1428 Omnes
228 1395 346 1442 ingenii
359 1394 449 1428 dotes
465 1392 598 1441 triplici,
609 1405 643 1428 ut
652 1405 776 1442 putant,
793 1393 852 1428 hac
861 1393 1015 1428 facultate
1025 1393 1244 1428 continentur.
1255 1392 1361 1438 Atque
1373 1390 1430 1425 ubi

55 1442 142 1476 deest
162 1444 388 1491 imaginarricis
406 1443 516 1490 vigor,
539 1442 662 1478 tardum
677 1441 711 1476 fit
729 1447 762 1479 &
775 1441 874 1477 hebes
886 1444 1047 1491 ingenium
1057 1439 1180 1475 necesse
1193 1441 1248 1484 est,
1261 1439 1360 1474 fimile
1371 1439 1429 1474 fri-

78 1491 151 1533 ido,
174 1496 206 1528 ὃ(
222 1491 317 1526 sterili
327 1490 500 1526 solomihil
510 1503 548 1525 ex
559 1489 588 1524 se
601 1493 726 1539 gignit,
746 1490 827 1525 nihil
844 1493 991 1538 parturit.
1006 1489 1068 1524 Sed
1083 1487 1138 1523 ubi
1159 1490 1273 1524 eadem
1290 1490 1338 1523 vis
1358 1487 1429 1535 plus

53 1503 125 1573 {itis
139 1539 298 1574 incalescit
314 1568 324 1583 ,
344 1551 410 1574 tum
425 1538 551 1572 laborat
567 1537 646 1586 saepe
660 1540 835 1587 judicium-3
856 1539 998 1572 delectus
1011 1540 1096 1572 enim
1112 1540 1344 1585 cogitationum
1360 1564 1370 1578 ,
1394 1541 1430 1572 &

54 1599 160 1622 rerum
172 1590 225 1623 vix
243 1591 292 1636 agi
308 1588 408 1636 potest
420 1615 428 1629 ,
444 1582 575 1633 quando
590 1590 744 1632 imagines
771 1587 885 1621 caloris
904 1587 1029 1635 impetu
1052 1588 1214 1620 turmatim
1236 1596 1428 1633 erumpunt,

54 1647 91 1669 ac
105 1636 193 1670 velut
205 1637 395 1671 ferocientes
408 1637 483 1681 equi
495 1634 590 1669 nullis
600 1635 726 1684 possunt
735 1635 833 1670 frenis
851 1636 998 1670 coerceri.
1016 1636 1105 1669 Hinc
1124 1635 1178 1680 qui
1191 1633 1261 1682 plus
1278 1634 1430 1681 imagina-

55 1685 143 1718 tione
157 1684 293 1732 poffimr,
305 1684 427 1719 habent
437 1683 627 1730 plerumque·
634 1683 722 1718 illam
735 1696 771 1718 ex
782 1695 928 1731 tempore
939 1683 1066 1717 dicendi
1076 1681 1261 1716 facultatem
1275 1694 1345 1716 cum
1361 1684 1431 1715 ina-

54 1733 87 1767 ni
100 1731 299 1779 ‘loquacitate
310 1733 512 1779 conjuntstam
525 1749 533 1774 3
546 1734 742 1767 inventionis
759 1733 902 1767 celeritas
913 1731 1001 1766 adest
1014 1732 1087 1778 apta
1095 1734 1199 1765 rerum
1213 1729 1429 1764 collocatione

56 1779 132 1828 sirpe
142 1782 293 1816 destituta
304 1793 420 1829 3arque
434 1783 466 1816 in
482 1780 602 1816 summa
612 1780 760 1815 ubertate
778 1782 825 1815 est
837 1780 970 1815 luxuries
985 1780 1132 1827 quaedam
1150 1807 1159 1821 ,
1176 1791 1246 1825 quae
1259 1779 1359 1813 studio
1370 1806 1378 1819 ‚
1395 1783 1429 1814 ὃς

55 1828 167 1863 labore
177 1830 222 1864 est
234 1829 497 1877 depascenda‚aut
507 1842 593 1864 certe
603 1830 641 1863 ad
659 1829 793 1864 severius
801 1830 957 1877 judicium
968 1827 1158 1862 revocanda.
1175 1827 1235 1861 Illa>
1245 1838 1352 1862 tamen
1364 1827 1428 1861 foe-

26 1887 29 1889 ’
54 1878 197 1912 cunditas
208 1907 217 1922 ,
233 1880 550 1927 quaeimaginationis
560 1878 723 1913 fervorem
735 1878 938 1925 consequitur
951 1905 962 1919 ,
973 1879 1106 1911 minime
1118 1876 1164 1909 est
1183 1877 1215 1910 in
1230 1877 1334 1924 pueris
1350 1903 1361 1919 ,
1376 1874 1429 1910 vel

55 1925 309 1961 adolescentibus
327 1927 560 1966 contemnenda
574 1941 581 1962 :
598 1928 677 1961 iniis
692 1929 814 1975 quippe
825 1927 987 1975 ingenium
1000 1925 1118 1972 judicio
1132 1924 1275 1972 praesumi
1294 1937 1359 1959 non
1372 1924 1429 1958 de-

56 1972 124 2011 bet.
135 1977 214 2010 Non
224 1977 310 2009 enim
320 1976 425 2022 potest'
432 1977 464 2009 in
475 1975 590 2009 eoell'e
598 1974 702 2010 succus
721 1976 881 2011 diuturnus
891 2004 900 2018 ,
923 1974 1012 2021 quod
1024 1975 1118 2008 nimis
1132 1973 1279 2007 celeriter
1292 1973 1339 2006 est
1359 1984 1430 2006 ma-

58 2025 220 2057 truita-rem
227 2022 402 2058 assecutum.
414 2025 577 2070 roirca
587 2035 627 2057 ea·
635 2024 712 2058 mihi
721 2036 890 2071 puerorum
903 2022 975 2057 laeta
993 2021 1116 2056 indoles
1133 2050 1142 2065 ‚
1159 2034 1230 2068 quae
1242 2020 1304 2056 sese
1315 2020 1366 2055 vel
1380 2023 1430 2054 ni-

57 2073 159 2106 mium
171 2071 338 2119 profundit
350 2100 359 2115 ,
373 2074 471 2119 magis
481 2070 635 2118 probatur
646 2100 655 2115 ‚
670 2072 769 2118 quam
785 2072 930 2106 festinata
951 2072 1114 2105 maturitas
1125 2098 1134 2112 ,
1155 2083 1226 2117 quae
1240 2068 1332 2104 citius
1351 2067 1429 2103 solet

56 2115 210 2156 occidere.
222 2121 308 2156 Nam
318 2120 512 2168 utpraecl‘are
523 2118 633 2154 Fabius
647 2122 865 2163 ‚maciei-1³3&
878 2118 1100 2154 infirmitatem
1112 2120 1144 2152 in
1162 2119 1320 2166 posterum
1333 2119 1428 2151 mira-

53 2169 86 2202 ·ri
101 2168 179 2202 solet
189 2170 331 2216 protinus
343 2168 493 2203 omnibus
506 2167 657 2202 membris
673 2168 826 2217 expreffiis
845 2168 960 2204 infans,
979 2169 1050 2203 Nec
1067 2167 1206 2202 mustum
1228 2168 1260 2201 in
1277 2165 1344 2200 lacu
1368 2165 1427 2198 sta-

59 2218 119 2251 tim
129 2218 288 2261 austerum
300 2216 359 2251 effe
370 2216 469 2251 debet
478 2245 486 2258 ‚
505 2228 538 2251 ut
548 2228 647 2251 annos
659 2217 741 2251 ferat
751 2246 761 2260 ‚
777 2223 810 2254 ὅ(
830 2218 982 2252 vetustate
1000 2214 1156 2263 proficiat.

88 2267 166 2300 Non
178 2268 327 2300 omittat-n
343 2294 351 2309 ,
372 2266 461 2313 quod
471 2265 592 2300 illustris
608 2264 662 2299 ille
672 2267 810 2300 medicus
822 2278 857 2300 ac
866 2266 1000 2314 diligens
1016 2265 1219 2311 ingeniorum
1233 2262 1432 2295 examinator

56 2314 201 2349 'H'uarrus
219 2325 330 2362 praeter
341 2327 470 2349 caeteros
497 2313 657 2356 observat,
671 2325 725 2347 eos
736 2317 792 2362 qui
809 2314 878 2362 plns
896 2314 1129 2362 imaginatione
1143 2309 1313 2351 valent,ad
1330 2308 1430 2342 secre-

57 2363 153 2397 tiores
168 2363 317 2400 scientias>
330 2366 433 2400 minus
444 2363 502 2399 effe
512 2362 645 2398 idoneos
660 2376 667 2397 :
685 2374 758 2399 cum
770 2363 846 2399 intel
852 2362 950 2398 l’eetus
962 2391 973 2407 ‚
983 2360 1036 2396 vel
1046 2360 1197 2408 judicium
1211 2359 1243 2393 in
1257 2358 1294 2391 iis
1306 2370 1372 2393 non
1384 2359 1432 2393 vi-
