1878 2724
74 177 287 216 secefferunt.
301 178 425 212 Totum
437 189 518 211 vero
528 177 648 212 coelum
662 180 695 213 in
708 188 862 225 perpetuo
884 174 1023 210 versatur
1037 184 1148 216 motu,
1167 182 1266 220 arque
1287 174 1319 208 in
1336 185 1378 208 eo
1395 140 1466 221 pla?

87 240 168 264 netae
181 239 216 263 ut
227 238 324 262 naves
338 224 475 260 secundo
484 225 614 261 flumine
624 226 838 261 devehuntur.
858 227 969 272 Qare
983 236 1042 258 nec
1053 234 1135 256 terra
1150 250 1160 264 ‚
1173 234 1278 269 neque
1294 222 1371 257 ullus
1391 222 1461 270 pla-

81 277 306 325 neta-proprie
320 286 481 313 movetur,
498 275 548 309 sed
563 274 604 310 sui
616 277 745 309 vorticis
757 272 1066 320 motuiobsequitun
1093 272 1171 318 Qia
1190 271 1322 318 quidem
1336 273 1460 307 ratione

79 326 216 360 omnem
232 325 272 359 de
286 336 374 358 terrae
392 335 485 358 motu
496 325 650 359 invidiam
663 323 692 358 se
709 323 838 358 amoliri
857 320 943 371 posse
956 332 1055 369 putat.

141 382 195 419 4⁰.
222 375 337 421 Magni
350 372 396 407 illi
417 375 555 407 vortices
568 372 607 408 fic
619 374 702 407 inter
715 371 744 408 se
758 371 827 407 sunt
843 372 986 419 coaptari
1003 381 1038 405 nt
1054 371 1146 405 unius
1165 367 1232 417 poli
1252 380 1358 417 partes
1377 369 1459 405 alte-

75 424 144 457 -tius
155 422 175 457 ὲ
195 422 276 471 polis
287 421 509 457 remotissimas
528 423 720 470 contingant
733 433 740 455 ε
762 420 802 455 fic
814 422 901 455 enim
911 431 1020 454 mutua
1029 421 1112 454 inter
1126 417 1155 452 se
1172 420 1368 452 commercia
1381 418 1461 454 faci-

76 470 142 506 iius
152 470 515 518 exercebunt.Cumque
528 482 640 505 vortex
648 468 827 518 ‘raptiffimc
837 471 920 503 circa
930 468 1017 503 suum
1031 479 1175 502 centrum
1186 477 1375 513 torqueatur
1389 484 1398 510 3
1419 468 1459 502 il-

74 518 142 554 -lius
152 522 286 555 materia
297 531 454 566 quantum
471 519 575 567 potest
588 518 608 555 a
622 530 733 553 centro
746 518 867 553 recedit
878 545 888 560 ‚
902 529 1001 564 atque
1016 528 1072 565 per
1086 527 1191 565 partes
1213 515 1231 552 ὲ
1252 514 1334 563 polis
1351 527 1461 551 remo-

78 570 180 604 tiores
191 570 348 616 erumpit,
364 569 452 615 quod
469 567 514 602 ibi
523 579 629 602 motus
648 567 683 601 fit
700 568 904 602 concitatior.
927 567 1039 612 Qare
1052 563 1174 600 necess'e
1187 564 1229 598 est
1244 576 1280 598 ut
1298 565 1331 598 in
1347 567 1460 612 proxi-

81 629 170 652 mum
189 619 347 651 vorticem
364 618 578 666 ingrediatur3
599 628 659 651 nec
678 615 778 651 subire
792 617 914 664 poterit
929 615 1027 649 alium
1051 616 1210 649 vorticem
1230 614 1431 648 commodius
1450 645 1459 658 ‚

76 677 180 712 >quarn
198 677 256 713 per
275 677 380 714 partes
394 665 476 714 polis
497 665 649 700 finitimas
662 694 671 708 ‚
697 664 752 699 ubi
770 676 878 699 morus
906 664 949 698 est
966 663 1122 712 placidior
1136 691 1146 705 ,
1169 664 1274 697 minor
1285 661 1368 696 adeo
1383 662 1459 697 refi-

81 715 192 748 stentia
204 715 366 749 invenitur
382 728 389 748 :
411 717 544 749 materia
560 726 640 748 vero
663 713 719 748 illa
735 726 807 749 cum
825 713 860 748 sit
878 711 1056 748 tenuiffima
1068 741 1078 756 ,
1093 722 1216 746 meatus
1237 709 1308 746 satis
1331 711 1456 760 amplos

77 761 196 810 quibus
213 765 406 810 excipiatur,
424 762 573 799 offendit.
1347 764 1355 773 ⁹

76 839 79 843 .
129 819 177 856 50.
207 811 322 847 Stellas
335 814 368 846 in
379 812 493 847 eadem
503 812 575 847 coeli
586 810 751 860 superficie
768 824 834 846 non
848 809 909 846 effe
922 810 1109 845 rconstitutas
1125 838 1134 853 ,
1145 808 1197 844 scd
1212 808 1290 844 alias
1303 808 1364 845 else
1386 811 1457 845 aliis

75 858 279 897 sublimiores
293 860 402 895 multis
411 863 606 909 argumentis
619 860 725 909 colligi
738 859 853 908 potest.
879 873 907 895 ιο
919 861 1004 894 enim
1026 859 1172 906 quaedam
1194 857 1303 893 senfim
1318 859 1458 895 crescere

78 914 114 945 &
132 911 233 944 minui
245 909 412 946 videntur:
429 921 465 944 ut
477 922 515 944 ea
527 922 599 958 quae
611 912 642 944 in
659 910 745 943 collo
760 910 837 945 Ceti
851 911 985 944 ineunte
999 908 1061 942 hoc
1078 906 1185 942 saecnlo
1197 907 1377 951 observata,
1388 920 1457 943 tum

77 956 185 993 statim
200 958 269 993 fere
279 960 442 1002 extinCta;
461 971 546 994 anno
561 960 637 1006 1648
652 957 750 992 rursus
763 958 806 992 est
822 957 905 1001 visa3
927 970 963 992 ac
982 957 1112 993 tandem
1130 954 1252 991 doe‘til's.
1280 955 1456 992 Bullialdus

78 1006 150 1054 post
165 1021 206 1052 333
222 1007 346 1042 dierum
360 1007 514 1043 circulum
526 1020 596 1044 earn
615 1006 702 1042 mole
712 1009 887 1042 maximam
898 1007 1020 1048 videri,
1032 1017 1099 1040 tum
1112 1004 1269 1052 paulatim
1286 1007 1455 1040 imminui-

76 1055 300 1103 deptehendit.
328 1056 430 1100 Quod
444 1057 574 1103 quidem
588 1058 644 1093 vix
658 1055 811 1103 explicari
829 1055 951 1103 potest,
965 1054 1020 1089 nifi
1040 1066 1110 1088 eam
1127 1054 1249 1088 stellam
1262 1055 1456 1102 quandoque

77 1106 265 1151 propiorem
277 1099 453 1139 nobis‘fieri
467 1133 476 1148 ‚
493 1105 688 1152 quandoque
705 1105 826 1152 longius
838 1103 858 1138 ὲ
871 1102 964 1137 nobis
978 1103 1082 1138 efferri
1097 1103 1276 1137 statuamus-

119 1152 215 1186 Circa
228 1164 280 1186 eas
293 1152 397 1187 stellas
410 1165 544 1200 quarum
562 1153 751 1201 magnitudo
761 1155 868 1200 augeri
883 1157 915 1188 δι
926 1154 1028 1187 minui
1039 1150 1119 1186 solet
1129 1180 1138 1194 ,
1156 1162 1294 1198 quaeque
1309 1151 1376 1198 post
1388 1163 1456 1186 cet-

74 1212 111 1236 ta
124 1211 307 1248 temporum
322 1201 491 1236 intervalla
500 1201 693 1236 evanescunt
702 1230 710 1244 ‚
726 1206 760 1237 δε
769 1200 884 1235 rursum
903 1200 1055 1235 videndas
1069 1201 1098 1234 se
1110 1199 1256 1247 praebent
1266 1228 1275 1242 ,
1289 1200 1353 1234 haec
1364 1212 1454 1235 com-

74 1251 167 1297 perio
181 1249 200 1285 ὲ
213 1253 254 1286 D.
264 1249 396 1284 Cassino
416 1249 594 1286 observata.
612 1257 640 1283 1⁰
662 1263 732 1297 qnae
745 1252 776 1284 in
791 1249 878 1284 collo
892 1249 967 1283 Ceti
981 1249 1140 1283 interdum
1157 1258 1306 1296 apparet,
1319 1252 1383 1296 jam
1395 1261 1453 1283 an-

76 1310 122 1333 no
139 1305 208 1346 1596
225 1310 293 1333 erat
307 1301 436 1347 cognita
448 1327 457 1341 ,
477 1304 510 1336 &
524 1300 662 1347 Bayerns
687 1311 758 1332 eam
775 1300 806 1333 in
824 1296 876 1333 suo
894 1297 1043 1346 catalogo
1066 1310 1150 1331 anno
1171 1304 1240 1332 1601
1258 1307 1293 1331 ut
1311 1297 1451 1344 reliquas

74 1345 177 1395 vulgo
188 1349 332 1395 cognitas
346 1346 486 1383 inseruit.
509 1349 603 1383 Anno
618 1355 688 1392 ¹637
700 1346 880 1383 Phocilides
897 1349 952 1394 qui
971 1348 1086 1394 Bayeri
1096 1344 1220 1381 tabulas
1232 1358 1298 1380 non
1316 1346 1452 1389 viderat,

75 1407 148 1429 eam
160 1407 194 1430 ut
210 1408 332 1430 novam
342 1394 543 1440 observavit,
559 1409 595 1430 ac
613 1399 728 1445 primus
742 1394 959 1430 renascentem
969 1397 1050 1430 vidit
1065 1424 1074 1438 ‚
1090 1407 1163 1428 cum
1176 1405 1249 1429 ante
1264 1393 1453 1430 evanuisset:

75 1455 115 1478 ex
132 1455 172 1478 eo
190 1445 322 1491 quidem
332 1457 478 1491 tempore
490 1445 577 1480 illam
590 1444 717 1493 singulis
727 1447 815 1479 annis
828 1447 946 1479 reverti
960 1473 969 1487 ‚
980 1449 1012 1481 δι
1028 1456 1127 1478 unum
1147 1442 1215 1477 fere
1230 1441 1372 1478 mensem
1391 1455 1450 1477 an-

76 1491 236 1527 revertere
248 1505 447 1540 compertum
459 1493 531 1529 fuir.
549 1496 643 1529 Hanc
652 1495 917 1541 anticipationem
942 1506 952 1533 ς
971 1505 983 1538 3
1014 1494 1138 1527 dicrum
1156 1491 1309 1526 definivit
1327 1491 1450 1528 Clariffi

73 1540 246 1576 Bullialdus
260 1558 269 1584 3
289 1545 364 1578 Eam
377 1555 507 1589 quoque
531 1542 653 1577 stellam
672 1544 789 1589 partim
801 1541 969 1576 obscuram
980 1570 988 1584 ‚
1001 1543 1118 1587 partim
1128 1539 1265 1574 lucidam
1280 1540 1449 1576 existimat:

74 1590 157 1623 adeo
166 1603 200 1624 ut
211 1593 292 1624 circa
302 1589 389 1624 stium
403 1603 547 1625 centrum
558 1603 672 1639 gyrans
683 1619 692 1632 ‚
711 1591 808 1624 modo
823 1590 921 1632 hanc,
934 1591 1032 1624 modo
1045 1589 1133 1623 illam
1149 1599 1274 1635 partem
1285 1587 1377 1622 nobis
1388 1587 1450 1622 ob-

71 1649 189 1673 vertat.
208 1639 269 1672 Sed
283 1650 399 1678 tamen*
410 1642 448 1674 D.
463 1638 611 1673 cassinus
627 1651 666 1674 ex
680 1638 804 1673 collaris
819 1641 901 1673 inter
913 1637 943 1672 se
957 1635 1236 1672 observationibus
1251 1636 1339 1682 hujus
1353 1636 1449 1671 stellae

73 1685 115 1719 ab
141 1699 226 1722 anno
251 1697 325 1733 1596
354 1686 450 1734 usque
477 1689 516 1721 ad
538 1701 656 1722 annum
675 1689 745 1731 1678
762 1688 917 1722 existimat
943 1688 1208 1733 anticipationem
1232 1684 1313 1718 illius
1335 1685 1395 1720 effe
1418 1700 1448 1733 35

73 1735 219 1779 dietum,
237 1741 270 1772 &
287 1736 335 1770 sex
348 1736 516 1779 horarum3
534 1738 658 1783 vixque
686 1749 740 1784 per
762 1735 936 1784 simplicem
962 1735 1053 1770 stellae
1075 1736 1157 1768 circa
1181 1735 1348 1782 proprium
1371 1746 1447 1769 cen-

71 1794 159 1818 trum
174 1785 412 1819 revolutionem
427 1797 538 1819 omnes
557 1785 639 1819 illius
653 1784 762 1833 phases
777 1784 928 1826 explicari
946 1782 1040 1832 posse.
1062 1785 1140 1819 Non
1153 1784 1240 1816 enim
1254 1781 1378 1830 singulis
1388 1795 1448 1818 an-

73 1834 122 1866 nis
131 1833 269 1867 eandem
287 1833 418 1868 obtinet
429 1834 694 1882 magnitudinem.
706 1834 910 1884 Qndoque
924 1832 1049 1867 secundi
1066 1832 1185 1866 ordinis
1194 1831 1294 1866 stellas
1309 1831 1446 1880 superat;

74 1882 202 1915 interim
223 1885 305 1916 intra
333 1885 463 1918 tertium
480 1883 630 1917 ordinem
655 1886 711 1919 vix
730 1880 879 1918 consistit.
913 1890 946 1917 20
974 1894 1041 1916 non
1066 1881 1183 1915 eodem
1211 1879 1334 1927 semper
1363 1892 1446 1916 tem·

74 1930 160 1976 poris
184 1929 286 1977 spatio
309 1930 353 1965 sui
378 1933 504 1980 copiam
527 1930 617 1967 facit.
664 1935 752 1968 Nam
773 1930 948 1978 aliquando
978 1932 1031 1965 vix
1055 1942 1110 1977 per
1137 1941 1200 1964 tres
1217 1927 1338 1964 menses
1366 1942 1444 1965 con-

74 1979 183 2011 tinuos
207 1979 434 2026 3-quandoque
453 1991 508 2026 per
529 1981 702 2028 4integros
717 1986 750 2016 &
767 1979 904 2028 amplius
930 1977 1134 2027 conspicitur.
1154 1990 1185 2022 ψ
1213 1990 1319 2025 neque
1346 1981 1442 2025 aequis

75 2035 258 2072 temporum
292 2028 467 2062 intervallis
490 2030 689 2063 incrementa
716 2028 820 2064 sumit.
852 2030 985 2063 interim
1000 2030 1092 2062 citius
1124 2024 1232 2061 crescit
1247 2055 1255 2068 ,
1283 2028 1444 2067 interdum

72 2075 190 2108 tardius
212 2087 220 2107 :
251 2076 332 2109 adeo
360 2087 396 2110 ut
431 2077 581 2123 quasdam
613 2079 804 2112 murationes
833 2076 977 2125 Physicas
997 2076 1194 2111 intercedere
1218 2075 1288 2109 satis
1322 2075 1357 2110 sit
1386 2088 1443 2110 ve-

74 2121 218 2159 risimile:
233 2136 268 2157 ac
285 2124 367 2158 forte
382 2135 448 2159 tam
459 2123 578 2158 diversa
594 2125 806 2171 phaenomena
823 2126 974 2173 explicari
991 2128 1041 2160 vix
1057 2122 1202 2172 possunt,
1221 2123 1276 2158 nisi
1290 2124 1380 2172 polos
1393 2136 1442 2157 re-

74 2171 246 2207 volutionis
257 2172 410 2220 peculiari
425 2173 566 2220 qnodam
578 2185 669 2207 motu
681 2174 755 2208 ferri
769 2175 952 2210 statuamus.
974 2177 1110 2209 Ineunte
1123 2173 1184 2207 hoc
1203 2186 1289 2206 anno
1307 2186 1317 2206 1
1329 2175 1386 2215 678
1403 2172 1442 2204 ad

73 2219 226 2255 summam
240 2220 297 2256 suae
311 2222 402 2256 molis
415 2250 425 2264 ‚
456 2227 489 2258 &
505 2220 638 2269 fulgoris
654 2225 823 2269 pervenit:
846 2235 981 2269 cumque
997 2221 1152 2257 tricesimo
1175 2223 1290 2266 quinto
1310 2231 1442 2265 quoque

73 2279 158 2303 anno
169 2283 199 2314 35
210 2270 278 2304 dies
289 2282 483 2313 antevertat,
497 2283 562 2316 quo
572 2281 719 2317 tempore
726 2271 875 2318 deinceps
889 2270 1084 2318 splendidior
1099 2271 1203 2304 futura
1216 2266 1261 2310 fir,
1273 2280 1328 2302 aut
1338 2280 1441 2314 qnan-

75 2316 117 2350 d'o
130 2321 219 2352 annis
236 2322 302 2364 jam
321 2318 430 2366 elapsis
441 2321 554 2366 majori
573 2319 641 2352 luce
654 2317 791 2361 fulserit,
811 2320 956 2354 constitui
975 2317 1191 2365 f.1cileporest-

94 2371 153 2402 ⁴2².
173 2366 271 2402 Stella
281 2380 351 2415 quae
364 2368 409 2407 est
422 2370 452 2403 in
464 2367 700 2417 cygiiipe&ore
711 2366 818 2415 soepius
828 2368 939 2403 iridem
948 2367 1019 2404 ⁴visa
1030 2367 1089 2409 est,
1104 2371 1135 2402 ὃ(
1147 2364 1421 2401 stibindeevanuit
1435 2378 1443 2399 ι
