1878 2724
338 184 405 218 542
831 167 869 202 *P
894 167 929 203 H·
953 167 985 202 Y
1008 167 1030 202 S
1054 168 1068 202 1
1093 165 1124 203 C
1145 167 1185 201 ,Ε

331 222 508 262 ducuntur,
526 217 612 265 quasi
627 215 727 251 caefim
740 226 859 263 aquam
872 215 1012 260 feriunt,
1024 226 1131 264 neque
1143 217 1180 249 iis
1190 213 1274 250 adeo
1291 225 1376 262 aqua
1395 211 1519 249 obfistit
1533 243 1543 259 ,
1557 227 1594 251 ac
1607 227 1677 252 cum
1689 227 1735 252 ro·

334 281 366 305 ta
386 267 494 304 scalmi
509 265 676 314 superficie
695 263 874 313 repellitur.
897 265 1032 301 Accedit
1047 264 1124 300 illud
1143 269 1276 312 quoque
1291 292 1301 308 ,
1314 267 1449 311 majores
1463 274 1586 310 pennas
1599 267 1736 312 ‚quaein

336 319 489 352 extremis
518 315 575 348 alae
594 313 657 349 fitae
673 313 760 358 sunt,
774 325 844 348 tum
859 314 970 349 evolvi
991 319 1025 351 &
1038 313 1164 348 dilatari
1185 326 1259 348 cum
1271 325 1378 347 aerem
1393 310 1579 357 verberant,
1592 325 1626 348 ut
1644 316 1677 350 in
1687 326 1736 349 ar-

349 369 428 402 &ius
443 361 580 411 spatium
595 363 894 411 colliguntur,cum
915 362 966 398 ala
975 363 1147 407 attollitur,
1165 379 1167 381 ·

357 418 395 449 In
409 412 523 450 muscis
534 441 544 456 ,
558 411 792 461 papilionibus,
806 417 838 448 &
850 412 919 447 aliis
932 411 1062 454 infestis
1072 412 1129 447 alae
1143 411 1415 460 constringuntur,
1428 410 1486 446 ubi
1500 409 1618 446 sursum
1629 410 1660 447 se
1672 410 1738 447 tol·

336 464 406 498 lunt
417 492 427 506 ,
447 474 483 497 ut
496 461 558 497 sese
574 461 738 510 explicant
750 490 759 504 ,
779 474 852 496 cum
867 462 1101 510 deprimuntur.
1131 465 1166 496 ln
1176 460 1405 509 vespertilione
1414 460 1470 495 alae
1481 460 1562 495 nihil
1576 461 1645 496 sunt
1657 473 1739 509 με-

342 524 390 547 tei·
403 510 609 546 membranas
621 524 694 559 quae
705 512 881 560 digitorum
899 511 1037 558 implent
1062 509 1234 547 intervalia
1252 525 1260 545 :
1283 522 1321 545 ac
1342 510 1496 559 praelongi
1519 509 1567 544 illi
1593 510 1689 559 digiti
1702 520 1739 544 ut

337 561 358 597 ὰ
377 561 406 596 se
424 572 540 596 mutuo
561 559 730 595 discedunt
747 588 758 603 ‚
789 571 844 594 aut
857 561 1036 604 accedunt,
1061 560 1145 595 alam
1160 557 1320 608 effingunt
1342 571 1398 594 aut
1421 559 1589 603 latiorem,
1609 571 1664 594 aut
1677 559 1738 594 stri.

340 613 487 646 (filiorem.

369 663 407 695 ln
420 660 533 695 muscis
549 664 581 696 &
595 660 723 695 inseetis
740 657 797 693 alae
820 658 933 694 itidem
952 659 1021 695 sunt
1035 658 1232 693 membranae
1245 686 1254 702 ‚
1275 671 1348 707 quae
1362 656 1543 692 durioribus
1562 655 1650 692 fibris
1669 668 1741 691 mu-

339 711 481 745 niuntur.
519 713 555 745 In
583 708 740 756 plerisque
772 710 933 756 utrimque
956 708 1012 742 alae
1029 708 1101 743 sunt
1121 707 1264 756 duplices
1278 737 1287 752 ,
1319 720 1355 742 ut
1380 706 1510 741 sublatae
1539 719 1605 742 non
1637 707 1740 754 magis

340 757 540 794 resistentem
560 758 728 793 off-sudant
752 769 860 791 aerem
885 756 985 804 quam
1011 756 1031 792 fi
1061 759 1162 793 unicae
1181 755 1281 791 essent
1294 786 1304 800 ,
1320 754 1417 793 &fim
1443 755 1519 790 lices
1539 770 1546 791 :
1575 767 1652 791 nam
1672 756 1742 789 aliae

344 808 413 842 aliis
425 807 618 843 incumbunt
633 822 640 843 :
665 805 716 841 sed
729 805 878 854 depreffae
889 811 923 844 &
935 806 1102 855 explicatae
1114 804 1231 841 fortius
1241 818 1351 840 aer-em
1363 818 1415 842 ver
1445 816 1553 850 erant,
1563 810 1595 842 &
1605 802 1742 840 viciffirn

350 855 393 891 ab
413 870 454 892 eo
474 855 613 892 validius
639 855 850 903 repelluntur.

383 902 454 942 Post‘
468 906 602 941 alteram
616 906 793 939 editionem
812 904 934 951 prodiit
948 916 1031 952 opus
1042 904 1252 952 posthumum
1268 904 1320 942 Cl.
1344 902 1486 945 Brixelli,
1504 902 1563 938 ubi
1579 901 1680 939 multa
1701 901 1751 935 de‘

344 955 459 991 volatu
492 960 526 992 &
551 964 663 990 natatu
683 955 768 989 anim
795 954 893 988 alium
928 952 1005 987 scitu
1018 953 1114 1001 digna
1129 954 1347 1001 :demonstran
1390 955 1434 988 Ex
1454 955 1491 987 iis
1507 964 1577 999 quae
1599 952 1640 986 ad
1657 951 1744 985 insti-

346 1016 452 1041 tutum
462 1005 603 1039 nostrum
617 1004 785 1051 pertinent
796 1031 805 1045 ‚
821 1001 977 1037 nonnulla
988 1001 1165 1050 seligemuS.
1179 1005 1224 1039 Ac
1240 1001 1383 1051 primum
1393 1001 1529 1049 quidem
1540 1000 1620 1036 nihil
1634 999 1744 1035 neces-

346 1053 377 1088 se
393 1054 439 1087 est
451 1054 634 1087 strusturam
645 1052 765 1086 alarum
781 1057 814 1088 &
824 1063 942 1085 naturae
954 1049 1125 1085 artificium
1139 1050 1234 1086 fusiCi's
1247 1048 1427 1085 describere
1444 1065 1451 1086 :
1474 1049 1548 1085 cum
1563 1062 1600 1084 ea
1610 1062 1679 1096 quae
1693 1060 1745 1082 at-

348 1102 489 1146 tulimus,
503 1100 700 1149 Philosopho
712 1101 781 1135 satis
799 1098 859 1134 effe
872 1098 1093 1148 poffint.lllud
1106 1101 1308 1135 duntaxatin
1322 1101 1511 1134 memoriam
1525 1098 1745 1147 redigendum,

347 1152 413 1186 alas
429 1155 461 1186 in
474 1163 538 1186 tres
557 1150 708 1185 articulos
728 1148 788 1184 effe
798 1149 961 1183 distinctas
977 1178 986 1192 ,
1010 1162 1079 1197 quae
1091 1149 1229 1185 hominis
1243 1149 1381 1184 humero
1393 1147 1526 1191 ,tubiro
1542 1153 1574 1184 &
1587 1159 1684 1195 carpo
1693 1158 1746 1180 re-

348 1200 524 1247 spondent.
540 1203 576 1235 In
591 1199 731 1247 utrisque
750 1211 808 1246 pat
831 1211 965 1246 quoque
980 1199 1021 1233 est
1045 1211 1195 1234 numerus
1213 1198 1428 1233 musculorum
1453 1197 1700 1232 extendentium
1713 1200 1748 1232 &

349 1249 567 1285 flestentium.
580 1249 646 1283 Sed
659 1252 691 1283 in
701 1248 834 1283 homine
851 1247 980 1282 musculi
993 1248 1172 1296 peelorales
1184 1246 1354 1296 parvisunt
1365 1276 1374 1290 ,
1384 1252 1418 1283 &
1432 1259 1543 1295 parum
1557 1244 1746 1288 carnofi‚vix

349 1310 479 1346 aequant
491 1295 715 1346 sexagesimam
727 1308 853 1346 partem
874 1299 1020 1332 omnium
1042 1296 1265 1332 musculorum.
1291 1297 1328 1331 ln
1341 1295 1456 1331 avibus
1478 1294 1615 1342 reliquos
1635 1305 1752 1329 omnes

350 1347 441 1382 simul
459 1348 600 1393 sumptos
612 1347 785 1382 excedunt.
799 1347 886 1381 Hinc
904 1357 992 1380 tanta
1006 1345 1048 1379 est
1059 1347 1107 1380 vis
1120 1349 1239 1381 motrix
1252 1358 1322 1392 quae
1332 1345 1452 1380 alatum
1462 1342 1683 1380 vibrationem
1702 1342 1748 1378 ef-

352 1397 476 1433 ficit.1n
491 1397 624 1431 homine
639 1396 671 1431 hi
682 1395 814 1430 musculi
828 1397 955 1430 initium
971 1394 1095 1429 sumunt
1114 1394 1156 1429 ab
1176 1394 1239 1430 osse
1262 1395 1378 1437 sterni,
1398 1393 1417 1429 ἐι
1434 1394 1544 1428 medio
1562 1391 1727 1428 claviculae
1739 1420 1750 1436 ,

352 1445 419 1484 &31
430 1446 524 1480 costis
539 1449 621 1489 6,7,S
637 1444 754 1492 quibus
769 1444 990 1493 illiganturfln
1004 1443 1118 1479 avibus
1133 1458 1171 1479 os
1187 1445 1281 1479 sterni
1299 1443 1426 1477 vastum
1443 1442 1700 1479 est&cristatum.
1713 1444 1752 1476 In

352 1507 488 1542 utraque
500 1495 588 1543 hujus
599 1494 699 1528 cristae
710 1494 794 1529 facie
806 1493 1022 1528 musculorum
1037 1492 1123 1528 fibrae
1135 1495 1254 1528 radices
1268 1491 1392 1527 habent
1404 1521 1414 1535 ‚
1433 1504 1504 1538 quae
1519 1490 1628 1525 valido
1647 1491 1751 1526 tendiss

352 1558 396 1580 ne
407 1549 647 1594 conjunguntur
657 1557 730 1577 cum
741 1542 886 1591 suprema
897 1542 1036 1590 palmula
1047 1541 1217 1577 tuberculo
1229 1542 1351 1577 humeri
1362 1543 1517 1589 proxima.
1532 1540 1632 1576 Unde
1643 1541 1677 1574 in
1686 1541 1754 1574 avi-

354 1593 412 1628 bus
425 1594 614 1627 directionis
626 1591 836 1627 musculorum
850 1592 869 1627 ἐι
883 1603 1001 1626 centro
1011 1593 1110 1627 veffis
1122 1621 1132 1635 ,
1155 1590 1205 1627 seu
1218 1590 1276 1625 alae
1296 1590 1440 1624 distantia
1454 1591 1573 1638 exigua
1587 1589 1631 1623 est
1642 1588 1751 1624 admo-

355 1644 444 1686 dum,
458 1642 586 1689 :equalis
599 1644 751 1676 nimirum
765 1641 1004 1675 semidiametro
1015 1639 1171 1675 tuber-culi
1185 1652 1257 1688 quae
1271 1651 1392 1674 rotatur
1406 1641 1488 1673 intra
1499 1637 1630 1687 [capulae
1641 1636 1752 1683 finum,

363 1696 397 1727 δέ
415 1693 522 1726 minor
539 1691 583 1724 est
596 1690 730 1738 septima
742 1703 832 1738 parre
847 1690 1057 1738 longitudinis
1073 1689 1207 1725 humeri.

398 1753 431 1774 2.
449 1743 491 1774 Ea
506 1743 552 1773 vis
570 1740 782 1774 musculorum
795 1741 932 1786 pectoris
943 1739 1119 1787 repetenda
1131 1740 1176 1773 est
1190 1751 1227 1773 ex
1238 1751 1350 1775 eorum
1363 1735 1754 1788 magnitudine‚fibrarum

358 1800 484 1823 textura
497 1788 591 1823 densa
604 1818 613 1831 ‚
624 1788 750 1824 carnosa
765 1817 775 1832 ,
795 1788 887 1824 firma
905 1817 915 1831 ,
932 1789 1037 1822 cordis
1051 1793 1084 1824 &
1099 1788 1350 1824 ventriculorum
1374 1790 1482 1823 avium
1509 1787 1668 1821 striidhirae
1686 1798 1754 1821 non

358 1836 512 1874 dillimili.
531 1839 665 1873 Accedit
681 1840 785 1872 minor
802 1839 909 1872 avium
923 1838 1062 1884 gravitas
1076 1849 1134 1886 pro
1150 1836 1237 1872 mole
1248 1850 1430 1885 corporum.
1448 1833 1523 1871 Ossa
1532 1835 1603 1869 sunt
1615 1833 1755 1878 subtilia,

360 1892 395 1922 ὃ(
414 1898 570 1921 excavata
588 1902 597 1928 ·,
612 1885 745 1933 scapulae
757 1887 867 1928 ,costae
881 1915 889 1928 ,
910 1885 1084 1922 &brachia
1099 1898 1211 1933 parum
1225 1885 1352 1920 carnosa
1370 1901 1380 1927 ·,
1404 1886 1514 1932 pe&us
1535 1889 1568 1919 δέ
1588 1881 1755 1919 abdomen

359 1938 517 1969 cavitates
533 1934 657 1969 habent
670 1946 743 1968 aere
757 1934 866 1980 plenas
881 1962 888 1975 ‚
906 1934 1017 1968 vlumae
1033 1933 1103 1967 sunt
1120 1933 1208 1968 leves
1221 1963 1229 1976 ,
1244 1934 1356 1976 fortes,
1369 1934 1459 1968 instat
1472 1944 1560 1966 arcus
1572 1930 1757 1975 resilientes,

362 1983 503 2017 validam
516 1985 581 2017 aeri
592 1982 737 2017 inferunt
747 1980 978 2029 percussionem
993 1981 1184 2025 3fiibstantia
1194 1995 1301 2018 earum
1316 1994 1398 2031 pene
1410 1981 1614 2027 cart·laginea
1633 2010 1639 2021 ,
1663 1979 1758 2029 spon-

361 2032 445 2082 giosa
457 2031 598 2067 medulla
609 2061 617 2075 ‚
634 2036 666 2068 &
679 2033 812 2066 minime
821 2033 918 2079 gravi
937 2030 1113 2078 implentur
1125 2048 1134 2075 ·,
1146 2034 1264 2065 cortice
1274 2030 1451 2071 duriffimo,
1468 2028 1592 2072 subtili,
1607 2042 1758 2064 convexo

364 2093 520 2130 teguntur.
538 2083 700 2130 roirca
716 2082 763 2114 vis
781 2082 898 2115 motrix
914 2079 1035 2114 alarum
1045 2091 1180 2128 augetur
1200 2091 1265 2115 tum
1283 2094 1321 2116 cx
1336 2080 1547 2115 musculorum
1562 2079 1761 2127 magnitudi-

362 2143 404 2166 ne
415 2160 424 2172 ,
440 2142 507 2164 tum
527 2132 626 2164 etiam
638 2128 683 2163 ob
698 2131 903 2164 imminutum
915 2129 1039 2177 pondus
1054 2131 1208 2177 corporis
1227 2131 1360 2165 Accedit
1377 2131 1474 2163 etiam
1489 2139 1616 2162 motum
1627 2127 1758 2163 descen..

363 2180 418 2214 siis
440 2185 472 2215 ὃ(
492 2178 643 2214 naturalis
661 2178 810 2227 ponderis
837 2179 990 2212 retardari
1008 2177 1050 2212 ab
1065 2177 1259 2226 expansione
1274 2179 1394 2213 alan-m
1417 2184 1449 2214 &
1467 2178 1579 2211 coudae.
1608 2178 1694 2211 Hinc
1711 2179 1757 2211 vis

364 2229 488 2262 alarum
515 2241 586 2274 quae
613 2240 670 2275 per
706 2226 799 2261 saltus
831 2229 987 2274 repetitos
1006 2239 1171 2262 exercetur
1186 2257 1195 2270 ,
1229 2227 1290 2262 hoc
1305 2233 1408 2275 maj0r
1428 2227 1473 2260 est
1486 2256 1496 2270 ,
1514 2224 1580 2272 quo
1595 2227 1701 2259 minor
1715 2226 1760 2260 est

365 2280 571 2312 imuetusaut
592 2279 683 2312 nixus
700 2277 739 2310 ad
753 2276 943 2311 descensum.
962 2277 1060 2312 Unde
1080 2275 1173 2310 saltus
1191 2276 1237 2310 illi
1257 2279 1311 2323 qui
1333 2275 1411 2311 fiunt
1433 2278 1466 2309 in
1484 2287 1557 2309 aere
1574 2287 1630 2322 per
1653 2274 1758 2322 plures

366 2326 418 2360 ho·
438 2339 459 2359 :s
479 2329 716 2362 sominuanmr.
731 2327 794 2359 Vix
808 2325 908 2360 hemo
920 2338 975 2374 per
991 2325 1182 2359 {emihoram
1193 2327 1297 2373 potest
1315 2328 1357 2359 ita
1372 2323 1503 2359 exsilire.
1518 2326 1659 2373 Impetus
1672 2325 1759 2358 enim

367 2379 435 2422 proj
464 2378 571 2409 &iiius
584 2376 686 2409 statim
703 2375 1014 2422 exunguitiir,&ind‹
1028 2373 1056 2408 fii
1074 2387 1162 2410 enter
1180 2373 1565 2409 ‹sti-eitovandr1›.s<din
1579 2372 1759 2408 volatuim.

361 2424 529 2472 petus-ille
543 2423 585 2459 ab
599 2437 673 2460 aere
692 2426 774 2459 adeo
790 2437 859 2462 non·
869 2425 1070 2474 extinguitur
1081 2452 1092 2471 ‚
1113 2435 1147 2459 ut
1158 2427 1267 2472 potius
1277 2423 1394 2461 resultu
1409 2424 1488 2459 aeris
1506 2421 1680 2471 adjtivetur.
