1878 2724
363 160 417 201 274
627 195 634 203 .
679 135 1131 204 PHYsicAErA-Rs
1167 148 1443 206 sirenum.
1708 198 1741 207 .⁷

359 195 521 250 solvantur
544 206 658 250 nerv13
676 206 699 228 n
722 194 898 243 praesertim
917 207 1060 251 quivoci
1082 195 1272 254 inserviunt.
1295 200 1386 235 Hinc
1409 199 1602 255 plerumque
1626 197 1767 234 humido

359 255 432 282 aete
454 243 560 292 lingua
584 241 733 280 vacillat.
750 243 878 282 Contra
895 244 1006 291 aquilo
1023 245 1069 280 est
1085 244 1241 282 salubrior
1260 262 1270 285 ι
1286 248 1375 296 quod
1387 260 1486 296 poros
1502 249 1691 296 adstringat,
1706 259 1764 298 ca·-

363 294 464 331 lorem
482 306 493 327 1
507 292 631 327 ativum
645 293 812 327 contineat
824 321 835 337 ‚
847 304 906 328 nec
921 293 1020 328 facile
1038 306 1113 331 eum
1128 298 1273 345 expirare
1285 298 1434 346 patiatur.
1454 298 1566 346 Qare
1583 309 1643 333 nos
1659 308 1778 346 vegef

364 345 462 379 tiores
481 337 579 375 efficit
591 368 601 384 ‚
619 339 772 376 humores
785 341 806 378 a
817 342 1010 390 putredine,
1024 348 1058 382 &
1074 357 1212 394 corpora
1230 344 1273 382 ab
1290 345 1478 394 epidemicis
1500 345 1624 382 morbis
1641 357 1763 383 tuetur.

363 391 495 428 Interim
518 399 627 426 tamen
647 389 872 429 distillationes
891 393 1029 428 acriores
1043 421 1055 437 ,
1069 399 1103 432 ὅ(
1136 406 1293 444 ungentes
1305 397 1338 432 in
1354 394 1506 431 lateribus
1527 395 1655 432 dolores
1673 397 1762 431 exci-

363 451 429 484 tat,
446 438 524 475 dum
537 436 754 478 insensibilem
772 439 1039 489 perspiratiouem
1051 407 1222 492 proliibet,
1235 456 1333 492 arque
1344 445 1382 479 iis
1395 445 1454 492 qui
1465 443 1590 480 calculo
1601 441 1764 488 laborant,

362 489 555 538 plerumque
577 485 681 524 officit
694 517 706 533 ,
719 489 797 525 dum
812 501 939 525 meatus
955 491 1108 529 occludit.
1124 493 1294 531 Postremo
1313 493 1416 529 auster
1436 506 1476 529 ex
1496 492 1635 541 obliquo
1657 492 1767 543 spirat:-

364 539 442 575 hinc
458 549 593 585 magnos
611 540 644 574 in
659 540 740 572 mari
760 538 875 576 fluetus
888 542 1009 577 excitat
1022 542 1129 586 ‚dum
1147 543 1258 591 aquilo
1270 543 1358 579 reeta
1373 542 1444 578 fere
1457 542 1590 579 dccidit.
1601 543 1688 578 Hinc
1700 545 1764 578 im.

362 598 441 637 petu
459 586 565 625 statim
583 586 690 623 fracto
707 590 814 626 minus
835 601 926 624 mate
939 602 1140 629 commovet.
1165 593 1276 629 Auster
1301 590 1483 644 bombyces
1507 603 1621 636 necat,
1645 592 1769 627 Boreas

367 636 475 674 fovet.

879 686 912 725 C
934 689 964 726 A
991 691 1016 726 Ρ
1039 689 1075 728 U
1098 691 1130 726 Τ
1192 691 1268 727 IX.

648 768 702 802 De
716 768 791 804 aliis
807 770 971 807 Meteoris
983 774 1085 807 aereis
1096 799 1105 811 ,
1125 786 1164 809 ac
1171 775 1312 824 primum
1325 769 1365 809 di
1379 756 1529 809 nudibus.

436 834 523 874 Aulo
538 837 656 875 diutius
673 850 773 886 quarn
813 838 1023 887 toposueram
1035 841 1072 876 in
1080 851 1255 877 ventorum
1272 839 1490 891 explicatione
1501 836 1592 876 haefi:
1606 849 1692 875 nunc
1714 848 1766 873 re.-

369 843 541 933 Pliquas
569 889 650 921 aeris
668 851 888 936 impressiones
900 890 1014 937 majori
1030 887 1192 926 brevitate
1211 903 1383 940 exponam.
1405 889 1454 924 Ac
1468 891 1608 937 primum
1625 889 1773 923 occurrit.

370 933 472 973 nubes
488 964 499 979 ‚
522 948 594 984 quoe
613 935 694 972 nihil
711 937 759 971 est
782 948 898 986 praeter
913 937 1049 974 halitum
1070 941 1163 974 vario
1178 937 1358 975 filaminum
1383 937 1480 988 plexu
1497 948 1706 981 contextum,
1733 940 1770 974 δι

368 996 491 1032 vapore
504 985 614 1020 rorido
660 985 828 1034 letumque
841 999 1070 1036 praegnantem.
1092 989 1221 1036 Frigore
1231 988 1391 1031 densatur,
1407 993 1441 1024 &
1453 999 1494 1022 eo
1503 986 1602 1034 usque
1615 985 1771 1030 ascendit,

371 1033 476 1071 donec
488 1031 524 1069 fit
538 998 670 1082 aequalis
684 1047 758 1070 cum
773 1047 846 1070 aere
861 1037 1014 1084 ponderis
1025 1065 1036 1080 ,
1052 1048 1110 1072 aut
1121 1037 1204 1074 illius
1215 1039 1351 1086 agitatio
1361 1035 1495 1074 definat.
1516 1037 1564 1071 Ac
1576 1034 1664 1071 forte
1685 1034 1770 1071 hali-

374 1094 423 1118 tus
446 1081 590 1118 filamina
603 1082 742 1119 seorsum
761 1083 885 1133 sumpta
901 1084 971 1121 sunt
988 1097 1062 1121 aere
1086 1085 1232 1129 leviora·,
1249 1098 1286 1121 ut
1298 1099 1388 1135 aquae
1403 1085 1537 1135 guttulae
1559 1089 1627 1133 jam
1648 1083 1771 1133 frigore

372 1129 509 1169 densatae
521 1131 590 1168 sunt
600 1132 717 1168 eodem
729 1145 805 1168 aete
818 1133 986 1183 paululum
1001 1136 1164 1183 graviores
1177 1150 1187 1173 :
1199 1135 1251 1170 sed
1269 1135 1384 1171 halitus
1405 1146 1527 1183 vapore
1540 1132 1710 1183 permistus
1726 1133 1774 1168 ests

375 1191 460 1230 pene
473 1183 506 1215 in
525 1180 708 1228 aequilibrio
724 1195 798 1217 cum
812 1195 887 1218 aere
900 1183 1102 1219 constitutus.
1142 1184 1314 1220 Accedunt
1337 1187 1436 1220 etiam
1454 1183 1521 1219 aliae
1532 1182 1631 1219 causae
1655 1180 1772 1230 quibus

374 1227 478 1266 nubes
491 1230 566 1266 licet
576 1229 737 1267 densiores
761 1233 793 1267 in
804 1244 877 1267 aere
894 1231 1072 1269 librantur:
1084 1234 1171 1281 quod
1183 1233 1372 1282 plerumque
1383 1233 1539 1268 halitunm
1558 1231 1700 1268 filamina
1710 1242 1772 1280 pe-

378 1291 421 1315 ne
438 1276 504 1313 sola
517 1291 709 1315 remaneant
723 1292 845 1328 vapore
863 1286 928 1329 jam
940 1281 962 1318 ὲ
976 1283 1082 1317 ventis
1093 1282 1320 1318 excussb.Hinc
1331 1281 1434 1317 nubes
1448 1281 1542 1316 instar
1555 1280 1690 1316 velleris
1700 1278 1777 1315 cris.

375 1339 452 1376 pata
478 1340 615 1377 apparet
632 1357 642 1373 ,
667 1341 772 1377 eaque
796 1342 831 1365 ut
848 1329 1025 1379 plurimum
1041 1331 1150 1366 sterilis
1162 1361 1172 1375 ,
1190 1336 1223 1368 δε
1235 1332 1412 1367 candicans,
1435 1332 1517 1365 Fieri
1534 1333 1634 1365 etiam
1646 1330 1714 1379 post
1735 1340 1772 1364 ut

378 1389 513 1425 corpora
537 1379 640 1412 minus
649 1380 831 1427 gravitent,
843 1392 910 1427 quo
922 1379 1051 1429 longius
1061 1379 1080 1416 ὲ.
1092 1392 1178 1416 terra
1189 1379 1366 1416 discedunt.
1386 1381 1476 1416 Hinc
1488 1381 1542 1415 nix
1553 1383 1618 1428 jam
1631 1379 1774 1414 formata

379 1431 414 1463 &
427 1437 501 1461 aere
514 1428 662 1474 gravior,
678 1439 788 1463 tamen
804 1439 837 1464 in
848 1441 889 1463 eo
900 1428 1103 1477 suspenditur.
1134 1429 1196 1465 Sed
1212 1435 1245 1467 ὃ(
1256 1428 1390 1478 guttulae
1408 1428 1538 1476 liquidae
1549 1457 1558 1473 ‚
1579 1439 1616 1464 ut
1626 1427 1775 1464 minutis-

380 1473 449 1511 simi
467 1476 607 1522 pulveris
632 1489 731 1525 grana
750 1478 783 1512 in
792 1489 865 1512 aere
877 1478 930 1512 diu
943 1477 1092 1526 suspensae
1106 1490 1240 1514 manent
1254 1508 1263 1522 ,
1281 1491 1352 1526 quae
1365 1479 1542 1528 conjunehe
1559 1478 1664 1513 statim
1682 1477 1774 1512 deci-

381 1525 472 1560 dunt.
499 1526 592 1573 Qun
608 1530 641 1562 &
656 1537 773 1560 ventus
790 1529 846 1573 qui
863 1526 999 1562 nubium
1010 1528 1180 1575 particulas
1193 1528 1280 1564 male
1294 1528 1460 1577 colligatas
1480 1527 1594 1562 evehit
1609 1555 1620 1570 ,
1633 1525 1773 1561 sublatas

382 1585 513 1620 quoque
528 1576 660 1609 retinet.
682 1575 816 1610 Addunt
832 1575 886 1610 alii
903 1575 1017 1612 halitus
1038 1579 1095 1624 qui
1116 1578 1134 1614 ὲ
1153 1588 1238 1612 terra
1260 1587 1433 1625 erumpunt
1445 1604 1455 1618 ‚
1469 1581 1502 1613 &
1524 1574 1628 1611 nubes
1644 1572 1774 1623 pensiles

381 1621 545 1658 sustinent.
570 1624 655 1658 Non
675 1626 764 1659 enim
779 1623 865 1659 aliud
883 1625 927 1660 est
943 1624 1047 1661 nubes
1070 1638 1183 1674 praeter
1206 1625 1342 1661 halitum
1362 1629 1395 1661 in
1411 1623 1540 1660 sublimi
1566 1623 1746 1673 suspensum
1762 1651 1775 1668 ,

386 1673 441 1719 qui
451 1674 617 1718 opacitate
635 1671 687 1707 sua
707 1671 763 1707 sub
778 1674 890 1709 oculos
902 1675 1004 1710 cadit:
1023 1673 1141 1723 singula
1159 1677 1246 1710 enim
1260 1675 1345 1712 illius
1357 1673 1541 1723 corpuscula
1558 1672 1706 1709 nonnihil
1725 1672 1776 1708 lu-

387 1722 484 1756 minis
495 1720 679 1765 reflmstunv,
695 1720 784 1757 fimul
795 1723 944 1770 congesta
956 1735 1058 1758 totam
1072 1736 1221 1770 regerunt
1235 1723 1338 1759 lucem
1347 1753 1356 1767 ‚
1368 1726 1422 1758 vix
1436 1722 1533 1758 ullam
1544 1721 1774 1758 transmittunt.

389 1770 458 1816 Qi
474 1770 637 1818 Alpes,aut
652 1772 878 1818 Pyrenaeorum
889 1776 962 1820 juga
980 1763 1206 1815 consceridunt,
1220 1785 1293 1807 cum
1303 1773 1341 1806 ad
1357 1770 1460 1807 nubes
1476 1775 1670 1820 perveniunt
1686 1800 1695 1815 ‚
1708 1782 1780 1806 tum

388 1816 521 1853 densam
540 1818 697 1854 nebulam
709 1819 812 1855 subire
825 1819 880 1854 sibi
895 1821 1058 1857 videntur.
1069 1822 1121 1855 Sic
1138 1821 1192 1855 ille
1203 1825 1289 1868 cujus
1305 1820 1395 1869 supra
1410 1822 1618 1855 meminimus
1628 1849 1639 1863 ‚
1654 1833 1728 1854 cum
1744 1821 1781 1854 in

390 1868 702 1916 montisCarpaxhici
734 1868 891 1903 raecelsum
901 1873 1011 1916 jugum
1025 1869 1264 1911 conscendiffet,
1274 1869 1357 1904 infra
1367 1869 1498 1916 quidem
1509 1867 1612 1903 nubes
1623 1868 1700 1902 alias
1708 1867 1780 1903 aliis

390 1915 598 1962 depressiores
613 1881 787 1960 cernebat,
802 1916 918 1965 easque
928 1929 982 1952 vix
996 1918 1131 1952 dimidio
1142 1918 1271 1952 milliari
1283 1920 1479 1952 Germanico
1491 1916 1622 1952 altiores
1633 1914 1694 1951 effe
1703 1929 1785 1952 con.

387 1963 536 2013 ji'ciebat.
555 1965 618 1999 Sed
628 1977 699 1999 cum
714 1967 797 2001 inter
809 1964 1042 2001 ascendendum
1058 1978 1130 2001 eam
1144 1969 1224 2002 aeris
1234 1969 1401 2015 regionem
1412 1964 1592 2010 subiit‚turn
1604 1964 1781 2002 denfiffima

391 2011 510 2049 nebula
525 2013 554 2048 se
568 2012 748 2048 obductum
762 2017 932 2062 comperit.
945 2015 1046 2060 Quod
1061 2016 1196 2056 quidem
1206 2015 1401 2051 demonstrat
1419 2017 1472 2050 vix
1489 2013 1613 2051 nubem
1635 2014 1655 2050 ὲ
1671 2013 1781 2050 nebu-

392 2061 422 2097 la
440 2060 569 2097 differre
581 2091 589 2103 ,
601 2061 655 2097 nifi
668 2063 754 2110 quod
770 2062 888 2098 nebula
900 2066 1028 2112 gravior
1046 2064 1092 2099 est
1110 2070 1144 2101 ὅ(
1160 2076 1253 2100 rerrae
1263 2067 1399 2100 vicinior
1419 2077 1428 2099 t
1454 2076 1527 2099 curn
1541 2064 1669 2114 frigoris
1688 2065 1722 2099 vi
1732 2066 1781 2098 ci-

393 2112 453 2146 tius
466 2111 658 2148 concrescat.
680 2115 725 2147 Ex
741 2111 818 2147 locis
836 2111 1068 2147 humidioribus
1081 2142 1090 2157 ‚
1106 2119 1138 2151 &
1158 2113 1325 2162 paludosis,
1347 2115 1364 2150 ἰ·
1378 2111 1567 2149 fluminibus
1585 2124 1729 2160 quoque,
1743 2117 1779 2150 δε

393 2163 531 2195 maxime
543 2163 626 2195 inter
637 2161 771 2195 collium
787 2162 945 2210 angustias
957 2162 1147 2209 plerumque
1162 2163 1309 2207 assurgit,
1328 2175 1394 2198 nen
1419 2174 1485 2197 tam
1500 2162 1593 2196 radiis
1612 2160 1780 2204 solaribus,

393 2222 491 2255 quam
505 2213 652 2255 ingenito
670 2222 761 2244 terrae
778 2210 884 2245 calore
903 2210 1014 2246 effusa.
1033 2215 1119 2247 Nam
1136 2205 1281 2250 manes&
1296 2210 1426 2259 vespere
1443 2210 1552 2259 sapius
1568 2239 1578 2254 ,
1593 2209 1656 2245 sole
1679 2209 1782 2245 fervi-

394 2258 437 2292 do
453 2270 569 2293 terram
581 2271 651 2293 raro
666 2258 800 2293 obducit
814 2273 821 2294 ε
836 2259 892 2294 ubi
910 2273 1006 2294 mane
1016 2262 1142 2304 recidit,
1155 2260 1429 2297 serenumcoelum
1450 2260 1622 2306 promittit.
1640 2260 1741 2304 Qiod
1760 2255 1783 2293 fi

395 2309 483 2342 enim
495 2307 535 2342 [ο4
550 2321 614 2343 non
627 2308 731 2355 potest
751 2320 881 2343 tenuem
893 2309 984 2343 illum
1004 2321 1158 2356 vaporem
1170 2311 1323 2346 attollere
1334 2338 1343 2352 ,
1359 2310 1503 2344 nedum&
1518 2311 1597 2342 mari
1611 2338 1618 2351 ,
1632 2313 1663 2345 ἃ·
1676 2307 1782 2343 flumi-

396 2355 488 2390 nibus
498 2369 615 2403 aquam
633 2357 776 2394 eve-het:
793 2371 866 2393 cum
883 2357 996 2393 sursum
1011 2358 1170 2393 attollitur
1185 2388 1188 2391 .
1209 2359 1354 2407 pluviam
1365 2357 1513 2407 praesagit.
1531 2358 1619 2393 Nam
1632 2368 1715 2392 terra
1723 2355 1783 2391 ad-

392 2402 467 2485 hucd
477 2405 584 2459 eniens
601 2419 710 2444 novos
725 2419 861 2457 vapores
876 2407 1054 2457 suppeditat
1067 2435 1078 2453 ‚
1089 2411 1146 2457 qui
1163 2409 1295 2446 tandem
1312 2410 1345 2445 in
1361 2419 1481 2456 aquam
1502 2404 1624 2444 abeunt
1634 2433 1647 2452 ‚
1670 2418 1710 2443 ex
1719 2416 1786 2456 qua

387 2463 445 2499 pro
473 2465 549 2490 lere.
