<?xml version="1.0" encoding="UTF-8"?>
<!DOCTYPE html PUBLIC "-//W3C//DTD XHTML 1.0 Transitional//EN"
    "http://www.w3.org/TR/xhtml1/DTD/xhtml1-transitional.dtd">
<html xmlns="http://www.w3.org/1999/xhtml" xml:lang="en" lang="en">
 <head>
  <title>
</title>
<meta http-equiv="Content-Type" content="text/html;charset=utf-8" />
  <meta name='ocr-system' content='tesseract 3.04.00' />
  <meta name='ocr-capabilities' content='ocr_page ocr_carea ocr_par ocr_line ocrx_word'/>
</head>
<body>
  <div class='ocr_page' id='page_1' title='image "./philosophiavetus02duhauoft_0471.png"; bbox 0 0 1878 2724; ppageno 0'>
   <div class='ocr_carea' id='block_1_1' title="bbox 0 159 1441 2428">
    <p class='ocr_par' dir='ltr' id='par_1_1' title="bbox 0 159 1441 1847">
     <span class='ocr_line' id='line_1_1' title="bbox 59 159 1436 246; baseline -0.001 -15"><span class='ocrx_word' id='word_1_1' title='bbox 59 190 168 232; x_wconf 78' lang='lat' dir='ltr'>cantur</span> <span class='ocrx_word' id='word_1_2' title='bbox 175 213 186 241; x_wconf 80' lang='lat'>3</span> <span class='ocrx_word' id='word_1_3' title='bbox 203 194 309 244; x_wconf 78' lang='lat' dir='ltr'>plures</span> <span class='ocrx_word' id='word_1_4' title='bbox 319 197 408 233; x_wconf 87' lang='lat' dir='ltr'>velut</span> <span class='ocrx_word' id='word_1_5' title='bbox 416 195 556 232; x_wconf 85' lang='lat' dir='ltr'>fasciculi</span> <span class='ocrx_word' id='word_1_6' title='bbox 567 197 609 232; x_wconf 88' lang='lat' dir='ltr'>ab</span> <span class='ocrx_word' id='word_1_7' title='bbox 623 197 687 246; x_wconf 85' lang='lat' dir='ltr'>ipsa</span> <span class='ocrx_word' id='word_1_8' title='bbox 698 196 762 232; x_wconf 75' lang='lat' dir='ltr'>bati</span> <span class='ocrx_word' id='word_1_9' title='bbox 775 197 966 246; x_wconf 78' lang='lat' dir='ltr'>affurgentes</span> <span class='ocrx_word' id='word_1_10' title='bbox 978 197 1011 231; x_wconf 90' lang='lat' dir='ltr'>in</span> <span class='ocrx_word' id='word_1_11' title='bbox 1027 206 1139 231; x_wconf 88' lang='lat' dir='ltr'>omnes</span> <span class='ocrx_word' id='word_1_12' title='bbox 1161 159 1436 231; x_wconf 49' lang='lat' dir='ltr'>dimensionesfilf</span> 
     </span>
     <span class='ocr_line' id='line_1_2' title="bbox 14 243 1434 292; baseline 0.001 -13"><span class='ocrx_word' id='word_1_13' title='bbox 14 252 16 254; x_wconf 73' lang='grc'><strong><em>’</em></strong></span> <span class='ocrx_word' id='word_1_14' title='bbox 57 243 194 280; x_wconf 85' lang='lat' dir='ltr'>latantur</span> <span class='ocrx_word' id='word_1_15' title='bbox 203 272 214 287; x_wconf 92' lang='lat'>‚</span> <span class='ocrx_word' id='word_1_16' title='bbox 225 257 290 280; x_wconf 91' lang='lat' dir='ltr'>non</span> <span class='ocrx_word' id='word_1_17' title='bbox 304 257 341 280; x_wconf 92' lang='lat' dir='ltr'>ut</span> <span class='ocrx_word' id='word_1_18' title='bbox 350 249 384 282; x_wconf 91' lang='lat' dir='ltr'>in</span> <span class='ocrx_word' id='word_1_19' title='bbox 397 245 484 281; x_wconf 89' lang='lat' dir='ltr'>foliis</span> <span class='ocrx_word' id='word_1_20' title='bbox 498 244 650 282; x_wconf 88' lang='lat' dir='ltr'>arborum</span> <span class='ocrx_word' id='word_1_21' title='bbox 659 274 669 289; x_wconf 92' lang='lat'>,</span> <span class='ocrx_word' id='word_1_22' title='bbox 685 245 727 280; x_wconf 86' lang='lat' dir='ltr'>ab</span> <span class='ocrx_word' id='word_1_23' title='bbox 740 258 802 281; x_wconf 86' lang='lat' dir='ltr'>una</span> <span class='ocrx_word' id='word_1_24' title='bbox 810 246 928 281; x_wconf 85' lang='lat' dir='ltr'>costula</span> <span class='ocrx_word' id='word_1_25' title='bbox 941 274 950 287; x_wconf 91' lang='lat'>,</span> <span class='ocrx_word' id='word_1_26' title='bbox 961 255 1115 292; x_wconf 77' lang='lat' dir='ltr'>tanquam</span> <span class='ocrx_word' id='word_1_27' title='bbox 1124 243 1145 279; x_wconf 75' lang='grc' dir='ltr'>ὲ,</span> <span class='ocrx_word' id='word_1_28' title='bbox 1155 246 1434 288; x_wconf 74' lang='lat' dir='ltr'>carinaduciintur;</span> 
     </span>
     <span class='ocr_line' id='line_1_3' title="bbox 12 291 1433 341; baseline 0.001 -14"><span class='ocrx_word' id='word_1_29' title='bbox 12 313 14 319; x_wconf 47' lang='grc' dir='ltr'><em>ν</em></span> <span class='ocrx_word' id='word_1_30' title='bbox 58 296 144 328; x_wconf 83' lang='lat' dir='ltr'>tenui</span> <span class='ocrx_word' id='word_1_31' title='bbox 155 298 187 330; x_wconf 91' lang='lat'>&amp;</span> <span class='ocrx_word' id='word_1_32' title='bbox 197 293 354 329; x_wconf 85' lang='lat' dir='ltr'>halituoso</span> <span class='ocrx_word' id='word_1_33' title='bbox 368 294 459 330; x_wconf 89' lang='lat' dir='ltr'>succo</span> <span class='ocrx_word' id='word_1_34' title='bbox 477 305 602 330; x_wconf 88' lang='lat' dir='ltr'>tument</span> <span class='ocrx_word' id='word_1_35' title='bbox 620 309 628 331; x_wconf 72' lang='grc' dir='ltr'><strong><em>ε</em></strong></span> <span class='ocrx_word' id='word_1_36' title='bbox 649 294 722 329; x_wconf 89' lang='lat' dir='ltr'>hinc</span> <span class='ocrx_word' id='word_1_37' title='bbox 736 294 852 329; x_wconf 88' lang='lat' dir='ltr'>humor</span> <span class='ocrx_word' id='word_1_38' title='bbox 861 294 985 330; x_wconf 61' lang='lat' dir='ltr'>ductilis</span> <span class='ocrx_word' id='word_1_39' title='bbox 999 299 1033 330; x_wconf 72' lang='grc' dir='ltr'>ὃ(</span> <span class='ocrx_word' id='word_1_40' title='bbox 1046 292 1201 341; x_wconf 81' lang='lat' dir='ltr'>benignus</span> <span class='ocrx_word' id='word_1_41' title='bbox 1214 292 1314 328; x_wconf 88' lang='lat' dir='ltr'>nullas</span> <span class='ocrx_word' id='word_1_42' title='bbox 1332 291 1433 328; x_wconf 87' lang='lat' dir='ltr'>efficit</span> 
     </span>
     <span class='ocr_line' id='line_1_4' title="bbox 55 340 1435 392; baseline -0.002 -13"><span class='ocrx_word' id='word_1_43' title='bbox 55 340 255 379; x_wconf 71' lang='lat' dir='ltr'>incisuraan</span> <span class='ocrx_word' id='word_1_44' title='bbox 266 343 377 378; x_wconf 88' lang='lat' dir='ltr'>medio</span> <span class='ocrx_word' id='word_1_45' title='bbox 389 344 559 378; x_wconf 84' lang='lat' dir='ltr'>staminum</span> <span class='ocrx_word' id='word_1_46' title='bbox 572 343 615 377; x_wconf 92' lang='lat' dir='ltr'>est</span> <span class='ocrx_word' id='word_1_47' title='bbox 625 343 890 392; x_wconf 75' lang='lat' dir='ltr'>stylu5,tanquam</span> <span class='ocrx_word' id='word_1_48' title='bbox 899 341 1131 389; x_wconf 71' lang='lat' dir='ltr'>evanum-,pilis</span> <span class='ocrx_word' id='word_1_49' title='bbox 1142 341 1332 389; x_wconf 87' lang='lat' dir='ltr'>plerumque</span> <span class='ocrx_word' id='word_1_50' title='bbox 1341 354 1435 377; x_wconf 85' lang='lat' dir='ltr'>orna-</span> 
     </span>
     <span class='ocr_line' id='line_1_5' title="bbox 58 387 1434 439; baseline 0.002 -16"><span class='ocrx_word' id='word_1_51' title='bbox 58 392 177 437; x_wconf 78' lang='lat' dir='ltr'>tur‚qui</span> <span class='ocrx_word' id='word_1_52' title='bbox 187 387 380 438; x_wconf 79' lang='lat' dir='ltr'>glutinosum</span> <span class='ocrx_word' id='word_1_53' title='bbox 391 390 836 439; x_wconf 77' lang='lat' dir='ltr'>liquorem‚&amp;terebynthinae</span> <span class='ocrx_word' id='word_1_54' title='bbox 845 389 1099 427; x_wconf 85' lang='lat' dir='ltr'>nondiffimilem</span> <span class='ocrx_word' id='word_1_55' title='bbox 1108 391 1272 425; x_wconf 87' lang='lat' dir='ltr'>interdum</span> <span class='ocrx_word' id='word_1_56' title='bbox 1281 390 1434 437; x_wconf 74' lang='lat' dir='ltr'>praebent,</span> 
     </span>
     <span class='ocr_line' id='line_1_6' title="bbox 0 437 1436 487; baseline 0.001 -15"><span class='ocrx_word' id='word_1_57' title='bbox 0 462 2 468; x_wconf 86' lang='lat'><em>.</em></span> <span class='ocrx_word' id='word_1_58' title='bbox 56 447 210 485; x_wconf 74' lang='lat' dir='ltr'>tanquam</span> <span class='ocrx_word' id='word_1_59' title='bbox 222 438 310 474; x_wconf 85' lang='lat' dir='ltr'>utilis</span> <span class='ocrx_word' id='word_1_60' title='bbox 326 440 406 475; x_wconf 85' lang='lat' dir='ltr'>succi</span> <span class='ocrx_word' id='word_1_61' title='bbox 420 450 662 475; x_wconf 84' lang='lat' dir='ltr'>excrementum</span> <span class='ocrx_word' id='word_1_62' title='bbox 671 469 681 483; x_wconf 86' lang='lat'><em>,</em></span> <span class='ocrx_word' id='word_1_63' title='bbox 699 438 786 486; x_wconf 89' lang='lat' dir='ltr'>isque</span> <span class='ocrx_word' id='word_1_64' title='bbox 795 439 901 487; x_wconf 90' lang='lat' dir='ltr'>liquor</span> <span class='ocrx_word' id='word_1_65' title='bbox 911 437 1181 487; x_wconf 26' lang='lat' dir='ltr'>*insectaingreffii</span> <span class='ocrx_word' id='word_1_66' title='bbox 1192 438 1356 486; x_wconf 86' lang='lat' dir='ltr'>prohibet.</span> <span class='ocrx_word' id='word_1_67' title='bbox 1386 442 1436 474; x_wconf 83' lang='lat' dir='ltr'>Ac</span> 
     </span>
     <span class='ocr_line' id='line_1_7' title="bbox 0 485 1434 536; baseline 0.001 -15"><span class='ocrx_word' id='word_1_68' title='bbox 0 488 9 517; x_wconf 52' lang='lat' dir='ltr'>h</span> <span class='ocrx_word' id='word_1_69' title='bbox 53 485 139 523; x_wconf 69' lang='lat' dir='ltr'>forte</span> <span class='ocrx_word' id='word_1_70' title='bbox 149 486 201 522; x_wconf 86' lang='lat' dir='ltr'>hic</span> <span class='ocrx_word' id='word_1_71' title='bbox 217 499 348 536; x_wconf 87' lang='lat' dir='ltr'>quoque</span> <span class='ocrx_word' id='word_1_72' title='bbox 361 489 405 524; x_wconf 86' lang='lat' dir='ltr'>est</span> <span class='ocrx_word' id='word_1_73' title='bbox 415 488 484 524; x_wconf 89' lang='lat' dir='ltr'>usus</span> <span class='ocrx_word' id='word_1_74' title='bbox 497 488 653 523; x_wconf 81' lang='lat' dir='ltr'>foliorum</span> <span class='ocrx_word' id='word_1_75' title='bbox 671 499 707 523; x_wconf 90' lang='lat' dir='ltr'>ut</span> <span class='ocrx_word' id='word_1_76' title='bbox 720 487 846 523; x_wconf 89' lang='lat' dir='ltr'>succum</span> <span class='ocrx_word' id='word_1_77' title='bbox 861 497 1045 535; x_wconf 87' lang='lat' dir='ltr'>excoquant</span> <span class='ocrx_word' id='word_1_78' title='bbox 1055 486 1138 531; x_wconf 88' lang='lat' dir='ltr'>‚-vel</span> <span class='ocrx_word' id='word_1_79' title='bbox 1156 486 1306 522; x_wconf 85' lang='lat' dir='ltr'>inutilem</span> <span class='ocrx_word' id='word_1_80' title='bbox 1321 499 1434 536; x_wconf 85' lang='lat' dir='ltr'>exput-</span> 
     </span>
     <span class='ocr_line' id='line_1_8' title="bbox 0 535 1435 585; baseline 0.001 -16"><span class='ocrx_word' id='word_1_81' title='bbox 0 548 9 579; x_wconf 62' lang='grc' dir='ltr'>ς,</span> <span class='ocrx_word' id='word_1_82' title='bbox 41 545 131 584; x_wconf 65' lang='lat' dir='ltr'>‚gent</span> <span class='ocrx_word' id='word_1_83' title='bbox 143 548 150 570; x_wconf 94' lang='lat'><strong>:</strong></span> <span class='ocrx_word' id='word_1_84' title='bbox 162 539 211 570; x_wconf 88' lang='lat' dir='ltr'>cui</span> <span class='ocrx_word' id='word_1_85' title='bbox 222 535 288 571; x_wconf 87' lang='lat' dir='ltr'>usui</span> <span class='ocrx_word' id='word_1_86' title='bbox 304 537 400 572; x_wconf 85' lang='lat' dir='ltr'>multa</span> <span class='ocrx_word' id='word_1_87' title='bbox 419 536 592 572; x_wconf 90' lang='lat' dir='ltr'>inserviunt</span> <span class='ocrx_word' id='word_1_88' title='bbox 603 564 612 579; x_wconf 89' lang='lat'>,</span> <span class='ocrx_word' id='word_1_89' title='bbox 625 536 757 585; x_wconf 86' lang='lat' dir='ltr'>capsulae</span> <span class='ocrx_word' id='word_1_90' title='bbox 770 535 1036 585; x_wconf 81' lang='lat' dir='ltr'>terebynthinam</span> <span class='ocrx_word' id='word_1_91' title='bbox 1045 535 1218 571; x_wconf 89' lang='lat' dir='ltr'>fundentes</span> <span class='ocrx_word' id='word_1_92' title='bbox 1231 564 1240 579; x_wconf 89' lang='lat'>‚</span> <span class='ocrx_word' id='word_1_93' title='bbox 1254 535 1365 584; x_wconf 82' lang='lat' dir='ltr'>fungi,</span> <span class='ocrx_word' id='word_1_94' title='bbox 1377 538 1435 571; x_wconf 69' lang='lat' dir='ltr'>sta-</span> 
     </span>
     <span class='ocr_line' id='line_1_9' title="bbox 54 582 1435 634; baseline 0.002 -17"><span class='ocrx_word' id='word_1_95' title='bbox 54 585 142 618; x_wconf 84' lang='lat' dir='ltr'>mina</span> <span class='ocrx_word' id='word_1_96' title='bbox 159 583 239 633; x_wconf 83' lang='lat' dir='ltr'>ipsa,</span> <span class='ocrx_word' id='word_1_97' title='bbox 250 582 319 632; x_wconf 74' lang='lat' dir='ltr'>quie</span> <span class='ocrx_word' id='word_1_98' title='bbox 328 582 439 622; x_wconf 82' lang='lat' dir='ltr'>omnia</span> <span class='ocrx_word' id='word_1_99' title='bbox 447 584 572 620; x_wconf 86' lang='lat' dir='ltr'>succum</span> <span class='ocrx_word' id='word_1_100' title='bbox 583 583 740 620; x_wconf 86' lang='lat' dir='ltr'>seminum</span> <span class='ocrx_word' id='word_1_101' title='bbox 749 587 953 634; x_wconf 85' lang='lat' dir='ltr'>generationi</span> <span class='ocrx_word' id='word_1_102' title='bbox 964 586 1066 619; x_wconf 82' lang='lat' dir='ltr'>minus</span> <span class='ocrx_word' id='word_1_103' title='bbox 1082 584 1237 619; x_wconf 84' lang='lat' dir='ltr'>idoneum</span> <span class='ocrx_word' id='word_1_104' title='bbox 1255 584 1435 620; x_wconf 84' lang='lat' dir='ltr'>eliminant.</span> 
     </span>
     <span class='ocr_line' id='line_1_10' title="bbox 0 631 1436 677; baseline -0.001 -9"><span class='ocrx_word' id='word_1_105' title='bbox 0 635 1 644; x_wconf 64' lang='lat'>¹</span> <span class='ocrx_word' id='word_1_106' title='bbox 53 632 151 668; x_wconf 84' lang='lat' dir='ltr'>Unde</span> <span class='ocrx_word' id='word_1_107' title='bbox 160 645 234 668; x_wconf 87' lang='lat' dir='ltr'>cum</span> <span class='ocrx_word' id='word_1_108' title='bbox 243 632 348 670; x_wconf 88' lang='lat' dir='ltr'>succus</span> <span class='ocrx_word' id='word_1_109' title='bbox 361 635 407 669; x_wconf 82' lang='lat' dir='ltr'>est</span> <span class='ocrx_word' id='word_1_110' title='bbox 423 635 550 669; x_wconf 88' lang='lat' dir='ltr'>crudior</span> <span class='ocrx_word' id='word_1_111' title='bbox 561 662 571 677; x_wconf 89' lang='lat'>‚</span> <span class='ocrx_word' id='word_1_112' title='bbox 582 636 615 669; x_wconf 90' lang='lat' dir='ltr'>in</span> <span class='ocrx_word' id='word_1_113' title='bbox 627 632 743 668; x_wconf 86' lang='lat' dir='ltr'>florem</span> <span class='ocrx_word' id='word_1_114' title='bbox 754 647 822 670; x_wconf 91' lang='lat' dir='ltr'>non</span> <span class='ocrx_word' id='word_1_115' title='bbox 836 632 906 668; x_wconf 88' lang='lat' dir='ltr'>abit</span> <span class='ocrx_word' id='word_1_116' title='bbox 918 646 926 669; x_wconf 91' lang='lat'><strong>:</strong></span> <span class='ocrx_word' id='word_1_117' title='bbox 941 645 1014 668; x_wconf 89' lang='lat' dir='ltr'>cum</span> <span class='ocrx_word' id='word_1_118' title='bbox 1023 632 1138 668; x_wconf 84' lang='lat' dir='ltr'>florum</span> <span class='ocrx_word' id='word_1_119' title='bbox 1148 631 1229 667; x_wconf 88' lang='lat' dir='ltr'>folia</span> <span class='ocrx_word' id='word_1_120' title='bbox 1238 634 1332 668; x_wconf 86' lang='lat' dir='ltr'>nimis</span> <span class='ocrx_word' id='word_1_121' title='bbox 1342 632 1436 669; x_wconf 85' lang='lat' dir='ltr'>luxu-</span> 
     </span>
     <span class='ocr_line' id='line_1_11' title="bbox 55 680 1153 730; baseline 0.005 -16"><span class='ocrx_word' id='word_1_122' title='bbox 55 682 138 715; x_wconf 86' lang='lat' dir='ltr'>riant</span> <span class='ocrx_word' id='word_1_123' title='bbox 151 709 161 724; x_wconf 94' lang='lat'>‚</span> <span class='ocrx_word' id='word_1_124' title='bbox 180 693 248 717; x_wconf 92' lang='lat' dir='ltr'>tum</span> <span class='ocrx_word' id='word_1_125' title='bbox 263 694 318 717; x_wconf 89' lang='lat' dir='ltr'>aut</span> <span class='ocrx_word' id='word_1_126' title='bbox 332 683 433 718; x_wconf 88' lang='lat' dir='ltr'>nullus</span> <span class='ocrx_word' id='word_1_127' title='bbox 445 683 488 717; x_wconf 87' lang='lat' dir='ltr'>est</span> <span class='ocrx_word' id='word_1_128' title='bbox 497 694 604 717; x_wconf 89' lang='lat' dir='ltr'>uterus</span> <span class='ocrx_word' id='word_1_129' title='bbox 617 709 627 724; x_wconf 90' lang='lat'>,</span> <span class='ocrx_word' id='word_1_130' title='bbox 649 682 701 717; x_wconf 89' lang='lat' dir='ltr'>seu</span> <span class='ocrx_word' id='word_1_131' title='bbox 717 682 812 730; x_wconf 86' lang='lat' dir='ltr'>stylus</span> <span class='ocrx_word' id='word_1_132' title='bbox 823 711 833 726; x_wconf 90' lang='lat'>‚</span> <span class='ocrx_word' id='word_1_133' title='bbox 845 693 902 718; x_wconf 88' lang='lat' dir='ltr'>aut</span> <span class='ocrx_word' id='word_1_134' title='bbox 911 681 1018 717; x_wconf 87' lang='lat' dir='ltr'>semen</span> <span class='ocrx_word' id='word_1_135' title='bbox 1033 680 1153 719; x_wconf 85' lang='lat' dir='ltr'>deficit.</span> 
     </span>
     <span class='ocr_line' id='line_1_12' title="bbox 1 728 1435 780; baseline 0 -17"><span class='ocrx_word' id='word_1_136' title='bbox 1 767 3 775; x_wconf 35' lang='grc' dir='ltr'>Ι</span> <span class='ocrx_word' id='word_1_137' title='bbox 76 731 195 776; x_wconf 63' lang='lat' dir='ltr'>‘Itaque</span> <span class='ocrx_word' id='word_1_138' title='bbox 208 742 281 766; x_wconf 90' lang='lat' dir='ltr'>cum</span> <span class='ocrx_word' id='word_1_139' title='bbox 289 729 381 766; x_wconf 75' lang='lat' dir='ltr'>floris</span> <span class='ocrx_word' id='word_1_140' title='bbox 397 731 476 767; x_wconf 89' lang='lat' dir='ltr'>folia</span> <span class='ocrx_word' id='word_1_141' title='bbox 487 737 521 768; x_wconf 88' lang='lat'>&amp;</span> <span class='ocrx_word' id='word_1_142' title='bbox 530 731 663 767; x_wconf 83' lang='lat' dir='ltr'>stamina</span> <span class='ocrx_word' id='word_1_143' title='bbox 674 731 827 766; x_wconf 88' lang='lat' dir='ltr'>decidunt</span> <span class='ocrx_word' id='word_1_144' title='bbox 837 760 846 774; x_wconf 88' lang='lat'>‚</span> <span class='ocrx_word' id='word_1_145' title='bbox 863 730 935 780; x_wconf 84' lang='lat' dir='ltr'>styli</span> <span class='ocrx_word' id='word_1_146' title='bbox 966 742 1013 765; x_wconf 87' lang='lat' dir='ltr'>ars</span> <span class='ocrx_word' id='word_1_147' title='bbox 1026 729 1160 765; x_wconf 84' lang='lat' dir='ltr'>inferior</span> <span class='ocrx_word' id='word_1_148' title='bbox 1171 758 1181 773; x_wconf 87' lang='lat'>‚</span> <span class='ocrx_word' id='word_1_149' title='bbox 1199 728 1251 764; x_wconf 89' lang='lat' dir='ltr'>seu</span> <span class='ocrx_word' id='word_1_150' title='bbox 1264 739 1370 764; x_wconf 87' lang='lat' dir='ltr'>uterus</span> <span class='ocrx_word' id='word_1_151' title='bbox 1386 731 1435 764; x_wconf 85' lang='lat' dir='ltr'>in-</span> 
     </span>
     <span class='ocr_line' id='line_1_13' title="bbox 51 743 1436 829; baseline 0.001 -17"><span class='ocrx_word' id='word_1_152' title='bbox 51 777 198 814; x_wconf 85' lang='lat' dir='ltr'>tumescit</span> <span class='ocrx_word' id='word_1_153' title='bbox 214 795 224 822; x_wconf 90' lang='lat'>;</span> <span class='ocrx_word' id='word_1_154' title='bbox 247 781 378 815; x_wconf 90' lang='lat' dir='ltr'>interim</span> <span class='ocrx_word' id='word_1_155' title='bbox 392 793 462 829; x_wconf 86' lang='lat' dir='ltr'>pars</span> <span class='ocrx_word' id='word_1_156' title='bbox 476 779 563 815; x_wconf 90' lang='lat' dir='ltr'>illius</span> <span class='ocrx_word' id='word_1_157' title='bbox 572 779 733 828; x_wconf 86' lang='lat' dir='ltr'>superior,</span> <span class='ocrx_word' id='word_1_158' title='bbox 755 785 789 816; x_wconf 93' lang='lat'>&amp;</span> <span class='ocrx_word' id='word_1_159' title='bbox 807 779 891 828; x_wconf 82' lang='lat' dir='ltr'>quasi</span> <span class='ocrx_word' id='word_1_160' title='bbox 911 743 1006 822; x_wconf 53' lang='lat' dir='ltr'>tuga,</span> <span class='ocrx_word' id='word_1_161' title='bbox 1021 790 1079 813; x_wconf 85' lang='lat' dir='ltr'>aut</span> <span class='ocrx_word' id='word_1_162' title='bbox 1100 777 1341 813; x_wconf 87' lang='lat' dir='ltr'>infundibulum</span> <span class='ocrx_word' id='word_1_163' title='bbox 1357 790 1436 826; x_wconf 80' lang='lat' dir='ltr'>pau-</span> 
     </span>
     <span class='ocr_line' id='line_1_14' title="bbox 0 825 1436 877; baseline 0.001 -17"><span class='ocrx_word' id='word_1_164' title='bbox 0 830 1 836; x_wconf 60' lang='lat'><em>*</em></span> <span class='ocrx_word' id='word_1_165' title='bbox 51 825 143 861; x_wconf 89' lang='lat' dir='ltr'>latim</span> <span class='ocrx_word' id='word_1_166' title='bbox 158 825 426 876; x_wconf 75' lang='lat' dir='ltr'>marcescitzidque</span> <span class='ocrx_word' id='word_1_167' title='bbox 436 831 469 865; x_wconf 90' lang='lat' dir='ltr'>in</span> <span class='ocrx_word' id='word_1_168' title='bbox 478 831 569 865; x_wconf 86' lang='lat' dir='ltr'>omni</span> <span class='ocrx_word' id='word_1_169' title='bbox 583 840 665 876; x_wconf 90' lang='lat' dir='ltr'>pene</span> <span class='ocrx_word' id='word_1_170' title='bbox 682 828 840 864; x_wconf 88' lang='lat' dir='ltr'>seminum</span> <span class='ocrx_word' id='word_1_171' title='bbox 853 839 972 877; x_wconf 84' lang='lat' dir='ltr'>genere</span> <span class='ocrx_word' id='word_1_172' title='bbox 981 825 1265 863; x_wconf 35' lang='lat' dir='ltr'>cernitur-*Verum</span> <span class='ocrx_word' id='word_1_173' title='bbox 1276 827 1309 861; x_wconf 90' lang='lat' dir='ltr'>id</span> <span class='ocrx_word' id='word_1_174' title='bbox 1326 838 1436 861; x_wconf 87' lang='lat' dir='ltr'>exem-</span> 
     </span>
     <span class='ocr_line' id='line_1_15' title="bbox 50 873 1435 925; baseline 0 -16"><span class='ocrx_word' id='word_1_175' title='bbox 50 873 108 922; x_wconf 88' lang='lat' dir='ltr'>plo</span> <span class='ocrx_word' id='word_1_176' title='bbox 120 903 131 919; x_wconf 90' lang='lat'>,</span> <span class='ocrx_word' id='word_1_177' title='bbox 151 877 241 923; x_wconf 88' lang='lat' dir='ltr'>quod</span> <span class='ocrx_word' id='word_1_178' title='bbox 258 876 398 925; x_wconf 74' lang='lat' dir='ltr'>primum</span> <span class='ocrx_word' id='word_1_179' title='bbox 418 876 553 912; x_wconf 81' lang='lat' dir='ltr'><strong>adhibet</strong></span> <span class='ocrx_word' id='word_1_180' title='bbox 565 877 763 925; x_wconf 85' lang='lat' dir='ltr'>Malpighius</span> <span class='ocrx_word' id='word_1_181' title='bbox 776 905 786 919; x_wconf 86' lang='lat'>,</span> <span class='ocrx_word' id='word_1_182' title='bbox 805 889 924 925; x_wconf 84' lang='lat' dir='ltr'>nempe</span> <span class='ocrx_word' id='word_1_183' title='bbox 934 875 1114 925; x_wconf 75' lang='lat' dir='ltr'>amygdali,</span> <span class='ocrx_word' id='word_1_184' title='bbox 1131 875 1350 910; x_wconf 87' lang='lat' dir='ltr'>demonstrare</span> <span class='ocrx_word' id='word_1_185' title='bbox 1364 874 1435 909; x_wconf 84' lang='lat' dir='ltr'>satis</span> 
     </span>
     <span class='ocr_line' id='line_1_16' title="bbox 0 921 1434 972; baseline 0.001 -15"><span class='ocrx_word' id='word_1_186' title='bbox 0 922 2 949; x_wconf 57' lang='grc' dir='ltr'><em>ἕ</em></span> <span class='ocrx_word' id='word_1_187' title='bbox 51 921 160 960; x_wconf 86' lang='lat' dir='ltr'>fuerit.</span> <span class='ocrx_word' id='word_1_188' title='bbox 177 925 402 961; x_wconf 83' lang='lat' dir='ltr'>Utericavitas</span> <span class='ocrx_word' id='word_1_189' title='bbox 414 938 509 961; x_wconf 82' lang='lat' dir='ltr'>unam</span> <span class='ocrx_word' id='word_1_190' title='bbox 520 937 576 960; x_wconf 89' lang='lat' dir='ltr'>aut</span> <span class='ocrx_word' id='word_1_191' title='bbox 585 923 901 961; x_wconf 81' lang='lat' dir='ltr'>alteramveficulam</span> <span class='ocrx_word' id='word_1_192' title='bbox 920 925 1072 960; x_wconf 87' lang='lat' dir='ltr'>includit:</span> <span class='ocrx_word' id='word_1_193' title='bbox 1088 936 1224 972; x_wconf 89' lang='lat' dir='ltr'>utraque</span> <span class='ocrx_word' id='word_1_194' title='bbox 1234 922 1434 959; x_wconf 90' lang='lat' dir='ltr'>sacculumin</span> 
     </span>
     <span class='ocr_line' id='line_1_17' title="bbox 50 971 1433 1022; baseline 0 -16"><span class='ocrx_word' id='word_1_195' title='bbox 50 972 160 1007; x_wconf 85' lang='lat' dir='ltr'>medio</span> <span class='ocrx_word' id='word_1_196' title='bbox 171 973 256 1021; x_wconf 83' lang='lat' dir='ltr'>quafi</span> <span class='ocrx_word' id='word_1_197' title='bbox 272 974 560 1022; x_wconf 86' lang='lat' dir='ltr'>colliquamentum</span> <span class='ocrx_word' id='word_1_198' title='bbox 575 977 613 1009; x_wconf 79' lang='lat' dir='ltr'>in</span> <span class='ocrx_word' id='word_1_199' title='bbox 620 987 686 1010; x_wconf 90' lang='lat' dir='ltr'>ovo</span> <span class='ocrx_word' id='word_1_200' title='bbox 696 975 862 1010; x_wconf 86' lang='lat' dir='ltr'>continet:</span> <span class='ocrx_word' id='word_1_201' title='bbox 877 977 1015 1009; x_wconf 76' lang='lat' dir='ltr'>exterior</span> <span class='ocrx_word' id='word_1_202' title='bbox 1028 975 1111 1008; x_wconf 86' lang='lat' dir='ltr'>uteri</span> <span class='ocrx_word' id='word_1_203' title='bbox 1125 971 1315 1008; x_wconf 86' lang='lat' dir='ltr'>membrana</span> <span class='ocrx_word' id='word_1_204' title='bbox 1327 974 1433 1008; x_wconf 88' lang='lat' dir='ltr'>omnis</span> 
     </span>
     <span class='ocr_line' id='line_1_18' title="bbox 49 1019 1434 1071; baseline 0 -16"><span class='ocrx_word' id='word_1_205' title='bbox 49 1023 177 1068; x_wconf 88' lang='lat' dir='ltr'>generis</span> <span class='ocrx_word' id='word_1_206' title='bbox 188 1021 286 1058; x_wconf 71' lang='lat' dir='ltr'>vasaa</span> <span class='ocrx_word' id='word_1_207' title='bbox 298 1022 481 1071; x_wconf 80' lang='lat' dir='ltr'>pedunculo</span> <span class='ocrx_word' id='word_1_208' title='bbox 497 1025 633 1071; x_wconf 86' lang='lat' dir='ltr'>excipit,</span> <span class='ocrx_word' id='word_1_209' title='bbox 652 1023 725 1071; x_wconf 85' lang='lat' dir='ltr'>pilis</span> <span class='ocrx_word' id='word_1_210' title='bbox 742 1027 775 1059; x_wconf 70' lang='grc' dir='ltr'>δε</span> <span class='ocrx_word' id='word_1_211' title='bbox 789 1023 907 1057; x_wconf 83' lang='lat' dir='ltr'>aculeis</span> <span class='ocrx_word' id='word_1_212' title='bbox 917 1025 1056 1058; x_wconf 87' lang='lat' dir='ltr'>munitur</span> <span class='ocrx_word' id='word_1_213' title='bbox 1066 1050 1076 1065; x_wconf 94' lang='lat'>‚</span> <span class='ocrx_word' id='word_1_214' title='bbox 1094 1033 1132 1056; x_wconf 91' lang='lat' dir='ltr'>ac</span> <span class='ocrx_word' id='word_1_215' title='bbox 1142 1020 1234 1056; x_wconf 81' lang='lat' dir='ltr'>brevi</span> <span class='ocrx_word' id='word_1_216' title='bbox 1247 1019 1315 1055; x_wconf 88' lang='lat' dir='ltr'>abit</span> <span class='ocrx_word' id='word_1_217' title='bbox 1328 1023 1362 1056; x_wconf 92' lang='lat' dir='ltr'>in</span> <span class='ocrx_word' id='word_1_218' title='bbox 1381 1033 1434 1056; x_wconf 89' lang='lat' dir='ltr'>te-</span> 
     </span>
     <span class='ocr_line' id='line_1_19' title="bbox 71 1068 1433 1119; baseline 0 -16"><span class='ocrx_word' id='word_1_219' title='bbox 71 1081 167 1104; x_wconf 86' lang='lat' dir='ltr'>umen</span> <span class='ocrx_word' id='word_1_220' title='bbox 178 1069 298 1105; x_wconf 81' lang='lat' dir='ltr'>offeum</span> <span class='ocrx_word' id='word_1_221' title='bbox 308 1077 341 1108; x_wconf 73' lang='grc' dir='ltr'>δε</span> <span class='ocrx_word' id='word_1_222' title='bbox 377 1073 564 1119; x_wconf 82' lang='lat' dir='ltr'>cricarpium</span> <span class='ocrx_word' id='word_1_223' title='bbox 573 1100 584 1114; x_wconf 90' lang='lat'>‚</span> <span class='ocrx_word' id='word_1_224' title='bbox 600 1069 654 1106; x_wconf 89' lang='lat' dir='ltr'>seu</span> <span class='ocrx_word' id='word_1_225' title='bbox 666 1074 700 1106; x_wconf 89' lang='lat' dir='ltr'>in</span> <span class='ocrx_word' id='word_1_226' title='bbox 710 1071 830 1105; x_wconf 63' lang='lat' dir='ltr'>frutstus</span> <span class='ocrx_word' id='word_1_227' title='bbox 843 1082 969 1119; x_wconf 88' lang='lat' dir='ltr'>partem</span> <span class='ocrx_word' id='word_1_228' title='bbox 983 1073 1148 1106; x_wconf 84' lang='lat' dir='ltr'>extimam.</span> <span class='ocrx_word' id='word_1_229' title='bbox 1169 1072 1301 1104; x_wconf 83' lang='lat' dir='ltr'>Interim</span> <span class='ocrx_word' id='word_1_230' title='bbox 1317 1068 1433 1104; x_wconf 85' lang='lat' dir='ltr'>sacculi</span> 
     </span>
     <span class='ocr_line' id='line_1_20' title="bbox 48 1081 1441 1168; baseline -0.001 -16"><span class='ocrx_word' id='word_1_231' title='bbox 48 1081 143 1152; x_wconf 52' lang='lat' dir='ltr'>succo</span> <span class='ocrx_word' id='word_1_232' title='bbox 149 1123 216 1166; x_wconf 84' lang='lat' dir='ltr'>jam</span> <span class='ocrx_word' id='word_1_233' title='bbox 226 1130 340 1155; x_wconf 90' lang='lat' dir='ltr'>concre</span> <span class='ocrx_word' id='word_1_234' title='bbox 356 1131 449 1154; x_wconf 89' lang='lat' dir='ltr'>cente</span> <span class='ocrx_word' id='word_1_235' title='bbox 460 1119 643 1168; x_wconf 86' lang='lat' dir='ltr'>replentur:</span> <span class='ocrx_word' id='word_1_236' title='bbox 659 1131 698 1153; x_wconf 74' lang='lat' dir='ltr'>ex</span> <span class='ocrx_word' id='word_1_237' title='bbox 712 1119 822 1154; x_wconf 89' lang='lat' dir='ltr'>medio</span> <span class='ocrx_word' id='word_1_238' title='bbox 837 1118 985 1166; x_wconf 58' lang='lat' dir='ltr'>cuiusque</span> <span class='ocrx_word' id='word_1_239' title='bbox 1007 1121 1147 1165; x_wconf 82' lang='lat' dir='ltr'>erumpit</span> <span class='ocrx_word' id='word_1_240' title='bbox 1164 1129 1220 1153; x_wconf 86' lang='lat' dir='ltr'>vas</span> <span class='ocrx_word' id='word_1_241' title='bbox 1232 1116 1441 1161; x_wconf 54' lang='lat' dir='ltr'>umbilicale,</span> 
     </span>
     <span class='ocr_line' id='line_1_21' title="bbox 49 1165 1431 1217; baseline -0.001 -15"><span class='ocrx_word' id='word_1_242' title='bbox 49 1171 85 1202; x_wconf 88' lang='lat'>&amp;</span> <span class='ocrx_word' id='word_1_243' title='bbox 103 1165 204 1201; x_wconf 82' lang='lat' dir='ltr'>foetus</span> <span class='ocrx_word' id='word_1_244' title='bbox 223 1179 264 1202; x_wconf 90' lang='lat' dir='ltr'>eo</span> <span class='ocrx_word' id='word_1_245' title='bbox 289 1180 372 1217; x_wconf 86' lang='lat' dir='ltr'>pene</span> <span class='ocrx_word' id='word_1_246' title='bbox 393 1169 493 1204; x_wconf 89' lang='lat' dir='ltr'>modo</span> <span class='ocrx_word' id='word_1_247' title='bbox 509 1168 668 1203; x_wconf 88' lang='lat' dir='ltr'>formatur</span> <span class='ocrx_word' id='word_1_248' title='bbox 682 1197 691 1211; x_wconf 89' lang='lat'>‚</span> <span class='ocrx_word' id='word_1_249' title='bbox 711 1181 778 1216; x_wconf 87' lang='lat' dir='ltr'>quo</span> <span class='ocrx_word' id='word_1_250' title='bbox 795 1167 898 1216; x_wconf 86' lang='lat' dir='ltr'>pullus</span> <span class='ocrx_word' id='word_1_251' title='bbox 916 1170 948 1202; x_wconf 91' lang='lat' dir='ltr'>in</span> <span class='ocrx_word' id='word_1_252' title='bbox 974 1180 1052 1202; x_wconf 89' lang='lat' dir='ltr'>ovo.</span> <span class='ocrx_word' id='word_1_253' title='bbox 1079 1167 1131 1202; x_wconf 86' lang='lat' dir='ltr'>Est</span> <span class='ocrx_word' id='word_1_254' title='bbox 1145 1168 1232 1201; x_wconf 87' lang='lat' dir='ltr'>enirn</span> <span class='ocrx_word' id='word_1_255' title='bbox 1244 1177 1279 1201; x_wconf 88' lang='lat' dir='ltr'>ut</span> <span class='ocrx_word' id='word_1_256' title='bbox 1298 1169 1332 1201; x_wconf 86' lang='lat' dir='ltr'>in</span> <span class='ocrx_word' id='word_1_257' title='bbox 1348 1166 1431 1215; x_wconf 88' lang='lat' dir='ltr'>pulli</span> 
     </span>
     <span class='ocr_line' id='line_1_22' title="bbox 48 1213 1431 1264; baseline -0.001 -16"><span class='ocrx_word' id='word_1_258' title='bbox 48 1213 246 1250; x_wconf 85' lang='lat' dir='ltr'>formatione</span> <span class='ocrx_word' id='word_1_259' title='bbox 255 1215 426 1252; x_wconf 84' lang='lat' dir='ltr'>umbilicus</span> <span class='ocrx_word' id='word_1_260' title='bbox 438 1245 448 1260; x_wconf 90' lang='lat'><strong>,</strong></span> <span class='ocrx_word' id='word_1_261' title='bbox 463 1215 550 1264; x_wconf 89' lang='lat' dir='ltr'>isque</span> <span class='ocrx_word' id='word_1_262' title='bbox 564 1216 746 1264; x_wconf 72' lang='lat' dir='ltr'>perforatus</span> <span class='ocrx_word' id='word_1_263' title='bbox 757 1242 775 1260; x_wconf 47' lang='lat'>,‚</span> <span class='ocrx_word' id='word_1_264' title='bbox 785 1219 840 1264; x_wconf 92' lang='lat' dir='ltr'>qui</span> <span class='ocrx_word' id='word_1_265' title='bbox 851 1218 883 1251; x_wconf 90' lang='lat' dir='ltr'>in</span> <span class='ocrx_word' id='word_1_266' title='bbox 895 1227 986 1264; x_wconf 80' lang='lat' dir='ltr'>parte</span> <span class='ocrx_word' id='word_1_267' title='bbox 998 1227 1141 1251; x_wconf 75' lang='lat' dir='ltr'>extrema</span> <span class='ocrx_word' id='word_1_268' title='bbox 1150 1215 1348 1257; x_wconf 83' lang='lat' dir='ltr'>dilatatur,&amp;</span> <span class='ocrx_word' id='word_1_269' title='bbox 1361 1227 1431 1250; x_wconf 84' lang='lat' dir='ltr'>am-</span> 
     </span>
     <span class='ocr_line' id='line_1_23' title="bbox 48 1263 1431 1312; baseline -0.002 -14"><span class='ocrx_word' id='word_1_270' title='bbox 48 1265 95 1298; x_wconf 82' lang='lat' dir='ltr'>nii</span> <span class='ocrx_word' id='word_1_271' title='bbox 109 1265 197 1298; x_wconf 87' lang='lat' dir='ltr'>vices</span> <span class='ocrx_word' id='word_1_272' title='bbox 207 1263 293 1308; x_wconf 85' lang='lat' dir='ltr'>obit,</span> <span class='ocrx_word' id='word_1_273' title='bbox 302 1266 378 1301; x_wconf 88' lang='lat' dir='ltr'>durn</span> <span class='ocrx_word' id='word_1_274' title='bbox 394 1277 526 1301; x_wconf 87' lang='lat' dir='ltr'>tenuem</span> <span class='ocrx_word' id='word_1_275' title='bbox 539 1264 783 1312; x_wconf 79' lang='lat' dir='ltr'>colliquamenti</span> <span class='ocrx_word' id='word_1_276' title='bbox 794 1265 963 1300; x_wconf 87' lang='lat' dir='ltr'>humorem</span> <span class='ocrx_word' id='word_1_277' title='bbox 976 1263 1098 1312; x_wconf 79' lang='lat' dir='ltr'>exsugit</span> <span class='ocrx_word' id='word_1_278' title='bbox 1110 1282 1119 1308; x_wconf 89' lang='lat'>·,</span> <span class='ocrx_word' id='word_1_279' title='bbox 1135 1275 1202 1298; x_wconf 90' lang='lat' dir='ltr'>turn</span> <span class='ocrx_word' id='word_1_280' title='bbox 1217 1263 1314 1298; x_wconf 77' lang='lat' dir='ltr'>foetus</span> <span class='ocrx_word' id='word_1_281' title='bbox 1325 1275 1431 1298; x_wconf 88' lang='lat' dir='ltr'>emet.</span> 
     </span>
     <span class='ocr_line' id='line_1_24' title="bbox 49 1311 1427 1362; baseline 0.001 -16"><span class='ocrx_word' id='word_1_282' title='bbox 49 1313 99 1359; x_wconf 82' lang='lat' dir='ltr'>git</span> <span class='ocrx_word' id='word_1_283' title='bbox 109 1314 140 1346; x_wconf 89' lang='lat' dir='ltr'>in</span> <span class='ocrx_word' id='word_1_284' title='bbox 153 1311 246 1359; x_wconf 85' lang='lat' dir='ltr'>ipfius</span> <span class='ocrx_word' id='word_1_285' title='bbox 263 1315 364 1349; x_wconf 81' lang='lat' dir='ltr'>amnii</span> <span class='ocrx_word' id='word_1_286' title='bbox 377 1316 467 1362; x_wconf 87' lang='lat' dir='ltr'>apice</span> <span class='ocrx_word' id='word_1_287' title='bbox 479 1343 488 1358; x_wconf 91' lang='lat'>,</span> <span class='ocrx_word' id='word_1_288' title='bbox 511 1313 636 1349; x_wconf 87' lang='lat' dir='ltr'>duobus</span> <span class='ocrx_word' id='word_1_289' title='bbox 654 1313 743 1348; x_wconf 89' lang='lat' dir='ltr'>foliis</span> <span class='ocrx_word' id='word_1_290' title='bbox 768 1316 929 1362; x_wconf 81' lang='lat' dir='ltr'>primaevis</span> <span class='ocrx_word' id='word_1_291' title='bbox 954 1315 1134 1348; x_wconf 84' lang='lat' dir='ltr'>continetur</span> <span class='ocrx_word' id='word_1_292' title='bbox 1152 1326 1160 1348; x_wconf 72' lang='grc' dir='ltr'><strong><em>ι</em></strong></span> <span class='ocrx_word' id='word_1_293' title='bbox 1180 1311 1282 1359; x_wconf 78' lang='lat' dir='ltr'>fitque</span> <span class='ocrx_word' id='word_1_294' title='bbox 1299 1311 1427 1347; x_wconf 86' lang='lat' dir='ltr'>seminis</span> 
     </span>
     <span class='ocr_line' id='line_1_25' title="bbox 48 1359 1429 1411; baseline 0.001 -17"><span class='ocrx_word' id='word_1_295' title='bbox 48 1359 192 1406; x_wconf 85' lang='lat' dir='ltr'>plantula</span> <span class='ocrx_word' id='word_1_296' title='bbox 207 1362 313 1397; x_wconf 78' lang='lat' dir='ltr'>radice</span> <span class='ocrx_word' id='word_1_297' title='bbox 326 1391 336 1406; x_wconf 88' lang='lat'><strong><em>,</em></strong></span> <span class='ocrx_word' id='word_1_298' title='bbox 352 1375 447 1409; x_wconf 89' lang='lat' dir='ltr'>quam</span> <span class='ocrx_word' id='word_1_299' title='bbox 461 1362 632 1397; x_wconf 87' lang='lat' dir='ltr'>radiculam</span> <span class='ocrx_word' id='word_1_300' title='bbox 646 1361 736 1411; x_wconf 86' lang='lat' dir='ltr'>supra</span> <span class='ocrx_word' id='word_1_301' title='bbox 749 1374 786 1397; x_wconf 91' lang='lat' dir='ltr'>ex</span> <span class='ocrx_word' id='word_1_302' title='bbox 797 1362 931 1397; x_wconf 81' lang='lat' dir='ltr'>authore</span> <span class='ocrx_word' id='word_1_303' title='bbox 946 1361 1050 1410; x_wconf 81' lang='lat' dir='ltr'>Anglo</span> <span class='ocrx_word' id='word_1_304' title='bbox 1061 1362 1196 1396; x_wconf 87' lang='lat' dir='ltr'>diximus</span> <span class='ocrx_word' id='word_1_305' title='bbox 1211 1378 1219 1404; x_wconf 85' lang='lat'>;</span> <span class='ocrx_word' id='word_1_306' title='bbox 1239 1373 1277 1394; x_wconf 84' lang='lat' dir='ltr'>ex</span> <span class='ocrx_word' id='word_1_307' title='bbox 1296 1371 1408 1395; x_wconf 86' lang='lat' dir='ltr'>trunco</span> <span class='ocrx_word' id='word_1_308' title='bbox 1419 1390 1429 1405; x_wconf 88' lang='lat'><em>,</em></span> 
     </span>
     <span class='ocr_line' id='line_1_26' title="bbox 48 1407 1429 1460; baseline 0.001 -18"><span class='ocrx_word' id='word_1_309' title='bbox 48 1407 111 1454; x_wconf 66' lang='lat' dir='ltr'>seuf</span> <span class='ocrx_word' id='word_1_310' title='bbox 119 1420 248 1458; x_wconf 83' lang='lat' dir='ltr'>gemma</span> <span class='ocrx_word' id='word_1_311' title='bbox 258 1439 267 1454; x_wconf 94' lang='lat'>‚</span> <span class='ocrx_word' id='word_1_312' title='bbox 282 1422 353 1458; x_wconf 79' lang='lat' dir='ltr'>quae</span> <span class='ocrx_word' id='word_1_313' title='bbox 362 1413 491 1460; x_wconf 83' lang='lat' dir='ltr'>proprie</span> <span class='ocrx_word' id='word_1_314' title='bbox 503 1410 697 1459; x_wconf 63' lang='lat' dir='ltr'>estplumula</span> <span class='ocrx_word' id='word_1_315' title='bbox 708 1439 718 1454; x_wconf 90' lang='lat'>‚</span> <span class='ocrx_word' id='word_1_316' title='bbox 737 1416 770 1451; x_wconf 89' lang='lat'><strong>&amp;</strong></span> <span class='ocrx_word' id='word_1_317' title='bbox 784 1410 909 1446; x_wconf 88' lang='lat' dir='ltr'>duobus</span> <span class='ocrx_word' id='word_1_318' title='bbox 931 1410 1019 1445; x_wconf 87' lang='lat' dir='ltr'>foliis</span> <span class='ocrx_word' id='word_1_319' title='bbox 1035 1411 1235 1458; x_wconf 83' lang='lat' dir='ltr'>primigeniis</span> <span class='ocrx_word' id='word_1_320' title='bbox 1250 1421 1320 1456; x_wconf 86' lang='lat' dir='ltr'>quae</span> <span class='ocrx_word' id='word_1_321' title='bbox 1333 1412 1364 1444; x_wconf 91' lang='lat' dir='ltr'>in</span> <span class='ocrx_word' id='word_1_322' title='bbox 1377 1408 1429 1444; x_wconf 88' lang='lat' dir='ltr'>lo-</span> 
     </span>
     <span class='ocr_line' id='line_1_27' title="bbox 49 1454 1428 1508; baseline 0.002 -18"><span class='ocrx_word' id='word_1_323' title='bbox 49 1454 109 1491; x_wconf 87' lang='lat' dir='ltr'>bos</span> <span class='ocrx_word' id='word_1_324' title='bbox 122 1458 252 1493; x_wconf 87' lang='lat' dir='ltr'>tandem</span> <span class='ocrx_word' id='word_1_325' title='bbox 267 1458 390 1495; x_wconf 90' lang='lat' dir='ltr'>abeunt</span> <span class='ocrx_word' id='word_1_326' title='bbox 401 1489 410 1504; x_wconf 91' lang='lat'><strong><em>,</em></strong></span> <span class='ocrx_word' id='word_1_327' title='bbox 425 1463 560 1496; x_wconf 89' lang='lat' dir='ltr'>omnino</span> <span class='ocrx_word' id='word_1_328' title='bbox 569 1461 781 1508; x_wconf 88' lang='lat' dir='ltr'>componitur.</span> <span class='ocrx_word' id='word_1_329' title='bbox 794 1460 895 1506; x_wconf 91' lang='lat' dir='ltr'>quue</span> <span class='ocrx_word' id='word_1_330' title='bbox 904 1472 971 1494; x_wconf 92' lang='lat' dir='ltr'>non</span> <span class='ocrx_word' id='word_1_331' title='bbox 982 1458 1076 1494; x_wconf 86' lang='lat' dir='ltr'>aliter</span> <span class='ocrx_word' id='word_1_332' title='bbox 1094 1458 1163 1493; x_wconf 89' lang='lat' dir='ltr'>fere</span> <span class='ocrx_word' id='word_1_333' title='bbox 1180 1460 1292 1494; x_wconf 84' lang='lat' dir='ltr'>evenit</span> <span class='ocrx_word' id='word_1_334' title='bbox 1304 1485 1315 1500; x_wconf 93' lang='lat'><strong>,</strong></span> <span class='ocrx_word' id='word_1_335' title='bbox 1330 1469 1428 1505; x_wconf 87' lang='lat' dir='ltr'>atque</span> 
     </span>
     <span class='ocr_line' id='line_1_28' title="bbox 47 1506 1428 1559; baseline 0 -18"><span class='ocrx_word' id='word_1_336' title='bbox 47 1506 81 1540; x_wconf 88' lang='lat' dir='ltr'>in</span> <span class='ocrx_word' id='word_1_337' title='bbox 97 1509 234 1553; x_wconf 85' lang='lat' dir='ltr'>gemmis</span> <span class='ocrx_word' id='word_1_338' title='bbox 253 1507 414 1546; x_wconf 86' lang='lat' dir='ltr'>arborum.</span> <span class='ocrx_word' id='word_1_339' title='bbox 426 1511 514 1545; x_wconf 83' lang='lat' dir='ltr'>Nam</span> <span class='ocrx_word' id='word_1_340' title='bbox 528 1519 716 1559; x_wconf 64' lang='lat' dir='ltr'>vegetantes</span> <span class='ocrx_word' id='word_1_341' title='bbox 732 1507 911 1555; x_wconf 68' lang='lat' dir='ltr'>particulae,</span> <span class='ocrx_word' id='word_1_342' title='bbox 937 1506 1024 1542; x_wconf 81' lang='lat' dir='ltr'>fibrae</span> <span class='ocrx_word' id='word_1_343' title='bbox 1039 1509 1189 1542; x_wconf 88' lang='lat' dir='ltr'>nimirum</span> <span class='ocrx_word' id='word_1_344' title='bbox 1211 1506 1324 1554; x_wconf 83' lang='lat' dir='ltr'>ligneae</span> <span class='ocrx_word' id='word_1_345' title='bbox 1336 1535 1345 1549; x_wconf 87' lang='lat'>‚</span> <span class='ocrx_word' id='word_1_346' title='bbox 1363 1518 1428 1541; x_wconf 78' lang='lat' dir='ltr'>tra-</span> 
     </span>
     <span class='ocr_line' id='line_1_29' title="bbox 47 1553 1426 1604; baseline 0.001 -17"><span class='ocrx_word' id='word_1_347' title='bbox 47 1553 133 1588; x_wconf 86' lang='lat' dir='ltr'>cheae</span> <span class='ocrx_word' id='word_1_348' title='bbox 142 1583 151 1597; x_wconf 88' lang='lat'>,</span> <span class='ocrx_word' id='word_1_349' title='bbox 169 1555 317 1600; x_wconf 89' lang='lat' dir='ltr'>utriculi,</span> <span class='ocrx_word' id='word_1_350' title='bbox 338 1556 439 1591; x_wconf 89' lang='lat' dir='ltr'>succus</span> <span class='ocrx_word' id='word_1_351' title='bbox 453 1555 518 1604; x_wconf 85' lang='lat' dir='ltr'>ipse</span> <span class='ocrx_word' id='word_1_352' title='bbox 535 1556 744 1591; x_wconf 82' lang='lat' dir='ltr'>alimentitius</span> <span class='ocrx_word' id='word_1_353' title='bbox 755 1561 818 1604; x_wconf 81' lang='lat' dir='ltr'>jam</span> <span class='ocrx_word' id='word_1_354' title='bbox 827 1566 1017 1604; x_wconf 70' lang='lat' dir='ltr'>praeparatus</span> <span class='ocrx_word' id='word_1_355' title='bbox 1028 1558 1060 1590; x_wconf 93' lang='lat' dir='ltr'>in</span> <span class='ocrx_word' id='word_1_356' title='bbox 1069 1568 1233 1603; x_wconf 80' lang='lat' dir='ltr'>gemmam</span> <span class='ocrx_word' id='word_1_357' title='bbox 1243 1555 1363 1589; x_wconf 67' lang='lat' dir='ltr'>coeunt</span> <span class='ocrx_word' id='word_1_358' title='bbox 1372 1583 1381 1597; x_wconf 86' lang='lat'>,</span> <span class='ocrx_word' id='word_1_359' title='bbox 1392 1561 1426 1592; x_wconf 87' lang='lat'>&amp;</span> 
     </span>
     <span class='ocr_line' id='line_1_30' title="bbox 46 1601 1426 1651; baseline 0.001 -15"><span class='ocrx_word' id='word_1_360' title='bbox 46 1601 144 1637; x_wconf 85' lang='lat' dir='ltr'>futuri</span> <span class='ocrx_word' id='word_1_361' title='bbox 157 1602 269 1638; x_wconf 86' lang='lat' dir='ltr'>surculi</span> <span class='ocrx_word' id='word_1_362' title='bbox 283 1605 463 1640; x_wconf 84' lang='lat' dir='ltr'>rudimenta</span> <span class='ocrx_word' id='word_1_363' title='bbox 480 1605 658 1640; x_wconf 89' lang='lat' dir='ltr'>delineant.</span> <span class='ocrx_word' id='word_1_364' title='bbox 672 1607 721 1638; x_wconf 90' lang='lat' dir='ltr'>Sic</span> <span class='ocrx_word' id='word_1_365' title='bbox 731 1603 837 1639; x_wconf 85' lang='lat' dir='ltr'>semen</span> <span class='ocrx_word' id='word_1_366' title='bbox 850 1602 937 1651; x_wconf 85' lang='lat' dir='ltr'>quafi</span> <span class='ocrx_word' id='word_1_367' title='bbox 952 1616 1037 1639; x_wconf 88' lang='lat' dir='ltr'>nova</span> <span class='ocrx_word' id='word_1_368' title='bbox 1054 1603 1193 1651; x_wconf 86' lang='lat' dir='ltr'>plantula</span> <span class='ocrx_word' id='word_1_369' title='bbox 1212 1613 1354 1638; x_wconf 85' lang='lat' dir='ltr'>extrema</span> <span class='ocrx_word' id='word_1_370' title='bbox 1375 1603 1426 1638; x_wconf 79' lang='lat' dir='ltr'>sua</span> 
     </span>
     <span class='ocr_line' id='line_1_31' title="bbox 47 1650 1424 1701; baseline 0.003 -18"><span class='ocrx_word' id='word_1_371' title='bbox 47 1653 152 1686; x_wconf 90' lang='lat' dir='ltr'>radice</span> <span class='ocrx_word' id='word_1_372' title='bbox 170 1651 295 1688; x_wconf 88' lang='lat' dir='ltr'>succum</span> <span class='ocrx_word' id='word_1_373' title='bbox 305 1652 344 1687; x_wconf 89' lang='lat' dir='ltr'>ab</span> <span class='ocrx_word' id='word_1_374' title='bbox 356 1652 420 1701; x_wconf 80' lang='lat' dir='ltr'>ipsa</span> <span class='ocrx_word' id='word_1_375' title='bbox 435 1652 549 1688; x_wconf 83' lang='lat' dir='ltr'>arbore</span> <span class='ocrx_word' id='word_1_376' title='bbox 566 1666 622 1701; x_wconf 85' lang='lat' dir='ltr'>per</span> <span class='ocrx_word' id='word_1_377' title='bbox 635 1663 759 1700; x_wconf 85' lang='lat' dir='ltr'>apertas</span> <span class='ocrx_word' id='word_1_378' title='bbox 781 1652 894 1686; x_wconf 85' lang='lat' dir='ltr'>fistulas</span> <span class='ocrx_word' id='word_1_379' title='bbox 905 1654 1028 1700; x_wconf 86' lang='lat' dir='ltr'>excipit</span> <span class='ocrx_word' id='word_1_380' title='bbox 1047 1667 1055 1687; x_wconf 74' lang='grc' dir='ltr'>ε</span> <span class='ocrx_word' id='word_1_381' title='bbox 1071 1650 1112 1686; x_wconf 85' lang='lat' dir='ltr'>ab</span> <span class='ocrx_word' id='word_1_382' title='bbox 1126 1664 1166 1686; x_wconf 92' lang='lat' dir='ltr'>eo</span> <span class='ocrx_word' id='word_1_383' title='bbox 1182 1653 1273 1699; x_wconf 89' lang='lat' dir='ltr'>apice</span> <span class='ocrx_word' id='word_1_384' title='bbox 1289 1651 1424 1687; x_wconf 85' lang='lat' dir='ltr'>tenellus</span> 
     </span>
     <span class='ocr_line' id='line_1_32' title="bbox 46 1698 1425 1750; baseline 0.003 -18"><span class='ocrx_word' id='word_1_385' title='bbox 46 1698 279 1736; x_wconf 66' lang='lat' dir='ltr'>surculunvelut</span> <span class='ocrx_word' id='word_1_386' title='bbox 295 1713 420 1737; x_wconf 81' lang='lat' dir='ltr'>truncus</span> <span class='ocrx_word' id='word_1_387' title='bbox 438 1731 447 1745; x_wconf 89' lang='lat'>,</span> <span class='ocrx_word' id='word_1_388' title='bbox 469 1703 537 1736; x_wconf 83' lang='lat' dir='ltr'>tum</span> <span class='ocrx_word' id='word_1_389' title='bbox 545 1714 671 1750; x_wconf 81' lang='lat' dir='ltr'>gemma</span> <span class='ocrx_word' id='word_1_390' title='bbox 682 1700 735 1735; x_wconf 75' lang='lat' dir='ltr'>seu</span> <span class='ocrx_word' id='word_1_391' title='bbox 747 1700 886 1748; x_wconf 85' lang='lat' dir='ltr'>plumula</span> <span class='ocrx_word' id='word_1_392' title='bbox 905 1701 1048 1735; x_wconf 77' lang='lat' dir='ltr'>dimanat</span> <span class='ocrx_word' id='word_1_393' title='bbox 1060 1718 1069 1743; x_wconf 94' lang='lat'>·‚</span> <span class='ocrx_word' id='word_1_394' title='bbox 1081 1700 1154 1735; x_wconf 90' lang='lat' dir='ltr'>huic</span> <span class='ocrx_word' id='word_1_395' title='bbox 1170 1700 1235 1734; x_wconf 90' lang='lat' dir='ltr'>duo</span> <span class='ocrx_word' id='word_1_396' title='bbox 1256 1699 1336 1734; x_wconf 86' lang='lat' dir='ltr'>folia</span> <span class='ocrx_word' id='word_1_397' title='bbox 1350 1700 1425 1736; x_wconf 79' lang='lat' dir='ltr'>hinc</span> 
     </span>
     <span class='ocr_line' id='line_1_33' title="bbox 47 1747 1425 1797; baseline 0.004 -17"><span class='ocrx_word' id='word_1_398' title='bbox 47 1748 122 1781; x_wconf 88' lang='lat' dir='ltr'>inde</span> <span class='ocrx_word' id='word_1_399' title='bbox 135 1747 255 1791; x_wconf 82' lang='lat' dir='ltr'>adsunt,</span> <span class='ocrx_word' id='word_1_400' title='bbox 269 1762 338 1797; x_wconf 81' lang='lat' dir='ltr'>quae</span> <span class='ocrx_word' id='word_1_401' title='bbox 354 1763 481 1786; x_wconf 87' lang='lat' dir='ltr'>carnem</span> <span class='ocrx_word' id='word_1_402' title='bbox 499 1749 624 1786; x_wconf 84' lang='lat' dir='ltr'>seminis</span> <span class='ocrx_word' id='word_1_403' title='bbox 639 1747 781 1784; x_wconf 83' lang='lat' dir='ltr'>efficiunt</span> <span class='ocrx_word' id='word_1_404' title='bbox 794 1750 895 1786; x_wconf 86' lang='lat' dir='ltr'>:adeo</span> <span class='ocrx_word' id='word_1_405' title='bbox 903 1761 939 1784; x_wconf 86' lang='lat' dir='ltr'>ut</span> <span class='ocrx_word' id='word_1_406' title='bbox 952 1748 1057 1784; x_wconf 85' lang='lat' dir='ltr'>semen</span> <span class='ocrx_word' id='word_1_407' title='bbox 1067 1747 1103 1783; x_wconf 80' lang='lat' dir='ltr'>sit</span> <span class='ocrx_word' id='word_1_408' title='bbox 1114 1747 1202 1784; x_wconf 83' lang='lat' dir='ltr'>velut</span> <span class='ocrx_word' id='word_1_409' title='bbox 1214 1760 1344 1796; x_wconf 88' lang='lat' dir='ltr'>gemma</span> <span class='ocrx_word' id='word_1_410' title='bbox 1356 1762 1425 1797; x_wconf 79' lang='lat' dir='ltr'>qua:</span> 
     </span>
     <span class='ocr_line' id='line_1_34' title="bbox 47 1795 513 1847; baseline 0.009 -18"><span class='ocrx_word' id='word_1_411' title='bbox 47 1797 81 1830; x_wconf 87' lang='lat' dir='ltr'>in</span> <span class='ocrx_word' id='word_1_412' title='bbox 101 1795 209 1831; x_wconf 83' lang='lat' dir='ltr'>alieno</span> <span class='ocrx_word' id='word_1_413' title='bbox 224 1797 290 1832; x_wconf 88' lang='lat' dir='ltr'>solo</span> <span class='ocrx_word' id='word_1_414' title='bbox 305 1798 513 1847; x_wconf 79' lang='lat' dir='ltr'>germinabit.</span> 
     </span>
    </p>

    <p class='ocr_par' dir='ltr' id='par_1_2' title="bbox 44 1845 1426 2428">
     <span class='ocr_line' id='line_1_35' title="bbox 66 1845 1424 1893; baseline 0.003 -15"><span class='ocrx_word' id='word_1_415' title='bbox 66 1845 177 1891; x_wconf 75' lang='lat' dir='ltr'>Qare</span> <span class='ocrx_word' id='word_1_416' title='bbox 187 1845 284 1893; x_wconf 82' lang='lat' dir='ltr'>stylus</span> <span class='ocrx_word' id='word_1_417' title='bbox 296 1847 330 1882; x_wconf 78' lang='lat' dir='ltr'>&#39;in</span> <span class='ocrx_word' id='word_1_418' title='bbox 347 1860 417 1882; x_wconf 84' lang='lat' dir='ltr'>eam</span> <span class='ocrx_word' id='word_1_419' title='bbox 429 1847 577 1883; x_wconf 78' lang='lat' dir='ltr'>excrescit</span> <span class='ocrx_word' id='word_1_420' title='bbox 587 1848 756 1892; x_wconf 83' lang='lat' dir='ltr'>molem,ut</span> <span class='ocrx_word' id='word_1_421' title='bbox 773 1850 854 1883; x_wconf 83' lang='lat' dir='ltr'>uteri</span> <span class='ocrx_word' id='word_1_422' title='bbox 865 1849 949 1882; x_wconf 86' lang='lat' dir='ltr'>vices</span> <span class='ocrx_word' id='word_1_423' title='bbox 966 1845 1118 1881; x_wconf 82' lang='lat' dir='ltr'>obeat.ln</span> <span class='ocrx_word' id='word_1_424' title='bbox 1127 1845 1316 1893; x_wconf 86' lang='lat' dir='ltr'>quibusdam</span> <span class='ocrx_word' id='word_1_425' title='bbox 1328 1847 1424 1883; x_wconf 84' lang='lat' dir='ltr'>instar</span> 
     </span>
     <span class='ocr_line' id='line_1_36' title="bbox 47 1892 1426 1945; baseline 0.004 -19"><span class='ocrx_word' id='word_1_426' title='bbox 47 1892 190 1928; x_wconf 81' lang='lat' dir='ltr'>veficulae</span> <span class='ocrx_word' id='word_1_427' title='bbox 206 1895 251 1928; x_wconf 87' lang='lat' dir='ltr'>est</span> <span class='ocrx_word' id='word_1_428' title='bbox 264 1895 501 1931; x_wconf 86' lang='lat' dir='ltr'>membranosus</span> <span class='ocrx_word' id='word_1_429' title='bbox 513 1901 546 1933; x_wconf 85' lang='lat'>&amp;</span> <span class='ocrx_word' id='word_1_430' title='bbox 558 1909 654 1931; x_wconf 86' lang='lat' dir='ltr'>cavus</span> <span class='ocrx_word' id='word_1_431' title='bbox 663 1926 672 1940; x_wconf 89' lang='lat'><em>‚</em></span> <span class='ocrx_word' id='word_1_432' title='bbox 687 1908 783 1943; x_wconf 84' lang='lat' dir='ltr'>atque</span> <span class='ocrx_word' id='word_1_433' title='bbox 797 1899 830 1931; x_wconf 92' lang='lat' dir='ltr'>in</span> <span class='ocrx_word' id='word_1_434' title='bbox 845 1897 936 1945; x_wconf 75' lang='lat' dir='ltr'>hujus</span> <span class='ocrx_word' id='word_1_435' title='bbox 945 1907 1055 1930; x_wconf 81' lang='lat' dir='ltr'>centro</span> <span class='ocrx_word' id='word_1_436' title='bbox 1067 1894 1184 1930; x_wconf 86' lang='lat' dir='ltr'>semina</span> <span class='ocrx_word' id='word_1_437' title='bbox 1197 1907 1351 1942; x_wconf 85' lang='lat' dir='ltr'>tanquam</span> <span class='ocrx_word' id='word_1_438' title='bbox 1363 1894 1426 1931; x_wconf 64' lang='lat' dir='ltr'>foe-</span> 
     </span>
     <span class='ocr_line' id='line_1_37' title="bbox 47 1940 1426 1992; baseline 0.001 -16"><span class='ocrx_word' id='word_1_439' title='bbox 47 1952 96 1977; x_wconf 88' lang='lat' dir='ltr'>tus</span> <span class='ocrx_word' id='word_1_440' title='bbox 108 1940 289 1978; x_wconf 82' lang='lat' dir='ltr'>formantur</span> <span class='ocrx_word' id='word_1_441' title='bbox 301 1962 310 1988; x_wconf 84' lang='lat'>;</span> <span class='ocrx_word' id='word_1_442' title='bbox 323 1947 356 1979; x_wconf 92' lang='lat' dir='ltr'>in</span> <span class='ocrx_word' id='word_1_443' title='bbox 370 1944 438 1979; x_wconf 89' lang='lat' dir='ltr'>aliis</span> <span class='ocrx_word' id='word_1_444' title='bbox 451 1944 575 1980; x_wconf 84' lang='lat' dir='ltr'>craffior</span> <span class='ocrx_word' id='word_1_445' title='bbox 587 1944 623 1980; x_wconf 85' lang='lat' dir='ltr'>fit</span> <span class='ocrx_word' id='word_1_446' title='bbox 637 1945 721 1980; x_wconf 84' lang='lat' dir='ltr'>illius</span> <span class='ocrx_word' id='word_1_447' title='bbox 731 1944 897 1980; x_wconf 88' lang='lat' dir='ltr'>substantia</span> <span class='ocrx_word' id='word_1_448' title='bbox 911 1958 920 1979; x_wconf 76' lang='lat' dir='ltr'>t</span> <span class='ocrx_word' id='word_1_449' title='bbox 938 1955 974 1979; x_wconf 86' lang='lat' dir='ltr'>ut</span> <span class='ocrx_word' id='word_1_450' title='bbox 988 1943 1115 1979; x_wconf 85' lang='lat' dir='ltr'>infabis</span> <span class='ocrx_word' id='word_1_451' title='bbox 1127 1971 1137 1987; x_wconf 89' lang='lat'>‚</span> <span class='ocrx_word' id='word_1_452' title='bbox 1163 1942 1239 1991; x_wconf 20' lang='lat' dir='ltr'>&#39;pifis</span> <span class='ocrx_word' id='word_1_453' title='bbox 1250 1949 1284 1981; x_wconf 72' lang='grc' dir='ltr'>δε</span> <span class='ocrx_word' id='word_1_454' title='bbox 1297 1943 1426 1992; x_wconf 77' lang='lat' dir='ltr'>siliqua-</span> 
     </span>
     <span class='ocr_line' id='line_1_38' title="bbox 46 1990 1424 2042; baseline 0.002 -18"><span class='ocrx_word' id='word_1_455' title='bbox 46 1992 111 2024; x_wconf 89' lang='lat' dir='ltr'>ceis</span> <span class='ocrx_word' id='word_1_456' title='bbox 126 1990 297 2028; x_wconf 88' lang='lat' dir='ltr'>omnibus:</span> <span class='ocrx_word' id='word_1_457' title='bbox 319 1995 352 2027; x_wconf 91' lang='lat' dir='ltr'>in</span> <span class='ocrx_word' id='word_1_458' title='bbox 363 1995 483 2041; x_wconf 86' lang='lat' dir='ltr'>pomis,</span> <span class='ocrx_word' id='word_1_459' title='bbox 501 2005 556 2027; x_wconf 90' lang='lat' dir='ltr'>aut</span> <span class='ocrx_word' id='word_1_460' title='bbox 573 1997 679 2040; x_wconf 86' lang='lat' dir='ltr'>prunis</span> <span class='ocrx_word' id='word_1_461' title='bbox 693 1996 871 2042; x_wconf 78' lang='lat' dir='ltr'>pericarpio</span> <span class='ocrx_word' id='word_1_462' title='bbox 883 1991 1081 2036; x_wconf 65' lang='lat' dir='ltr'>‚seu-fructu</span> <span class='ocrx_word' id='word_1_463' title='bbox 1093 1995 1233 2027; x_wconf 81' lang='lat' dir='ltr'>munitur</span> <span class='ocrx_word' id='word_1_464' title='bbox 1257 2006 1264 2027; x_wconf 92' lang='lat'>:</span> <span class='ocrx_word' id='word_1_465' title='bbox 1288 1992 1339 2028; x_wconf 89' lang='lat' dir='ltr'>sed</span> <span class='ocrx_word' id='word_1_466' title='bbox 1352 2005 1424 2028; x_wconf 86' lang='lat' dir='ltr'>ute..</span> 
     </span>
     <span class='ocr_line' id='line_1_39' title="bbox 46 2039 1425 2089; baseline 0.004 -17"><span class='ocrx_word' id='word_1_467' title='bbox 46 2050 96 2072; x_wconf 85' lang='lat' dir='ltr'>rus</span> <span class='ocrx_word' id='word_1_468' title='bbox 107 2039 149 2073; x_wconf 85' lang='lat' dir='ltr'>est</span> <span class='ocrx_word' id='word_1_469' title='bbox 160 2039 402 2088; x_wconf 78' lang='lat' dir='ltr'>cartilagnieus3</span> <span class='ocrx_word' id='word_1_470' title='bbox 417 2044 449 2075; x_wconf 89' lang='lat' dir='ltr'>in</span> <span class='ocrx_word' id='word_1_471' title='bbox 464 2042 533 2076; x_wconf 86' lang='lat' dir='ltr'>aliis</span> <span class='ocrx_word' id='word_1_472' title='bbox 548 2041 664 2076; x_wconf 78' lang='lat' dir='ltr'>osseam</span> <span class='ocrx_word' id='word_1_473' title='bbox 671 2054 821 2077; x_wconf 86' lang='lat' dir='ltr'>naturam</span> <span class='ocrx_word' id='word_1_474' title='bbox 830 2040 1009 2089; x_wconf 83' lang='lat' dir='ltr'>adipiscitur</span> <span class='ocrx_word' id='word_1_475' title='bbox 1023 2040 1099 2077; x_wconf 69' lang='lat' dir='ltr'>:sed</span> <span class='ocrx_word' id='word_1_476' title='bbox 1113 2043 1146 2075; x_wconf 83' lang='lat' dir='ltr'>in</span> <span class='ocrx_word' id='word_1_477' title='bbox 1157 2040 1305 2076; x_wconf 81' lang='lat' dir='ltr'>omnibus</span> <span class='ocrx_word' id='word_1_478' title='bbox 1322 2041 1390 2077; x_wconf 79' lang='lat' dir='ltr'>fere</span> <span class='ocrx_word' id='word_1_479' title='bbox 1409 2044 1425 2077; x_wconf 81' lang='grc' dir='ltr'>ὲ</span> 
     </span>
     <span class='ocr_line' id='line_1_40' title="bbox 46 2088 1424 2135; baseline 0.002 -15"><span class='ocrx_word' id='word_1_480' title='bbox 46 2088 223 2135; x_wconf 79' lang='lat' dir='ltr'>pericarpio</span> <span class='ocrx_word' id='word_1_481' title='bbox 235 2089 268 2121; x_wconf 92' lang='lat' dir='ltr'>in</span> <span class='ocrx_word' id='word_1_482' title='bbox 280 2091 362 2123; x_wconf 87' lang='lat' dir='ltr'>uteri</span> <span class='ocrx_word' id='word_1_483' title='bbox 372 2091 544 2124; x_wconf 78' lang='lat' dir='ltr'>cavitatem</span> <span class='ocrx_word' id='word_1_484' title='bbox 556 2090 671 2123; x_wconf 85' lang='lat' dir='ltr'>humor</span> <span class='ocrx_word' id='word_1_485' title='bbox 688 2090 871 2131; x_wconf 80' lang='lat' dir='ltr'>exstillamr,</span> <span class='ocrx_word' id='word_1_486' title='bbox 884 2091 960 2124; x_wconf 88' lang='lat' dir='ltr'>dum</span> <span class='ocrx_word' id='word_1_487' title='bbox 977 2090 1074 2124; x_wconf 89' lang='lat' dir='ltr'>foetus</span> <span class='ocrx_word' id='word_1_488' title='bbox 1093 2090 1256 2125; x_wconf 80' lang='lat' dir='ltr'>formatur.</span> <span class='ocrx_word' id='word_1_489' title='bbox 1280 2092 1424 2124; x_wconf 84' lang='lat' dir='ltr'>Pericar-</span> 
     </span>
     <span class='ocr_line' id='line_1_41' title="bbox 46 2135 1423 2185; baseline 0.001 -15"><span class='ocrx_word' id='word_1_490' title='bbox 46 2138 136 2182; x_wconf 90' lang='lat' dir='ltr'>pium</span> <span class='ocrx_word' id='word_1_491' title='bbox 146 2148 184 2170; x_wconf 84' lang='lat' dir='ltr'>ex</span> <span class='ocrx_word' id='word_1_492' title='bbox 196 2135 353 2172; x_wconf 73' lang='lat' dir='ltr'>fasciculis</span> <span class='ocrx_word' id='word_1_493' title='bbox 366 2137 477 2185; x_wconf 79' lang='lat' dir='ltr'>ligneis</span> <span class='ocrx_word' id='word_1_494' title='bbox 494 2144 528 2174; x_wconf 55' lang='grc' dir='ltr'>ἐς</span> <span class='ocrx_word' id='word_1_495' title='bbox 545 2138 680 2172; x_wconf 79' lang='lat' dir='ltr'>tracheis</span> <span class='ocrx_word' id='word_1_496' title='bbox 695 2138 834 2173; x_wconf 86' lang='lat' dir='ltr'>multum</span> <span class='ocrx_word' id='word_1_497' title='bbox 844 2138 979 2172; x_wconf 68' lang='lat' dir='ltr'>diductis</span> <span class='ocrx_word' id='word_1_498' title='bbox 992 2167 1000 2180; x_wconf 91' lang='lat'>,</span> <span class='ocrx_word' id='word_1_499' title='bbox 1024 2140 1100 2174; x_wconf 88' lang='lat' dir='ltr'>&amp;in</span> <span class='ocrx_word' id='word_1_500' title='bbox 1115 2140 1187 2172; x_wconf 84' lang='lat' dir='ltr'>retis</span> <span class='ocrx_word' id='word_1_501' title='bbox 1202 2138 1341 2173; x_wconf 83' lang='lat' dir='ltr'>formam</span> <span class='ocrx_word' id='word_1_502' title='bbox 1362 2140 1423 2172; x_wconf 87' lang='lat' dir='ltr'>im-</span> 
     </span>
     <span class='ocr_line' id='line_1_42' title="bbox 46 2184 1420 2235; baseline 0.002 -17"><span class='ocrx_word' id='word_1_503' title='bbox 46 2184 145 2230; x_wconf 84' lang='lat' dir='ltr'>plexis</span> <span class='ocrx_word' id='word_1_504' title='bbox 156 2197 312 2231; x_wconf 82' lang='lat' dir='ltr'>,quorum</span> <span class='ocrx_word' id='word_1_505' title='bbox 324 2186 493 2220; x_wconf 84' lang='lat' dir='ltr'>intervalla</span> <span class='ocrx_word' id='word_1_506' title='bbox 506 2185 666 2221; x_wconf 81' lang='lat' dir='ltr'>transversi</span> <span class='ocrx_word' id='word_1_507' title='bbox 676 2186 882 2221; x_wconf 84' lang='lat' dir='ltr'>utriculorum</span> <span class='ocrx_word' id='word_1_508' title='bbox 907 2186 1045 2235; x_wconf 89' lang='lat' dir='ltr'>implent</span> <span class='ocrx_word' id='word_1_509' title='bbox 1067 2187 1194 2220; x_wconf 84' lang='lat' dir='ltr'>ordines</span> <span class='ocrx_word' id='word_1_510' title='bbox 1207 2215 1217 2229; x_wconf 90' lang='lat'>,</span> <span class='ocrx_word' id='word_1_511' title='bbox 1253 2186 1420 2221; x_wconf 59' lang='lat' dir='ltr'>formatum</span> 
     </span>
     <span class='ocr_line' id='line_1_43' title="bbox 44 2233 1421 2283; baseline 0.002 -18"><span class='ocrx_word' id='word_1_512' title='bbox 44 2233 81 2266; x_wconf 90' lang='lat' dir='ltr'>Id</span> <span class='ocrx_word' id='word_1_513' title='bbox 92 2233 172 2268; x_wconf 79' lang='lat' dir='ltr'>veno</span> <span class='ocrx_word' id='word_1_514' title='bbox 185 2233 303 2269; x_wconf 82' lang='lat' dir='ltr'>foeturn</span> <span class='ocrx_word' id='word_1_515' title='bbox 313 2234 354 2268; x_wconf 86' lang='lat' dir='ltr'>ab</span> <span class='ocrx_word' id='word_1_516' title='bbox 368 2236 489 2281; x_wconf 81' lang='lat' dir='ltr'>injuriis</span> <span class='ocrx_word' id='word_1_517' title='bbox 506 2236 585 2268; x_wconf 86' lang='lat' dir='ltr'>aeris</span> <span class='ocrx_word' id='word_1_518' title='bbox 599 2238 825 2282; x_wconf 75' lang='lat' dir='ltr'>tutatur‚eique</span> <span class='ocrx_word' id='word_1_519' title='bbox 842 2247 1046 2283; x_wconf 74' lang='lat' dir='ltr'>praeparatum</span> <span class='ocrx_word' id='word_1_520' title='bbox 1058 2234 1180 2269; x_wconf 87' lang='lat' dir='ltr'>succum</span> <span class='ocrx_word' id='word_1_521' title='bbox 1192 2233 1327 2282; x_wconf 84' lang='lat' dir='ltr'>praebet.</span> <span class='ocrx_word' id='word_1_522' title='bbox 1338 2235 1421 2268; x_wconf 81' lang='lat' dir='ltr'>Cum</span> 
     </span>
     <span class='ocr_line' id='line_1_44' title="bbox 46 2280 1421 2331; baseline 0 -16"><span class='ocrx_word' id='word_1_523' title='bbox 46 2281 80 2315; x_wconf 84' lang='lat' dir='ltr'>in</span> <span class='ocrx_word' id='word_1_524' title='bbox 93 2281 236 2316; x_wconf 85' lang='lat' dir='ltr'>utriculis</span> <span class='ocrx_word' id='word_1_525' title='bbox 252 2285 417 2331; x_wconf 80' lang='lat' dir='ltr'>pericarpii</span> <span class='ocrx_word' id='word_1_526' title='bbox 430 2283 544 2318; x_wconf 82' lang='lat' dir='ltr'>humor</span> <span class='ocrx_word' id='word_1_527' title='bbox 555 2286 658 2317; x_wconf 85' lang='lat' dir='ltr'>tenuis</span> <span class='ocrx_word' id='word_1_528' title='bbox 666 2284 712 2317; x_wconf 91' lang='lat' dir='ltr'>est</span> <span class='ocrx_word' id='word_1_529' title='bbox 725 2289 757 2320; x_wconf 70' lang='grc' dir='ltr'>δε</span> <span class='ocrx_word' id='word_1_530' title='bbox 769 2284 901 2330; x_wconf 80' lang='lat' dir='ltr'>aquosus</span> <span class='ocrx_word' id='word_1_531' title='bbox 917 2313 926 2327; x_wconf 91' lang='lat'>,</span> <span class='ocrx_word' id='word_1_532' title='bbox 936 2295 990 2318; x_wconf 83' lang='lat' dir='ltr'>aut</span> <span class='ocrx_word' id='word_1_533' title='bbox 1001 2280 1173 2318; x_wconf 67' lang='lat' dir='ltr'>halituosus</span> <span class='ocrx_word' id='word_1_534' title='bbox 1186 2310 1195 2324; x_wconf 90' lang='lat'>‚</span> <span class='ocrx_word' id='word_1_535' title='bbox 1208 2284 1231 2315; x_wconf 79' lang='lat' dir='ltr'>is</span> <span class='ocrx_word' id='word_1_536' title='bbox 1245 2293 1304 2328; x_wconf 81' lang='lat' dir='ltr'>prae</span> <span class='ocrx_word' id='word_1_537' title='bbox 1314 2282 1421 2316; x_wconf 82' lang='lat' dir='ltr'>calore</span> 
     </span>
     <span class='ocr_line' id='line_1_45' title="bbox 46 2328 1421 2377; baseline -0.001 -12"><span class='ocrx_word' id='word_1_538' title='bbox 46 2328 142 2365; x_wconf 75' lang='lat' dir='ltr'>facile</span> <span class='ocrx_word' id='word_1_539' title='bbox 152 2330 280 2366; x_wconf 81' lang='lat' dir='ltr'>exhalat</span> <span class='ocrx_word' id='word_1_540' title='bbox 293 2348 302 2374; x_wconf 88' lang='lat'>·‚</span> <span class='ocrx_word' id='word_1_541' title='bbox 317 2333 402 2367; x_wconf 85' lang='lat' dir='ltr'>unde</span> <span class='ocrx_word' id='word_1_542' title='bbox 424 2331 545 2366; x_wconf 84' lang='lat' dir='ltr'>utriculi</span> <span class='ocrx_word' id='word_1_543' title='bbox 560 2329 648 2365; x_wconf 86' lang='lat' dir='ltr'>succo</span> <span class='ocrx_word' id='word_1_544' title='bbox 664 2331 802 2366; x_wconf 82' lang='lat' dir='ltr'>exhausti</span> <span class='ocrx_word' id='word_1_545' title='bbox 821 2344 972 2373; x_wconf 82' lang='lat' dir='ltr'>manent,</span> <span class='ocrx_word' id='word_1_546' title='bbox 1001 2337 1032 2366; x_wconf 91' lang='lat'>&amp;</span> <span class='ocrx_word' id='word_1_547' title='bbox 1052 2331 1164 2377; x_wconf 68' lang='lat' dir='ltr'>ligneae</span> <span class='ocrx_word' id='word_1_548' title='bbox 1186 2340 1311 2362; x_wconf 77' lang='lat' dir='ltr'>tantum</span> <span class='ocrx_word' id='word_1_549' title='bbox 1334 2329 1421 2364; x_wconf 68' lang='lat' dir='ltr'>fibrae</span> 
     </span>
     <span class='ocr_line' id='line_1_46' title="bbox 48 2376 1421 2428; baseline -0.001 -18"><span class='ocrx_word' id='word_1_550' title='bbox 48 2376 313 2426; x_wconf 62' lang='lat' dir='ltr'>sunesuperstites.</span> <span class='ocrx_word' id='word_1_551' title='bbox 324 2382 366 2416; x_wconf 26' lang='lat' dir='ltr'>In*</span> <span class='ocrx_word' id='word_1_552' title='bbox 375 2380 443 2416; x_wconf 85' lang='lat' dir='ltr'>aliis</span> <span class='ocrx_word' id='word_1_553' title='bbox 460 2380 566 2416; x_wconf 85' lang='lat' dir='ltr'>succus</span> <span class='ocrx_word' id='word_1_554' title='bbox 577 2380 682 2414; x_wconf 84' lang='lat' dir='ltr'>acidus</span> <span class='ocrx_word' id='word_1_555' title='bbox 695 2383 728 2415; x_wconf 67' lang='grc' dir='ltr'>δι</span> <span class='ocrx_word' id='word_1_556' title='bbox 737 2379 910 2416; x_wconf 80' lang='lat' dir='ltr'>multosale</span> <span class='ocrx_word' id='word_1_557' title='bbox 927 2391 1086 2428; x_wconf 72' lang='lat' dir='ltr'>praegnans</span> <span class='ocrx_word' id='word_1_558' title='bbox 1107 2389 1168 2425; x_wconf 71' lang='lat' dir='ltr'>prce</span> <span class='ocrx_word' id='word_1_559' title='bbox 1186 2376 1259 2413; x_wconf 78' lang='lat' dir='ltr'>solis</span> <span class='ocrx_word' id='word_1_560' title='bbox 1269 2377 1372 2412; x_wconf 74' lang='lat' dir='ltr'>calore</span> <span class='ocrx_word' id='word_1_561' title='bbox 1385 2377 1421 2414; x_wconf 69' lang='lat' dir='ltr'>fi,</span> 
     </span>
    </p>
   </div>
  </div>
 </body>
</html>
