1878 2724
378 132 438 175 ¹91³
728 126 988 164 PHYSICAE
1037 125 1359 176 *GENERALIS

382 186 384 189 ’
544 178 639 212 Nam
654 180 743 224 queis
758 177 897 211 occultas
914 188 1034 213 natura
1049 180 1195 216 accedere
1209 192 1322 231 partes

546 225 604 269 Est
619 225 710 261 labor
723 253 732 265 ,
760 224 799 260 ὠ
816 229 898 261 cocis
918 227 1083 274 dissolvere
1095 239 1227 278 corpora
1245 230 1416 277 flammis}

543 277 748 322 Inque-sicum
766 284 877 323 partes
896 278 1019 323 rutjfitm
1033 287 1214 327 componere
1232 291 1364 328 carpum

544 326 712 361 Alercurii
727 325 868 371 liquidos
890 324 1003 360 latices
1016 353 1025 365 ‚
1049 325 1256 376 &fidphnm
1271 331 1355 367 viva
1366 356 1378 368 ,
1429 365 1431 369 ,

532 373 643 408 Tema
658 373 778 422 fi‘b‘ffi’
797 374 914 420 ferunt
934 374 1032 420 mistis
1050 376 1234 426 prirnordia
1255 376 1347 419 rebus
1360 400 1372 422 ,·

541 424 883 472 Foecuna'osquefizles.
900 424 1011 460 Oculis
1027 428 1165 472 variata
1177 426 1294 470 colores
1334 465 1337 467 ,

538 472 905 522 Sulphuraficbjiciunt,
920 473 1127 522 flammisque
1145 475 1303 511 alimenta
1313 475 1496 524 ministrant
1510 493 1521 519 5

532 522 676 558 Mobilis
689 527 721 558 in
731 524 861 571 craffam
869 523 1156 574 distenditsmgnla
1172 525 1285 560 molem

533 574 677 622 Corpora
691 574 881 608 Mercurius
895 585 902 607 :
914 570 1015 618 firma
1029 584 1177 624 compage
1195 577 1346 610 revinxit

536 623 595 656 Vis
602 623 707 671 fidis,
721 624 841 659 incerto
849 620 991 669 fluerent
1007 635 1047 657 ne
1070 622 1204 659 turbida
1221 624 1320 674 lapfit.

879 723 1007 758 *Tertia
1023 722 1201 769 Conclusio.

401 825 528 860 Rerum
545 823 620 858 vitae
643 823 828 872 expertium
845 821 947 871 quum
964 819 1109 870 plurimae
1126 820 1300 870 qualitates
1317 832 1377 871 per
1390 821 1592 859 mechanicas
1611 825 1761 863 affictio.-

365 886 423 911 nes
440 873 513 909 satis
535 873 713 910 commode
726 872 932 922 explicantur
950 898 962 914 ,
981 881 1080 918 atque
1096 884 1135 907 ex
1155 873 1193 906 iis
1217 871 1308 908 velut
1323 874 1436 922 primis
1458 875 1624 924 principiis
1641 877 1760 914 ducun-

354 936 430 961 tur.

403 974 496 1009 Cum
506 971 571 1008 haec
581 970 741 1009 conclusio
756 973 926 1023 permagni
941 969 976 1006 fit
986 970 1062 1006 usus
1070 970 1111 1006 ad
1121 969 1286 1019 Phyficam
1297 973 1589 1020 experimentalem
1601 1002 1613 1017 ,
1627 976 1711 1012 adeo
1723 975 1762 1012 ut

364 1022 434 1059 fere
448 1024 599 1072 principii
615 1022 774 1067 instarfit,
788 1022 887 1072 paulo
901 1019 1034 1057 uberius
1053 1021 1100 1055 est
1112 1021 1318 1069 explicanda,>
1350 1023 1493 1065 Primum
1516 1026 1628 1072 itaque
1650 1036 1760 1060 rerum

365 1075 460 1116 vitre,
474 1083 530 1108 aut
540 1071 648 1108 sensus
657 1071 770 1109 saltem
791 1074 977 1121 expertium
987 1070 1164 1119 qualitates
1181 1083 1221 1105 ex
1240 1071 1434 1106 mechanicis
1450 1072 1682 1108 affedtionibus
1700 1074 1760 1110 du-

364 1124 393 1156 ci
404 1122 635 1171 pertendimus,
667 1123 750 1158 Non
774 1124 863 1158 enim
883 1120 980 1157 nobis
1000 1119 1192 1169 persuadere
1207 1118 1367 1168 possumus
1384 1121 1574 1157 animalium
1591 1124 1673 1158 vites
1686 1151 1697 1167 ‚
1723 1128 1760 1159 &

364 1171 555 1208 functiones
576 1184 615 1206 ex
629 1170 698 1207 solo
713 1182 806 1207 motu
818 1200 829 1216 ,
846 1170 949 1220 figura
964 1198 974 1214 ‚
991 1175 1025 1207 &
1039 1170 1266 1218 magnitudine
1283 1169 1474 1218 prodire‚uti
1484 1175 1550 1219 jam
1559 1170 1641 1221 saepe
1653 1173 1761 1207 innui-

363 1234 435 1267 mus
447 1237 456 1265 3
468 1221 629 1268 quidquid
637 1220 784 1257 Cattefio
795 1249 806 1265 ‚
820 1226 855 1258 &
864 1220 933 1255 aliis
946 1220 1097 1254 videatur
1111 1236 1121 1262 5
1142 1218 1250 1266 idque
1255 1223 1323 1266 jam
1332 1217 1414 1268 saepe
1430 1220 1452 1255 ὲ
1465 1220 1562 1257 nobis
1579 1220 1761 1271 probatum

363 1269 430 1305 fuit
446 1283 455 1305 ε
470 1281 532 1304 nec
542 1268 627 1304 libet
638 1271 673 1305 in
683 1281 718 1304 re
730 1281 798 1305 tam
811 1279 923 1316 aperta
934 1266 1056 1303 diutius
1071 1269 1248 1304 immorati.

404 1318 507 1366 Qod
517 1328 627 1354 autem
638 1317 779 1368 plurimae
788 1344 798 1362 ,
821 1317 842 1352 si
857 1319 962 1353 minus
977 1328 1090 1353 omnes
1108 1328 1214 1352 rerum
1225 1319 1474 1354 inanimatarum
1485 1319 1657 1367 qualitates
1669 1333 1708 1355 ex
1718 1322 1759 1355 iis

365 1365 593 1404 communibus
612 1368 753 1404 materiae
767 1365 997 1404 affectionibus
1017 1366 1177 1414 prodeant
1189 1395 1199 1409 ,
1228 1366 1262 1400 id
1290 1379 1423 1415 quoque
1441 1370 1475 1403 in
1490 1372 1596 1417 primo
1620 1371 1760 1405 :metatu

364 1417 482 1454 dissert.
496 1433 526 1461 2,
543 1429 617 1453 cum
631 1417 672 1452 de
684 1418 849 1466 principiis
865 1416 1061 1452 mechanicis
1074 1426 1220 1463 ageretur
1230 1444 1242 1458 ,
1257 1416 1325 1451 imo
1336 1421 1371 1453 δε
1383 1418 1416 1451 in
1428 1431 1441 1462 3
1460 1418 1578 1455 differt.
1591 1418 1648 1454 ubi
1665 1419 1760 1468 Chy-

364 1470 524 1503 micorum
543 1468 700 1515 principia
711 1464 1045 1515 expendinms‚multis
1056 1467 1254 1512 argumentis
1270 1464 1432 1503 ostensum
1449 1465 1595 1515 fuit,quae
1612 1481 1697 1504 nunc
1706 1480 1760 1503 re.

364 1528 478 1565 gerere
492 1514 574 1551 nihil
584 1513 708 1551 neceffe
725 1517 779 1553 est.
789 1517 896 1564 Atque
909 1515 960 1550 hic
973 1516 1127 1549 tractatus
1144 1525 1227 1562 pene
1239 1525 1326 1549 totus
1340 1515 1415 1549 huic
1432 1516 1608 1564 probandae
1625 1517 1759 1553 conclu..

365 1565 446 1601 fioni
460 1565 614 1601 servit.1n
628 1578 668 1600 eo
681 1568 805 1615 quippe
814 1564 989 1613 qualitates
1006 1563 1075 1599 fere
1091 1574 1205 1598 ornnes
1223 1563 1262 1597 ad
1279 1566 1436 1613 principia
1457 1565 1628 1602 intellectu
1648 1565 1758 1601 facilia

362 1615 556 1651 referuntur.
1222 1612 1225 1621 '

403 1677 427 1699 -ι-
444 1666 513 1713 Jam
522 1661 679 1699 ostensum
695 1663 801 1699 fuitin
811 1662 872 1699 hac
880 1662 1052 1710 quaestione
1062 1674 1175 1698 omnes
1185 1663 1359 1711 qualitates
1373 1675 1410 1698 ex
1426 1663 1531 1699 forma
1561 1663 1756 1699 substantiali

363 1724 469 1748 autex
483 1712 654 1748 elementis
665 1741 675 1755 ,
689 1724 743 1748 aut
752 1725 791 1747 ex
804 1712 1042 1760 Chymicorum
1059 1714 1226 1760 principiis
1242 1714 1316 1748 duci
1334 1725 1402 1748 non
1420 1711 1506 1761 posse
1525 1725 1532 1746 :
1550 1714 1646 1748 restat
1663 1716 1758 1762 igitur

365 1774 400 1796 ut
417 1763 457 1796 ad
470 1761 638 1808 generales
659 1766 693 1798 ὃ(
710 1760 914 1797 mechanicas
931 1759 1124 1796 affectiones
1139 1761 1291 1796 omnibus
1310 1761 1451 1803 obvias,
1469 1766 1503 1798 ὃ(
1525 1764 1668 1797 omnium
1680 1765 1749 1810 pri..
1780 1766 1785 1771 '

365 1821 433 1845 mas
446 1821 648 1845 revocentur.

405 1858 598 1903 Confirmari
617 1859 648 1893 id
660 1858 767 1907 potest
776 1860 872 1894 variis
883 1857 1050 1906 exemplis.
1070 1859 1157 1894 Cum
1169 1858 1291 1893 ferrum
1306 1860 1450 1907 magneti
1460 1858 1582 1907 vegeto
1594 1861 1756 1895 admove-

365 1919 415 1943 tur
428 1937 438 1952 ,
452 1908 561 1944 statim
573 1909 640 1943 vim
652 1920 725 1942 eam
737 1910 881 1957 concipit
896 1920 961 1954 qua
975 1908 1014 1941 ad
1030 1908 1126 1955 polos·
1135 1909 1245 1942 mundi
1264 1907 1294 1942 se
1308 1919 1480 1942 convertat
1490 1937 1498 1951 ‚
1514 1920 1570 1943 aut
1587 1909 1675 1944 aliud
1688 1908 1755 1943 fer-

365 1970 435 1992 tum
445 1957 484 1991 ad
500 1956 529 1992 se
541 1959 664 2006 rapiat:
686 1956 739 1991 sed
753 1957 834 1992 nihil
853 1959 933 1992 novi
952 1959 1067 1991 eitum
1089 1957 1207 1991 accidit
1223 1986 1232 1999 ‚
1265 1969 1320 1991 aut
1347 1958 1381 1990 in
1401 1956 1508 1992 forma
1537 1957 1755 2001 substantiali,

365 2018 420 2040 aut
435 2008 467 2042 in
478 2005 647 2041 elementis
662 2036 671 2050 ‚
690 2017 749 2041 aut
771 2008 804 2041 in
819 2008 985 2054 principiis
1001 2005 1157 2054 chymicis
1170 2034 1178 2047 ‚
1201 2018 1241 2041 cx
1262 2005 1382 2053 quibus
1402 2005 1526 2041 ferrum
1544 2004 1682 2042 conflati
1701 2019 1756 2055 pu-

365 2067 445 2091 tant.
460 2055 555 2092 Nihil
569 2055 640 2090 sane
653 2055 753 2090 video
765 2055 842 2102 quid
855 2067 921 2090 tarn
932 2054 1036 2090 subito
1049 2057 1079 2089 ei
1091 2055 1237 2094 accidere
1254 2057 1407 2104 potuerit,
1423 2068 1538 2104 praeter
1548 2069 1667 2092 novam
1680 2067 1754 2105 par·

351 2120 354 2121 ⁷
365 2106 447 2139 tium
456 2134 466 2148 ,
477 2116 531 2139 aut
542 2114 709 2139 meatuum
726 2103 1034 2153 configurationem.

407 2169 431 2190 2·
442 2154 478 2189 Id
492 2156 524 2189 in
539 2151 702 2188 coloribus
717 2156 773 2201 qui
785 2165 852 2189 tam
861 2152 966 2188 subito
986 2165 1148 2188 mutantur
1158 2152 1243 2197 ‚fiet
1257 2152 1402 2189 illustrius
1417 2182 1425 2197 ,
1437 2166 1511 2188 cum
1524 2153 1566 2187 de
1577 2154 1612 2186 iis
1628 2154 1753 2188 dissere-

366 2215 436 2239 mus
450 2203 557 2239 :idem
569 2200 708 2250 liquebit
723 2205 755 2238 in
772 2201 955 2251 saporibus,
977 2208 1010 2239 &
1026 2203 1096 2237 aliis
1116 2202 1326 2250 qualitatibus
1337 2232 1346 2247 ,
1361 2206 1417 2251 qui
1433 2201 1533 2236 sensus
1548 2201 1678 2238 feriunt.
1700 2204 1753 2237 Sic

352 2254 487 2289 -vitrum
502 2256 668 2290 Venetum
683 2281 692 2296 ‚
720 2253 808 2300 quod
820 2264 936 2301 magna
947 2265 987 2288 ex
1003 2264 1093 2300 parte
1101 2253 1222 2287 constat
1237 2251 1298 2287 sale
1316 2254 1472 2286 acerrimo
1485 2280 1494 2294 ,
1519 2250 1560 2284 est
1573 2250 1749 2299 insipidum.

352 2302 449 2337 'Calx
467 2301 593 2351 plumbi
606 2303 640 2337 in
653 2301 826 2348 aquaforti
838 2330 847 2345 ,
866 2313 922 2336 aut
932 2313 1025 2336 aceto
1037 2301 1181 2337 exsoluta
1192 2330 1200 2344 ‚
1213 2299 1357 2349 impense
1366 2302 1409 2334 est
1422 2298 1522 2333 dulcis
1536 2317 1543 2341 -‚
1559 2300 1628 2335 calx
1639 2313 1753 2348 argen-

367 2352 390 2383 ti
406 2353 436 2385 in
447 2353 562 2386 cadem
577 2363 661 2399 aqua
679 2350 782 2386 soluta
796 2380 805 2394 ‚
824 2351 908 2385 adeo
929 2363 1036 2384 amara
1049 2352 1166 2385 evadit.
1192 2352 1268 2386 Haec
1291 2361 1378 2383 certe
1400 2351 1456 2383 vix
1479 2348 1571 2382 aliter
1598 2350 1752 2397 explicari

366 2398 450 2444 polle
463 2413 576 2448 putem
587 2413 703 2448 ,quam
716 2413 771 2449 per
785 2400 988 2436 mechanicas
1005 2399 1204 2436 affefflones.
1226 2400 1277 2433 Sic
1293 2397 1593 2447 argentichrystalli
1608 2411 1649 2436 ex
1667 2410 1751 2446 aqua
