1878 2724
322 120 402 158 ’ᾶζο
879 111 904 150 P
930 114 964 150 H
987 113 1017 150 Y
1042 113 1064 149 S
1086 114 1100 148 1
1123 111 1155 149 C
1174 113 1215 147 ’.ΑΕ

376 166 598 216 4,,Πιε1ιγ1ιιε
620 168 652 202 in
671 176 739 201 tam
750 162 887 201 exilibus
902 163 981 201 vasis
992 162 1128 199 liberius
1140 161 1221 199 fluat
1232 189 1242 207 ,
1260 160 1423 210 provisum
1438 159 1458 197 ἓι
1475 171 1586 199 natura
1607 162 1670 200 fuit
1684 176 1743 213 pet

338 220 465 256 succum
480 218 742 265 pancreadcum,
761 217 820 264 qui
836 216 941 251 tenuis
954 226 1029 249 cum
1047 212 1104 258 fit,
1129 218 1163 251 &
1179 210 1358 260 diaphanus
1372 212 1510 248 eundem
1529 212 1631 249 habet
1649 214 1741 250 usum

338 282 436 316 quem
448 265 602 315 lympha,
615 264 666 301 seu
678 265 776 300 saliva
796 277 834 300 ex
850 266 915 300 oris
925 263 1084 313 glandulis
1102 260 1262 312 expreffa:
1277 260 1343 295 haec
1353 262 1476 310 quippe
1492 261 1605 298 cibum
1621 263 1717 300 diluit
1728 293 1741 309 ,

339 330 375 353 ut
392 313 519 351 facilius
534 318 566 351 in
579 328 637 351 ore
649 315 760 359 volvi,
785 319 819 352 ὃς
840 316 970 350 demitti
982 315 1015 348 in
1029 312 1247 349 ventriculum
1260 309 1356 360 poffit
1372 325 1381 347 ε
1402 312 1448 345 ita
1465 323 1537 347 cum
1559 317 1742 361 pancreatis

337 367 425 415 quod
436 366 617 401 ventriculo
634 364 778 414 subjacet
791 394 801 409 ,
820 364 975 400 strudzura
990 361 1025 398 sit
1036 363 1151 398 eadem
1163 374 1231 411 quae
1247 359 1471 411 glandularum
1485 390 1495 405 ‚
1519 367 1554 399 ὃς
1566 362 1645 406 nihil
1658 362 1679 398 ὲ,
1691 362 1742 399 sa-

337 417 403 452 liva
414 414 503 451 diffid
509 427 562 450 eat
573 415 655 451 illius
668 414 775 451 succus
789 444 799 459 ‚
820 413 988 461 utriusque
1002 412 1072 449 usus
1083 413 1214 447 videtur
1223 408 1452 447 confimilis.U
1454 411 1518 446 nde
1527 410 1548 446 fi
1561 411 1650 448 forte
1660 425 1742 462 pan-

337 478 426 502 creas
438 465 694 509 induruerit,nec
707 464 878 513 lympham
889 463 975 499 suam
986 460 1260 510 effiiudat,chylus
1277 473 1346 496 non
1357 460 1428 495 satis
1442 460 1565 497 dilutus
1578 464 1612 497 in
1628 462 1743 498 laisteis

335 518 478 565 stagnat,
500 527 608 563 neque
626 527 679 550 eas
700 513 945 558 praeterlabitur.
974 514 1063 548 Hinc
1084 523 1150 547 tam
1176 509 1349 559 multiplex
1368 512 1400 545 in
1419 509 1579 559 plerisque
1603 511 1741 561 piscibus

335 567 490 609 videtur;
512 579 578 601 non
599 566 688 600 enim
705 564 793 600 aliud
812 564 966 600 videntur
985 560 1046 598 else
1073 573 1123 597 tot
1140 561 1254 596 sacculi
1281 572 1320 594 ex
1345 559 1463 607 quibus
1479 562 1514 596 in
1531 560 1634 610 ipsum
1654 564 1743 597 inte..

336 616 457 651 stinum
479 627 537 664 per
559 626 672 664 aperta
689 613 854 651 foramina
882 623 974 662 patet
996 613 1113 648 aditus.
1136 614 1173 648 In
1186 611 1235 646 his
1252 608 1365 659 chylus
1381 622 1507 646 novam
1519 610 1605 647 subit
1616 623 1743 662 praepa-

336 677 512 701 rationem.
1620 674 1639 690 ο

374 717 483 762 Atque
494 715 559 750 haec
570 714 614 750 est
623 713 812 749 mechanica
826 716 859 749 &
868 713 1012 762 apertior
1022 711 1110 761 chyli
1121 722 1179 759 per
1192 709 1312 745 lacteas
1327 709 1516 746 traducendi
1532 711 1630 753 ratio,
1644 720 1744 757 quam

335 776 448 802 tamen
457 763 559 800 altera
569 776 609 800 ex
625 762 718 813 ipsius
728 763 885 812 chymicae
901 761 1122 811 penetralibus
1134 758 1303 809 desumpta
1313 759 1452 795 multum
1460 759 1605 795 illustrat.
1620 762 1660 796 Et
1668 761 1745 805 qui-

335 815 413 850 dem
427 813 468 854 eo
483 814 589 852 tendit
598 825 709 850 natura
719 814 752 849 in
762 812 851 861 chyli
862 811 1122 848 fermentatione
1133 840 1142 856 ,
1156 821 1214 845 aut
1224 811 1462 860 praeparatione
1475 839 1485 854 ,
1502 820 1539 845 ut
1553 821 1659 858 partes
1674 806 1745 843 flui-

334 865 443 899 diores
458 864 479 900 a
491 862 594 900 crassis
605 869 640 901 δε
649 860 774 898 viscosis
790 860 860 896 sect
871 873 949 896 ‘nan
963 862 1067 909 Quod
1080 872 1115 895 ut
1126 859 1278 908 consequi
1291 857 1388 907 poffit
1397 887 1408 902 ‚
1425 858 1634 909 chymicum„
1650 869 1685 894 ut
1699 859 1746 893 ita

335 915 441 948 dicam
451 942 461 957 ‚
471 911 611 948 adhibet
622 911 806 952 artificium,
818 912 907 948 Nam
916 910 1039 957 aliquid
1055 910 1210 950 admiscet
1223 935 1233 951 ,
1248 908 1338 955 quod
1351 907 1475 942 viscosis
1489 908 1578 956 chyli
1596 907 1743 957 partibus

336 961 432 998 affine
443 975 497 998 eas
511 962 636 996 dividat
645 961 687 996 ab
697 962 734 994 iis
744 973 815 1008 quae
825 959 896 995 sunt
908 959 1098 1008 liquidiores
1111 988 1121 1002 ‚
1143 969 1212 1006 quo
1229 957 1276 992 hae
1289 955 1399 992 solutae
1413 961 1448 993 &
1459 955 1568 992 libera:
1583 970 1641 1006 per
1652 956 1747 1006 spon.

335 1012 458 1062 giosarn
472 1040 481 1055 ,
494 1012 686 1048 &intimam
699 1010 924 1045 intestinorum
941 1008 1079 1043 crustam
1095 1005 1311 1056 percolentur.
1321 1005 1397 1040 Bilis
1407 1007 1517 1053 itaque
1535 1018 1593 1054 pet
1609 1007 1746 1046 duetum

334 1059 576 1097 communem&
588 1058 725 1095 vesicula
748 1057 834 1094 fellis
854 1056 980 1106 delapsa
999 1059 1032 1091 in
1055 1056 1242 1092 duodenum
1269 1054 1457 1089 intestinum
1472 1083 1484 1098 ,
1496 1066 1637 1102 quatuor
1650 1060 1747 1092 circi..

335 1124 384 1147 ter
396 1112 505 1162 digitis
517 1110 538 1147 ὲ
551 1109 670 1160 pyloro
690 1107 881 1148 effunditur.
905 1107 959 1142 Sal
972 1105 1137 1142 lixiviosns
1150 1109 1207 1151 qui
1223 1106 1256 1139 in
1273 1103 1342 1138 bile
1354 1103 1508 1153 plurimus
1522 1105 1565 1139 est
1575 1134 1584 1148 ‚
1606 1108 1748 1143 nimiam

338 1160 428 1210 chyli
446 1160 663 1197 visciditatem
674 1158 796 1210 frangit
815 1173 823 1197 ς
843 1158 928 1194 adeo
942 1169 978 1194 ut
987 1158 1097 1206 purior
1112 1154 1201 1204 chyli
1211 1155 1351 1203 portio&
1364 1152 1499 1190 vinculis
1509 1153 1593 1189 illius
1603 1168 1677 1204 quae
1685 1155 1747 1192 vis-

269 1241 270 1244 ,
340 1212 446 1247 cidiot
458 1209 653 1254 eststkacssifis
665 1208 729 1246 sese
738 1210 893 1260 expediat
914 1222 923 1245 :
952 1218 1087 1255 tumque
1107 1204 1211 1241 succus
1223 1205 1329 1239 tenuis
1343 1202 1434 1252 quia
1447 1216 1623 1253 pancreate
1638 1209 1748 1242 conti-

301 1273 304 1276 ’
343 1273 461 1297 nenter
480 1259 643 1297 delabitur
655 1290 666 1305 ,
682 1260 816 1311 chylum
827 1260 928 1308 magis
940 1257 1033 1292 diluit
1046 1284 1056 1299 ,
1068 1261 1101 1293 δε
1116 1256 1199 1303 parti
1212 1253 1296 1290 illius
1314 1251 1458 1289 fluidiori
1473 1251 1503 1288 se
1511 1254 1749 1304 adjungit:dum

338 1310 413 1347 bilis
431 1324 504 1360 pars
524 1315 628 1363 major
638 1322 711 1347 curn
732 1309 847 1347 alvinis
859 1306 1066 1346 foecibusuna
1078 1305 1274 1343 excernitur.
1289 1305 1354 1339 Sed
1366 1303 1405 1338 ad
1420 1302 1596 1340 lactearum
1610 1305 1746 1342 structu-

338 1374 411 1397 ram
431 1367 465 1398 &
483 1360 573 1397 usum
590 1363 769 1398 veniamus.
1103 1373 1105 1375 ¹

380 1418 414 1460 5⁰
422 1415 525 1454 Veuae
535 1411 644 1447 lactea
656 1414 686 1446 in
699 1408 866 1460 glandulas
879 1408 1065 1446 mesenterii
1078 1408 1212 1444 tendunt
1228 1421 1235 1444 :
1251 1405 1302 1441 sed
1318 1405 1501 1454 priusquam
1511 1405 1551 1440 ad
1565 1417 1618 1441 eas
1629 1417 1746 1455 perve.

338 1463 431 1498 niant
441 1491 450 1505 ‚
468 1464 499 1497 in
517 1461 624 1508 plures
639 1460 764 1499 abeunt
779 1459 907 1496 venulas
920 1489 932 1504 ,
951 1472 1020 1508 quae
1032 1459 1064 1494 in
1077 1457 1147 1507 ipsis
1159 1455 1316 1506 glandulis
1331 1466 1414 1504 pene
1427 1453 1656 1490 obliterantur.
1675 1460 1746 1492 ve-

338 1511 412 1548 rum
424 1511 547 1560 egrelsce
561 1517 626 1560 jam
639 1512 757 1552 cofe'unt
770 1513 804 1552 in
820 1514 958 1563 majores
970 1508 1109 1544 ramulos
1122 1537 1132 1551 ,
1151 1508 1257 1542 donec
1271 1508 1306 1541 in
1325 1504 1415 1554 chyli
1436 1504 1679 1553 receptaculum
1689 1535 1698 1551 ‚
1710 1517 1746 1542 ut

341 1561 446 1598 fistulae
461 1560 624 1611 plumbeae
640 1563 672 1598 in
682 1559 849 1596 castel¹um
866 1571 1025 1609 aquarum
1037 1556 1191 1592 defluunt.
1226 1553 1389 1600 Qorsum
1405 1565 1516 1590 autem
1534 1557 1566 1591 in
1586 1554 1747 1604 glandulis

340 1624 379 1647 ea
391 1610 463 1646 vasa
474 1610 722 1659 quodammodo
736 1609 946 1645 absumuntur
963 1619 973 1644 ἓ
994 1611 1041 1643 An
1058 1607 1144 1643 forte
1162 1606 1276 1655 chylus
1292 1607 1325 1639 in
1339 1606 1376 1639 iis
1393 1603 1567 1648 alteratur,
1598 1609 1632 1641 δε
1653 1603 1690 1640 fit
1708 1605 1748 1640 li-

340 1661 466 1710 quidior
481 1670 491 1696 Ξ
516 1661 579 1695 Sed
601 1659 680 1695 illud
694 1659 860 1709 dijudicari
871 1672 939 1694 non
952 1657 1056 1706 potest
1064 1668 1241 1704 antequam
1252 1656 1291 1690 de
1303 1654 1460 1695 ίὶτιιὲὶιπει
1472 1659 1505 1692 &
1515 1653 1569 1690 usu
1579 1653 1749 1704 glandula,

337 1724 411 1748 mm
425 1711 596 1745 traffiuum
606 1709 624 1745 a
637 1707 732 1755 nobis
744 1708 855 1745 fuerit.

377 1762 424 1796 Ac
436 1762 576 1809 primurn
594 1759 667 1795 faris
679 1758 855 1793 commode
864 1756 1023 1806 glandulae
1034 1759 1067 1793 in
1081 1754 1339 1807 conglomeratas
1355 1782 1364 1797 ‚
1380 1751 1640 1801 &conglobatas
1661 1753 1681 1789 Ξι
1698 1766 1748 1789 re.

341 1808 542 1846 centioribus
553 1809 749 1844 dividuntur.
765 1808 828 1844 111ae
841 1805 911 1842 sunt
921 1806 1088 1842 melliores
1100 1835 1110 1850 ‚
1130 1811 1164 1842 ὅ(
1182 1817 1221 1840 ex
1237 1802 1370 1839 infinitis
1388 1801 1551 1850 glandulis
1564 1833 1573 1846 ‚
1592 1815 1749 1851 tanquam

340 1872 411 1895 uva:
424 1873 462 1894 ex
473 1861 572 1893 acinis
583 1858 729 1905 constant
742 1885 751 1900 ‚
761 1868 872 1903 exque
885 1857 970 1891 inter
981 1854 1012 1891 se
1029 1867 1087 1903 per
1099 1854 1170 1888 vasa
1187 1849 1374 1900 capillaria}
1393 1856 1428 1886 &
1442 1863 1554 1885 tenues
1570 1852 1748 1888 admodum

342 1907 584 1944 membranulas
597 1909 783 1953 neotuntur.
802 1907 907 1950 Hujus
917 1906 1046 1952 generis
1058 1903 1126 1938 sunt
1144 1913 1297 1950 pancreas
1316 1902 1347 1935 in
1366 1898 1557 1943 abdomine,
1573 1901 1704 1948 thymus
1715 1905 1752 1939 in

343 1958 485 1993 thoracis
497 1958 641 1991 cavitate
651 1984 661 1998 ,
671 1969 703 1989 m
713 1953 852 1988 ixillares
864 1981 873 1995 ,
885 1958 919 1989 ὅ(
929 1952 1097 2000 albehujus
1109 1952 1238 2001 generi:
1257 1948 1426 1995 permulta:
1443 1966 1452 1993 ς.
1476 1961 1586 1997 eceque
1598 1962 1633 1985 ut
1647 1950 1751 1999 pluri.

342 2020 434 2043 mum
450 2004 526 2041 vasis
536 2006 722 2048 excretoriis
733 2003 894 2038 donantur
903 2030 912 2045 ‚
922 2013 957 2037 ut
969 2004 1003 2038 in
1014 2012 1188 2049 pancreate
1203 1999 1315 2034 duetus
1329 1998 1375 2032 est
1389 1997 1515 2047 amplus
1528 2001 1584 2046 qui
1596 2011 1652 2050 per
1662 2000 1752 2037 illius

342 2055 584 2106 longitudinem
592 2055 800 2106 producitur,
818 2055 941 2100 quique
957 2048 1112 2101 Vvisurgi
1128 2048 1248 2086 canalis
1263 2048 1306 2084 ab
1325 2047 1410 2083 illius
1427 2050 1601 2084 inventore
1622 2048 1753 2086 v'ocita-

344 2117 407 2142 tut.

377 2153 598 2203 Conglobatae
638 2152 775 2197 landulae
794 2150 864 2188 sunt
886 2162 1019 2186 texturae
1038 2149 1190 2186 firmioris
1209 2163 1218 2186 ε
1241 2148 1331 2198 hujus
1350 2150 1475 2196 generis
1494 2147 1563 2184 sunt
1583 2147 1751 2194 axillares,

344 2212 379 2244 ὅ(
397 2204 582 2247 mesenkterii
599 2167 757 2253 glandula:
768 2215 776 2238 ε
788 2213 889 2249 atque
901 2214 939 2236 ex
953 2203 991 2235 iis
1001 2212 1117 2236 omnes
1129 2198 1272 2247 lymphae
1287 2199 1401 2233 duetus
1413 2199 1559 2235 oriuntur
1571 2227 1580 2242 ‚
1592 2197 1752 2246 cujusmo-

343 2257 377 2291 di
388 2254 458 2290 sunt
471 2266 563 2289 venae
576 2253 694 2297 Ῑᾶᾷεεε.
706 2254 795 2289 Nam
807 2251 923 2286 eadem
935 2251 979 2285 est
991 2249 1132 2299 lymphae
1153 2251 1307 2284 duffiium
1331 2253 1367 2285 &
1386 2247 1562 2283 lactearum
1580 2248 1727 2282 structura
1742 2264 1753 2291 ς

345 2305 523 2341 innumeris
532 2304 693 2339 donantur
706 2301 840 2337 valvulis
852 2331 861 2343 ‚
880 2307 914 2338 δε
934 2299 1040 2335 succus
1053 2302 1084 2333 in
1104 2301 1141 2334 iis
1158 2328 1167 2341 ‚
1185 2300 1263 2333 utin
1278 2300 1368 2332 venis
1389 2296 1409 2333 ὲ
1425 2297 1689 2334 circumferentia
1710 2296 1752 2331 ad

346 2366 492 2389 centrum
511 2383 520 2396 ,
532 2352 612 2389 seua
623 2354 719 2388 ramis
731 2352 771 2386 ad
791 2362 941 2386 truncum
952 2350 1179 2398 progreditur:
1193 2358 1329 2396 cmuque
1343 2347 1456 2383 laeteae
1469 2376 1477 2390 ‚
1499 2353 1532 2384 &
1550 2347 1662 2381 duetus
1676 2345 1754 2380 tho-

344 2406 465 2438 rat-icus
476 2402 575 2452 chylo
589 2402 661 2439 sunt
681 2414 782 2438 vacua
793 2430 802 2445 ,
813 2400 981 2451 lympham
996 2399 1193 2449 pellucidam
1208 2400 1240 2434 iu
1253 2399 1385 2433 ductum
1404 2396 1608 2432 thoracicum
1617 2394 1753 2432 vehunt.
