1878 2724
535 105 605 141 DE
643 104 986 145 FOSSILIB‘US.
1388 126 1451 160 405

75 168 147 192 cum
163 153 284 191 nitrosis
303 159 336 192 &
349 152 419 190 fixis
436 156 659 203 conjungitur,
677 160 709 192 δι
725 168 848 190 novum
875 154 1074 205 salemperroe
1098 168 1256 206 procreat.
1281 159 1344 194 Sed
1366 160 1454 198 forte

73 218 140 241 non
156 205 261 240 omnis
276 202 319 238 sal
333 204 439 238 acidus
451 202 546 238 salem
557 203 712 240 nitrosum
730 203 786 238 fibi
799 205 917 239 eodem
929 206 1029 241 modo
1045 204 1180 254 subjicit.
1197 209 1274 242 Non
1292 210 1381 243 enim
1389 209 1453 258 spi-

71 255 147 288 ritus
159 254 267 287 acidus
278 252 400 287 vitrioli
413 252 511 287 salem
528 255 636 288 tartari
647 255 680 290 in
693 253 859 289 vittiolurn
873 257 1047 291 convertit.
1058 259 1182 292 Verum
1202 255 1258 291 ista
1270 255 1452 307 longiorem

71 303 296 337 traaationem
308 301 478 350 postulant.

450 398 503 433 De
513 398 580 444 fixi
600 397 639 434 (ῥ’
658 400 808 435 volatilis
814 401 898 447 fiolis
914 402 1096 437 dicrimine.

103 497 186 532 Illud
197 501 298 547 magis
308 498 348 532 ad
361 499 537 535 institutum
546 497 685 533 nostrum
696 499 840 546 pertinet
851 526 861 540 ,
879 510 916 533 ur
936 501 968 534 in
981 498 1096 546 quibus
1108 502 1249 535 maxime
1270 500 1446 539 volatilitas

68 551 103 584 &
118 545 224 582 fixitas
234 575 243 591 ,
257 559 293 582 ut
304 549 375 583 aiun
381 547 514 592 t,salium
525 545 632 596 positae
646 545 707 581 sint
717 574 728 590 ,
739 548 971 595 expendamus.
984 551 1047 582 Hae
1058 549 1188 595 quidem
1199 549 1369 597 qualitates
1379 565 1447 587 ma-

3 620 5 628 ,
25 631 28 633 Α
66 597 116 643 gis
140 595 209 631 sunt
226 595 427 644 oespeffivae,
447 608 543 644 quam
562 594 726 631 absolutae.
741 597 843 642 Qiod
860 598 946 631 enim
973 597 1100 631 fortiori
1122 599 1204 644 ignis
1227 599 1327 646 gradu
1344 602 1379 635 in
1398 601 1447 635 su-

67 643 169 679 blime
178 648 297 692 agitur,
314 644 336 679 fi
351 645 492 680 debilior
509 643 598 679 calor
611 642 823 688 adhibeatur,
835 643 939 680 fixum
950 645 1092 680 futurum
1102 645 1156 681 est.
1180 650 1292 694 ltaque
1302 649 1447 684 volatili-

66 703 115 727 tas
129 721 139 736 ‚
155 704 191 728 ut
205 692 270 729 fuse
283 697 316 730 δὲ
334 693 499 743 ingeniose
511 692 651 740 explicat
666 696 714 728 D.
730 694 830 740 Boyle
847 696 878 728 in
891 695 1044 742 peculiari
1059 697 1194 730 tractatu
1210 723 1220 738 ,
1245 708 1284 730 ex
1298 696 1448 734 afflatio.

64 740 159 776 nibus
170 742 362 778 mechanicis
375 745 488 778 oritur.
500 744 644 777 Primum
655 742 744 788 quod
757 754 859 789 partes
871 752 1042 791 corp-um
1052 743 1110 778 fint
1123 746 1243 792 exiguae
1258 745 1451 794 admodum,

65 795 220 839 majorem
234 792 317 826 adeo
327 791 470 827 habeant
483 803 542 839 pro
557 790 644 825 mole
664 789 719 825 sua
735 790 934 838 superficiem
950 806 962 827 ι
980 793 1064 827 unde
1083 798 1117 830 &
1142 792 1281 828 leviores
1304 793 1393 840 stint,
1409 803 1449 835 ὃς

64 841 168 874 minus
182 842 316 889 impetui
331 841 445 875 caloris
455 839 608 875 resistunt.
630 840 706 885 Qia
720 841 854 887 quidem
863 843 990 876 ratione
1005 843 1152 888 equitum
1169 853 1271 877 turma
1281 845 1447 891 ingentem

64 888 205 923 arenula}
219 887 340 924 nubem
353 888 469 925 sursum
482 888 591 926 tollit.-
603 889 769 932 Secundo,
786 889 875 936 quod
888 892 995 925 aanor
1009 889 1044 924 fit
1058 892 1197 939 partium
1214 895 1360 939 corporis
1376 893 1448 943 spe-

64 935 154 972 cifica
174 940 335 986 gravitas:
351 939 436 973 unde
449 940 538 973 minii
553 938 686 987 granula
695 940 777 986 ignis
792 940 824 971 vi
835 938 943 973 attolli
963 942 1016 974 vix
1036 938 1175 988 poffiint.
1191 942 1307 976 Tertio
1318 970 1328 983 ‚
1348 941 1448 992 figura

63 988 202 1033 partium
221 987 262 1022 ad
274 999 401 1022 motum
412 987 529 1022 idonea
539 989 711 1035 plurimum
731 989 828 1021 etiam
839 987 972 1022 confert
985 989 1024 1022 acl
1041 988 1290 1026 volatilitatem:
1309 990 1384 1026 hinc
1394 1005 1447 1026 ra-

63 1033 160 1070 mosae
177 1036 535 1084 olei‘partes,.quarurn
553 1036 621 1070 aliae
635 1035 705 1070 alus
715 1034 787 1070 sunt
803 1035 970 1079 consertae,
984 1049 1053 1071 non
1069 1048 1134 1071 tam
1145 1037 1241 1072 facile
1258 1038 1372 1075 sursum
1393 1042 1446 1076 ef..

63 1082 210 1119 feruntur
220 1096 274 1127 ‚ac
291 1096 396 1132 partes
407 1084 531 1132 aquofae
541 1084 618 1119 lioet
628 1086 805 1132 graviores,
815 1087 939 1132 >Quare
956 1097 1029 1119 cum
1044 1096 1150 1132 partes
1163 1090 1305 1134 corporis
1315 1089 1372 1124 vel
1395 1092 1446 1126 in-

65 1142 114 1166 ter
128 1131 158 1166 se
175 1160 185 1175 ,
201 1131 255 1168 vel
267 1145 338 1168 cum
357 1133 424 1167 aliis
438 1135 553 1169 aterius
570 1134 774 1181 implicantur
786 1161 795 1176 ‚
805 1135 858 1168 vix
872 1132 990 1169 sursum
999 1134 1162 1181 pelluntur
1175 1162 1185 1176 ‚
1198 1146 1254 1169 aut
1275 1135 1444 1184 separatim

65 1193 251 1217 moventur.
270 1184 324 1216 Sic
334 1184 455 1217 nitrum
467 1184 499 1217 in
517 1181 682 1217 crucibulo
693 1181 957 1230 statim-liquescit
976 1197 987 1219 t
999 1183 1049 1217 sed
1061 1182 1186 1217 intenso
1211 1183 1323 1218 caloris
1347 1189 1448 1234 gradu

64 1242 145 1278 opus
162 1230 204 1264 est
216 1242 252 1266 ut
270 1229 394 1278 spiritus
408 1242 446 1264 ex
457 1243 498 1265 eo
507 1230 626 1279 poffint
642 1230 809 1274 exstillari3
838 1231 925 1278 quod
942 1230 999 1266 fibi
1019 1242 1132 1266 mutuo
1147 1231 1334 1270 cohaereant.
1355 1238 1444 1272 Hinc

64 1277 204 1314 artifices
220 1291 292 1314 cum
311 1291 395 1314 terra
409 1278 553 1314 aut-bolo
566 1281 688 1315 nitrum
699 1277 852 1322 miscent,
866 1291 903 1313 ur
917 1279 1001 1314 illius
1016 1280 1148 1328 granula
1158 1280 1179 1316 ὲ
1189 1280 1219 1314 se
1233 1293 1345 1317 mutuo
1354 1283 1443 1332 sepa-

63 1338 132 1362 rata
152 1329 321 1375 interjectu
334 1340 425 1363 terrae
438 1331 470 1363 in
481 1328 650 1376 pulverem
663 1327 883 1362 turre-'facilius
893 1329 1097 1372 attollantur,
1108 1329 1208 1377 quam
1223 1329 1246 1364 fi*
1257 1343 1370 1367 mutuo
1389 1333 1445 1368 fibi

65 1376 269 1413 cohaererent.
287 1379 333 1412 Ac
347 1377 502 1425 Chyrnici
513 1389 626 1412 omnes
644 1389 716 1412 curn
731 1376 840 1420 salem,
854 1379 976 1412 nitrum
992 1406 1001 1420 ,
1012 1380 1228 1414 antimonium
1237 1379 1336 1427 ipsum
1346 1382 1443 1417 disteil,

64 1423 128 1460 lare
139 1426 255 1461 volunt
266 1456 274 1470 ‚
285 1428 370 1473 prius
383 1426 453 1461 Ηεεο
463 1428 495 1461 in
505 1425 672 1473 pulverem
690 1429 934 1469 comminuunt,
953 1438 989 1461 ut
999 1429 1078 1475 ignis
1089 1429 1121 1461 vi
1131 1429 1222 1462 citius
1231 1428 1378 1467 avolent.
1390 1434 1444 1466 Sic

64 1471 213 1509 limatura
225 1474 371 1523 chalybis
389 1487 462 1509 cum
478 1476 664 1510 annoniaco
673 1474 745 1509 satis
755 1473 880 1509 volatili
901 1474 1015 1509 sursum
1033 1475 1204 1511 attollitur.

99 1525 201 1560 Urina
216 1536 327 1559 recens
341 1524 482 1572 spiritum
495 1552 504 1565 ,
515 1522 567 1557 seu
581 1522 677 1558 salem
690 1523 865 1558 volatilem*
873 1536 936 1557 non
953 1523 1007 1558 nifi
1024 1524 1150 1559 fortiori
1164 1526 1245 1572 ignis
1261 1526 1313 1567 vi,
1337 1531 1372 1563 &
1385 1539 1440 1562 ex-

64 1571 182 1607 stillato
193 1575 276 1620 prius
287 1572 473 1620 phlegmate
483 1572 696 1606 dimittittsed
707 1571 762 1606 ubi
774 1575 805 1606 in
817 1571 947 1606 occlusis
958 1571 1034 1606 vasis
1045 1572 1164 1621 septem
1192 1584 1246 1606 aut
1260 1576 1336 1608 octo
1359 1575 1440 1609 heb-

65 1621 210 1655 domadis
231 1622 274 1655 est
292 1622 408 1668 digesta
420 1649 429 1663 ,
447 1626 481 1657 δε
500 1631 605 1669 partes
625 1623 851 1659 comminutae,
870 1632 942 1655 tum
965 1620 1088 1668 spiritus
1111 1620 1288 1656 subtiliores
1303 1623 1354 1657 vel
1377 1623 1441 1660 leni

64 1669 177 1703 caloris
186 1670 285 1716 gradu
299 1669 359 1703 sese
383 1670 571 1717 expediunt.
585 1672 655 1704 imo
666 1668 804 1704 fitecens
816 1671 902 1704 urina
917 1682 955 1703 ex
967 1669 1027 1704 sile
1050 1667 1196 1704 lixivioso
1206 1699 1214 1713 ‚
1230 1682 1285 1705 aut
1299 1683 1335 1705 ex
1355 1672 1441 1708 calce

65 1719 139 1750 viva
154 1719 338 1760 exsti'letur,
350 1717 477 1753 velleni
486 1718 592 1752 calore
608 1717 730 1766 spiritus
749 1720 887 1765 erumpit
901 1734 909 1760 ;
927 1717 990 1752 sive
1010 1719 1176 1753 additione
1203 1718 1271 1752 salis
1286 1720 1392 1754 nitroli
1408 1727 1441 1759 δε

65 1765 119 1801 fixi
132 1765 252 1813 spiritus
264 1766 414 1801 volatiles
433 1767 617 1801 dividantur
631 1765 711 1810 31five
721 1778 825 1813 partes
835 1767 983 1813 quaedam
1002 1765 1071 1801 fixae
1091 1766 1208 1814 quibus
1228 1766 1352 1815 spiritus
1365 1782 1441 1818 cap..

65 1817 125 1849 tivi
142 1815 332 1850 tenebantur
342 1845 350 1859 ‚
363 1814 416 1849 sali
432 1814 496 1850 fixo
507 1813 696 1863 adli-”creant
712 1818 764 1849 Sic
775 1815 833 1849 ubi
843 1815 885 1849 ‘sal
896 1818 1097 1850 armoniacus
1108 1829 1180 1850 cum
1191 1815 1297 1864 lapide
1307 1816 1440 1853 calami-

65 1866 157 1906 nari,
169 1875 225 1898 aut
235 1863 296 1899 sale
305 1863 396 1898 almli
408 1866 499 1899 tritus
511 1864 680 1899 distillatur
691 1893 701 1907 ‚
719 1864 761 1899 sal
770 1866 907 1899 marinus
922 1867 976 1911 qui
988 1877 1051 1899 una
1071 1877 1144 1899 curn
1159 1864 1219 1899 sale
1233 1867 1330 1900 uiinae
1343 1872 1374 1902 &
1390 1868 1440 1902 fu-

65 1911 447 1959 liginis'compofitionem
467 1912 533 1947 salis
546 1915 719 1948 armeniaci
732 1913 910 1961 ingreditur
922 1942 930 1956 ,
947 1912 1098 1948 societate
1115 1925 1188 1948 cum
1203 1912 1265 1948 sale
1283 1913 1347 1948 fixo
1362 1917 1441 1951 inita

67 1961 100 1994 in
111 1960 213 1994 fundo
227 1959 354 1995 subsidit
366 1989 376 2004 ,
386 1967 419 1997 δε
432 1960 547 2007 reliqui
569 1961 647 1995 sales
661 1962 840 2010 fugacior-es
851 1961 929 1996 faeti
941 1962 1043 1996 statim
1052 1961 1252 1997 attolluntur.
1272 1965 1324 1997 Sic
1340 1967 1440 2001 etiam

67 2008 206 2056 salpetrae
219 2021 291 2043 cum
302 2009 377 2043 oleo
391 2009 513 2044 vitrioli
530 2010 699 2058 permistus
716 2008 758 2044 ab
776 2023 816 2045 eo
828 2012 874 2045 ita
888 2010 1059 2054 dividitur,
1076 2022 1113 2045 ut
1129 2010 1196 2045 leni
1208 2023 1311 2046 arenae
1332 2013 1440 2048 calore

67 2057 209 2105 spiritum
231 2056 317 2092 suum
329 2056 476 2103 praeb'eat.

114 2109 231 2153 Neque
247 2119 284 2140 ex
299 2106 367 2141 aliis
377 2104 471 2140 caulis
482 2117 540 2141 aut
555 2105 665 2142 salium
675 2136 683 2150 ,
696 2118 754 2142 aut
764 2106 900 2143 aliorum
912 2119 1084 2156 corporum
1096 2107 1203 2143 fixitas
1215 2110 1325 2151 oritur,
1339 2121 1443 2155 quam-

69 2167 107 2189 ex
120 2155 311 2190 mechanicis
329 2153 554 2190 affectionibus
566 2183 575 2197 ,
593 2155 645 2189 sed
665 2155 824 2203 oppositis,
848 2159 956 2192 Primo
978 2170 1017 2191 ex
1038 2159 1177 2205 partium
1194 2156 1326 2192 crassitie
1340 2171 1347 2190 :
1363 2157 1438 2192 hinc

70 2216 204 2251 vapores
223 2207 258 2238 in*
265 2203 433 2238 sublimem
451 2215 558 2237 aerem
579 2202 732 2238 tolluntur
744 2233 754 2247 ,
765 2207 911 2252 quandiu
923 2207 1040 2253 exiguis
1051 2205 1194 2252 partibus
1210 2203 1353 2241 &divifis
1364 2218 1438 2240 con-

69 2252 166 2287 stant:
182 2251 232 2287 scd
248 2251 303 2286 ubi
325 2252 428 2300 plures
440 2253 472 2285 in
487 2263 584 2286 unam
596 2262 722 2294 coeunt,
737 2257 813 2289 &in
823 2266 927 2302 guttas
940 2266 1030 2300 aquae
1044 2253 1258 2295 concrescunt,
1267 2253 1369 2287 statim
1381 2255 1439 2287 de-

70 2301 188 2337 cidunt.
215 2304 324 2347 Qire
344 2304 375 2335 in
399 2300 467 2335 fixis
487 2299 675 2347 corporibus
695 2300 800 2347 plures
819 2302 986 2350 particulae
1000 2303 1113 2336 arctius
1137 2303 1220 2335 inter
1239 2300 1267 2335 se
1281 2300 1437 2350 colligatae

70 2359 137 2384 non
145 2349 239 2385 facile
255 2351 337 2399 iguis
347 2350 452 2386 calore
469 2350 663 2385 dividuntur.
680 2351 844 2396 Secundo,
866 2356 966 2400 major
979 2351 1120 2399 partium
1133 2348 1278 2397 specifica
1286 2352 1436 2399 gravitas,

1156 2401 1179 2435 E
1190 2410 1208 2433 e
1217 2412 1235 2434 e
1258 2400 1281 2445 ij
