1878 2724
375 144 428 170 λη
753 124 1015 163 PHYsrCAE
1056 124 1384 162 G'ENERALI‘S

374 174 409 217 sii
419 177 583 215 elemento
593 175 716 224 plenas,
725 179 759 211 &
769 172 976 209 circumfusas
985 173 1172 211 admittant.
1183 176 1269 211 Curn
1280 177 1394 224 itaque
1403 172 1570 211 molliores
1581 204 1591 220 ,
1600 174 1655 212 seu
1665 174 1769 226 aquo}

374 230 413 266 sa:
425 239 530 277 partes
548 228 652 273 primo
663 223 829 258 elemento
842 224 1001 266 innatant,
1009 234 1078 258 tum
1092 222 1181 258 calor
1188 226 1300 260 oritur.

414 278 503 314 Hinc
522 274 606 308 forte
634 275 668 307 in
686 271 774 307 calce
803 283 927 309 meatus
945 273 991 306 ita
1011 270 1084 307 sunt
1099 270 1238 320 dispositi
1252 285 1311 318 ‚ut
1331 285 1437 322 partes
1450 286 1540 323 aquae
1557 276 1665 323 primo
1684 275 1766 311 dun-

377 337 464 364 taxat
478 320 756 370 elementoseptas
768 322 940 370 excipiant·
972 323 1025 356 Sic
1050 320 1178 357 foenum
1198 322 1504 359 maleexficcatum
1515 336 1584 359 non
1606 324 1769 361 incalescit

375 375 475 412 modo
486 370 555 416 ,sed
573 371 737 407 interdum
752 372 854 406 etiam
865 369 1036 407 flammam
1054 372 1209 419 concipit.
1227 374 1301 407 Fors
1312 372 1371 408 ‚est2
1383 384 1420 407 ut
1439 372 1571 410 [oeniim
1583 373 1641 408 vel
1663 373 1770 412 linum

375 423 459 460 male
472 419 662 457 exsiccatum
675 423 785 470 pingui
807 420 944 457 humore
961 425 996 458 ὅ(
1013 419 1125 456 oleoso
1143 419 1288 456 abundet
1300 449 1311 465 ,
1334 422 1393 468 qui
1411 433 1502 469 aqua
1517 421 1669 459 diluitur:
1693 433 1769 459 cum

373 475 471 524 igitur
483 470 656 520 sulphureae
672 482 778 519 partes
793 499 804 514 ‚
816 481 852 505 ut
864 469 1124 517 cumChymicis
1135 468 1264 518 loquar,
1281 470 1470 510 exaltantur,
1481 498 1493 514 ,
1511 475 1547 508 &
1562 474 1767 520 eruptionem

372 533 488 572 parant
503 549 513 564 ,
528 533 591 556 una
603 534 678 556 cum
694 519 868 569 sulphureis
880 520 998 554 atomis
1008 531 1093 566 aqua
1109 517 1215 567 specie
1233 519 1316 555 fumi
1327 519 1503 568 egreditur.
1530 520 1600 556 Sed
1607 533 1683 556 cum
1695 532 1767 569 pars

371 572 514 609 humoris
531 570 642 618 aquofi
650 572 792 606 maxima
803 569 847 604 est
857 567 1018 612 exhalata,
1036 580 1105 604 tum
1120 568 1288 617 sulphurea
1300 567 1485 617 corpuscula
1499 568 1622 604 facilius
1636 567 1698 605 sese
1708 582 1766 605 ex-

372 621 582 671 pediunt,nec
596 619 696 656 denfis
706 620 821 667 stipata
829 615 1001 666 vaporibus
1017 617 1217 655 occultantur
1226 647 1237 664 ,
1251 616 1305 654 sed
1317 628 1491 657 extenuata
1500 619 1682 667 ingenitam
1693 630 1770 668 pto·

372 681 467 708 munt
486 669 591 705 lucem
601 698 614 714 ‚
630 681 730 718 atque
749 668 940 707 incendium
952 667 1126 707 minantur.
1522 669 1525 671 ’

388 721 629 771 ,ῴοςιπηφιε
643 719 676 754 id
686 718 744 755 fiat
759 717 860 754 modo
869 745 880 761 ,
896 715 977 751 illud
984 716 1193 753 manifestum
1211 718 1340 755 videtur
1348 747 1359 764 ,
1372 717 1515 754 calorem
1527 720 1585 767 qui
1597 720 1767 769 potentia

372 769 412 806 lis
425 769 540 805 dicitur
553 797 564 812 ,
580 768 685 817 qualis
704 769 805 803 etiam
815 778 862 801 -ex
882 764 1073 814 corporibus
1087 769 1169 803 «ειέὶυ
1183 766 1308 816 frigidis
1322 770 1460 817 emergit
1471 796 1482 812 ‚
1495 768 1536 803 ad
1551 779 1718 803 meatuum
1732 772 1769 805 δε

390 821 513 866 'artium
528 816 664 867 figuram
678 816 868 866 plerumque
881 813 994 850 referri
1009 827 1175 864 oportere.
1192 817 1246 851 Sic
1259 816 1383 865 spiritus
1402 819 1471 852 vini
1482 829 1574 864 aquae
1596 816 1675 852 forti
1687 845 1697 861 ,
1709 828 1768 852 aut

370 832 496 918 spiritui
507 866 752 916 nitripaulatim
765 864 878 902 affusus
890 863 1033 900 calorem
1053 865 1214 901 intensum
1227 877 1384 914 procreat.
1396 864 1601 915 lmospiritus
1612 867 1681 901 vini
1691 866 1768 902 olco

373 916 497 953 vitrioli
508 915 621 952 affusus
631 929 698 952 non
712 918 819 952 minus
831 913 1012 950 incalescit:
1028 917 1063 950 &
1080 915 1169 961 ‚quod
1187 917 1290 963 tnagis
1314 917 1431 951 mirere
1442 944 1453 959 ‚
1477 914 1598 964 glacies
1611 914 1677 964 ipsa
1689 914 1768 951 oleo

373 966 500 1003 vitrioli
514 967 561 1002 im
585 964 662 1001 osita
672 994 682 1010 ‚
695 976 824 1001 tantum
837 962 979 999 calorem
992 974 1141 1011 procreat
1151 975 1213 1007 sut
1225 962 1306 1012 (Repe
1323 964 1432 999 fumos
1447 966 1587 1001 emittat.
1613 965 1668 999 Sic
1677 964 1769 1000 idem

372 1016 483 1052 oleum
494 1018 558 1064 trip
574 1028 599 1050 ae
610 1044 620 1059 ,
641 1026 697 1051 aut
709 1012 894 1063 quadruplae
901 1023 992 1060 aqua:
1007 1010 1142 1051 affusum
1154 1015 1366 1056 ,acerrimum
1384 1011 1532 1047 calorem
1549 1015 1682 1048 excitat.
1717 1016 1767 1048 Ac

372 1077 417 1102 ne
428 1064 471 1101 ab
489 1077 530 1100 eo
542 1063 661 1100 vitrioli
673 1063 751 1099 oleo
760 1063 969 1098 recedamus:
983 1061 1118 1097 vitriolo
1129 1061 1289 1098 calcinato
1301 1090 1312 1105 ,
1323 1074 1364 1096 ex
1382 1074 1449 1109 quo
1458 1060 1579 1096 scilicet
1600 1061 1710 1097 oleum
1730 1063 1767 1096 vi

372 1117 456 1163 ignis
469 1115 649 1149 extrastum
658 1112 892 1160 est,„qu0dque
903 1108 1044 1145 barbara
1058 1122 1146 1145 -voce
1156 1111 1300 1147 calcatur
1318 1109 1487 1158 appellant
1507 1137 1518 1154 ,
1539 1110 1651 1146 oleum
1665 1109 1770 1159 ipsum

371 1163 500 1200 vitrioli
508 1161 656 1206 affunde,
669 1173 806 1210 magnus
815 1160 903 1195 calor
914 1161 1044 1196 otietur.
1059 1160 1125 1194 Sed
1137 1159 1238 1209 longe
1259 1158 1490 1197 acerrimusfit
1499 1159 1588 1195 calor
1599 1188 1609 1203 ,
1624 1158 1683 1194 ubi
1702 1159 1768 1195 ali·

372 1224 457 1261 quot
472 1212 692 1260 unciaehujus
709 1210 780 1246 olei
791 1222 865 1245 cum
880 1208 1008 1256 aliquot
1027 1209 1144 1244 itidem
1169 1211 1273 1244 unciis
1286 1208 1354 1243 olei
1375 1207 1603 1246 terebinthina:
1632 1211 1667 1244 in
1688 1208 1768 1244 vase

373 1262 455 1297 forti
464 1260 754 1309 agitantur..1dem
764 1258 893 1306 prestat
905 1257 1030 1305 spiritus
1054 1259 1132 1293 nitri
1140 1258 1232 1305 quod
1246 1256 1358 1293 oleum
1369 1256 1515 1294 Nitrioli.
1546 1260 1638 1306 Qin
1653 1257 1768 1295 &fru-

374 1312 445 1354 &us
459 1339 468 1353 ,
481 1320 517 1344 ut
531 1308 634 1344 cerasa
645 1337 656 1352 ‚
673 1310 790 1345 imo&
801 1319 871 1343 uvae
881 1304 1040 1341 exficcatae
1050 1333 1061 1350 ,
1076 1304 1178 1341 ubiin
1186 1305 1306 1340 eodem
1324 1305 1650 1355 oleotdemetguntur
1667 1335 1679 1350 ,
1699 1319 1768 1343 non

374 1359 578 1395 mediocrem
593 1356 738 1393 calorem
763 1366 887 1392 creant.
927 1355 1024 1401 Qin
1042 1359 1083 1394 ὃ(
1102 1353 1255 1391 limatura
1280 1354 1428 1404 chalybis
1461 1367 1547 1404 aqua
1564 1356 1686 1406 frigida
1717 1354 1766 1391 as.

373 1406 475 1457 perffa
501 1407 693 1456 plerumque
710 1405 883 1442 incalescit.

414 1460 482 1494 Sed
509 1456 587 1491 illud
601 1469 671 1492 non
684 1455 906 1491 omittendum
927 1452 1050 1490 illustre
1071 1453 1343 1502 experimentum.
1371 1452 1546 1489 Semilibra
1564 1452 1683 1490 florum
1701 1453 1766 1490 sul-

373 1507 484 1556 phuris
495 1518 567 1540 cum
578 1505 696 1541 eodem
712 1504 857 1553 pondere
868 1503 1026 1543 limaturae
1036 1501 1185 1552 chalybis
1196 1503 1343 1551 permista
1355 1530 1366 1546 ,
1380 1504 1463 1538 intra
1481 1515 1598 1550 aquarn
1610 1503 1764 1552 frigidam

374 1553 524 1592 immersa
541 1560 576 1592 &
594 1554 787 1592 idemtidem
795 1555 920 1602 agitata.
930 1554 1152 1593 tantumdntta
1162 1551 1248 1587 horae
1259 1550 1396 1600 spatium
1413 1551 1560 1588 calorem
1578 1563 1764 1600 procreant,

375 1617 413 1641 ut
427 1617 482 1640 vas
501 1602 653 1641 manibus
662 1604 859 1645 contree’tari
875 1600 1051 1651 vixpoffit.
1072 1600 1181 1637 Multa
1198 1599 1634 1649 ejusmoditpraetereoss‚.quae
1650 1611 1764 1650 ptaetet

376 1665 511 1699 caeteros
529 1657 570 1689 D.
588 1654 688 1703 Boyle
700 1651 917 1701 persequitur.

407 1707 451 1740 Ex
464 1701 583 1752 quibus
598 1707 632 1739 &
646 1702 718 1738 aliis
731 1714 801 1749 quae
813 1700 923 1737 afferri
939 1697 1066 1748 possunt
1083 1727 1094 1743 ,
1113 1700 1146 1734 id
1161 1699 1267 1748 liquet
1283 1728 1294 1743 ‚
1308 1698 1453 1735 caiorem
1466 1699 1686 1749 potentialem
1698 1712 1764 1736 non

377 1753 483 1789 solum
497 1754 621 1800 exigue
631 1750 802 1799 superstite
825 1777 835 1792 ,
847 1760 883 1784 ut
906 1749 946 1782 de
959 1747 1047 1782 calce
1060 1749 1200 1783 diximus
1211 1766 1220 1791 3
1230 1760 1285 1782 aut
1302 1760 1341 1783 ex
1354 1749 1462 1783 salium
1475 1749 1582 1791 alcah,
1597 1754 1631 1785 ἃς
1651 1749 1766 1782 acido-

377 1815 446 1838 rum
460 1803 611 1844 mixtura,
631 1799 682 1833 sed
696 1798 802 1834 multo
822 1798 963 1832 maxime
976 1807 1015 1829 ex
1031 1798 1172 1843 partium
1199 1807 1366 1838 contextu,
1380 1794 1504 1830 subtilis
1520 1796 1604 1830 forte
1623 1798 1765 1830 matetiae

376 1848 567 1900 perturbato
581 1860 674 1886 motu
685 1849 779 1883 oriri:
798 1849 866 1881 imo
883 1850 916 1882 &
940 1846 1020 1879 aeris
1038 1844 1201 1880 interdum
1214 1845 1340 1893 pondus
1352 1872 1362 1888 ‚
1377 1849 1410 1881 &
1423 1843 1500 1878 alias
1515 1845 1610 1892 hujus
1628 1845 1764 1880 universi

377 1897 483 1935 causas
494 1899 656 1948 principes
670 1927 680 1941 ‚
691 1903 724 1934 &
738 1895 940 1938 mechanicas
954 1893 1144 1929 affectiones
1162 1892 1381 1940 plurimumin
1405 1893 1487 1928 hanc
1506 1906 1576 1928 rem
1603 1896 1763 1930 momenti

379 1947 501 1984 habere
528 1944 616 1994 poffe
632 1946 836 1981 crediderim.
872 1944 920 1979 Ac
947 1942 1054 1979 nescio
1072 1954 1115 1978 an
1133 1942 1351 1978 Thermarum
1367 1942 1454 1978 calor
1468 1955 1506 1978 ex
1521 1942 1631 1977 iisdem
1653 1944 1764 1990 potius

378 1995 474 2032 causis
490 2023 498 2034 ‚
516 2008 614 2043 quarn
625 2008 663 2031 ex
677 1994 783 2030 calore
792 1993 1000 2028 subterraneo
1012 1993 1147 2026 oriatur.
1162 1992 1230 2025 Sed
1240 1991 1279 2026 de
1290 1994 1327 2026 iis
1340 1990 1406 2027 alio
1415 1991 1489 2026 loco
1500 1990 1656 2040 pluribus.
1681 1991 1764 2035 Qae

377 2057 486 2081 autem
504 2046 536 2078 in
551 2046 747 2079 contrarium
763 2041 961 2084 afferuntur,
981 2039 1063 2075 solvi
1089 2039 1245 2075 facillime
1259 2039 1410 2089 possunt:
1431 2052 1539 2088 neque
1561 2052 1620 2076 nos
1641 2041 1763 2075 morari

378 2093 503 2129 debent
512 2091 626 2127 caloris
638 2092 791 2136 effeetus,
808 2104 882 2126 cum
896 2093 931 2126 in
956 2090 1015 2124 hac
1026 2088 1203 2137 quaestione
1213 2118 1225 2136 ‚
1244 2092 1324 2130 &in
1338 2090 1599 2140 primo-trastatu
1611 2088 1762 2133 ‚cumde

377 2147 455 2193 igne
481 2152 647 2191 ageremus
661 2170 672 2187 ,
693 2140 765 2188 satis
780 2139 840 2178 fint
861 2137 1010 2189 expositi.

1047 2331 1051 2335 .
1058 2288 1183 2334 9ξῖἓῆ
