1878 2724
121 118 263 145 arf-*2⁵²

132 139 308 191 5²*'”“.·.-·‘··J*
480 115 844 155 ‘TRACTATUS
881 120 1128 158 PRIMUS.
1502 135 1533 172 (5

113 168 149 217 ξ’
167 206 176 213 ⁸
207 192 226 213 s
444 219 608 268 Praecipua
626 219 711 267 ignis
722 216 927 266 phanomena
940 218 1155 267 expli'cantnr.

105 314 289 404 NUnc
297 316 466 352 videamus
479 330 520 353 an
539 317 621 367 ignis
635 345 646 360 ,
663 327 719 352 aut
731 315 868 352 flammae
881 314 1098 363 phaenomena
1117 319 1280 366 principiis
1302 323 1368 366 jam
1384 319 1500 354 consti-

213 367 289 401 tutis
302 378 379 415 apte
392 366 595 402 consentiant
605 394 616 409 ,
640 371 674 403 &
698 376 792 401 more
807 364 1009 401 Aristotelico
1025 367 1173 413 quaedam
1191 379 1500 417 proponamuspro·

109 415 270 459 blemata‚
287 428 357 463 quae
370 428 409 450 ex
425 418 461 450 iis
477 416 696 451 fundamentis
713 414 882 450 solvantur.
902 414 952 447 Ac
973 413 1081 462 primo
1103 418 1202 463 quaeri
1220 417 1342 464 potest,
1363 429 1420 451 cur
1437 429 1502 452 car-

109 463 155 500 bo
166 467 217 500 vix
235 464 400 500 flammam
413 467 595 514 concipiat,
618 475 674 498 cur
689 463 814 512 lignum
830 461 930 510 ipsum
950 462 1094 512 partibus
1112 463 1235 513 aquofis
1261 466 1416 501 refertum
1431 478 1498 502 tam

109 514 205 550 facile
234 513 460 549 inflammetur.

144 562 321 610 Resj7.forte
335 563 365 596 id
378 565 409 597 in
418 561 508 597 causa
520 558 685 608 esse‚quod
699 560 837 596 humida:
849 566 883 598 &
896 559 1046 596 volatiles
1057 561 1137 610 ligni
1151 575 1256 610 partes
1267 563 1345 598 dum
1356 563 1500 608 avolant,

108 625 175 648 non
190 610 293 646 solum
311 610 398 645 illius
415 610 507 645 velut
517 610 646 645 claustra
657 608 798 645 reserent
810 639 819 654 ‚
834 616 869 648 ὃς
886 609 1051 646 solidiores
1062 610 1221 646 divellant
1236 612 1418 661 particulas,
1433 615 1500 660 quo

107 659 235 707 facilius
248 661 330 708 ignis
344 665 377 697 &
393 662 445 694 a'e't
461 658 615 695 subeant:
633 658 684 694 sed
703 662 803 695 etiam
822 673 896 695 cum
907 661 1032 708 impetu
1051 672 1090 694 ex
1108 660 1244 696 infinitis
1262 660 1352 696 velut
1377 663 1502 711 aeolipi-

100 710 144 744 'lis
161 713 173 754 (
189 710 231 743 de
245 708 364 756 quibus
374 708 427 745 suo
439 709 534 751 loco)
553 714 586 746 &
601 707 738 744 follibus
754 721 934 758 erumpant·
961 710 1042 756 Qio
1051 710 1185 756 quidem
1199 710 1234 746 fit
1247 722 1282 745 ur
1290 710 1385 745 cititis
1397 717 1430 748 &
1442 725 1499 746 ve-

94 758 291 794 'hementius
301 758 423 807 lignum
439 757 634 794 dillolvatur.
651 761 687 793 In
704 757 900 794 carbonibus
916 758 996 794 vero
1011 761 1111 808 igneae
1123 763 1227 795 atomi
1250 772 1325 795 cum
1342 759 1498 796 crassiori-

96 807 166 842 'bus
181 807 351 843 elementis
369 807 527 844 luctantes
553 810 588 844 in
606 807 771 844 flammam
784 821 849 843 non
865 806 1009 850 abeunt,
1039 810 1071 842 ni
1083 811 1187 843 tenuis
1204 812 1257 844 a'c‘r
1278 821 1352 844 cum
1371 811 1497 858 impetu

94 859 285 906 ‘irrumpens
308 859 388 907 ignis
405 856 560 906 pabulum
580 859 742 906 exagitet,
769 861 803 894 &
817 855 976 892 dissolvat.

91 916 97 920 ·
149 907 300 941 Secundo
313 935 323 950 ,
342 918 397 941 cut
413 907 534 942 fertum
552 907 693 941 candens
705 918 779 941 cum
789 908 876 942 nitro
889 905 959 941 fuso
968 908 1171 956 immergitur
1183 936 1192 950 ‚
1211 907 1243 941 id
1253 920 1319 942 non
1331 907 1496 950 incendat,

102 954 158 991 nifi
169 954 254 992 forti:
269 956 390 990 fertum
403 955 539 991 multum
553 956 755 991 incanduerit
767 985 776 999 ‚
790 961 824 992 &
842 956 916 1000 diu;
932 953 1111 991 carbonem
1126 954 1235 991 veroli
1249 959 1393 1005 injeceris
1406 983 1416 998 ,
1434 956 1494 990 sta-

104 1006 163 1039 tim
175 1004 342 1040 flammam
388 1004 510 1040 raebeat
527 1018 602 1040 cum
622 1005 836 1041 detonatione
857 1006 998 1053 quadarn
1012 1033 1022 1047 ,
1044 1016 1080 1039 ut
1102 1004 1276 1053 loquuntur
1294 1006 1460 1054 beniici.

136 1055 220 1102 R‘ffi·
233 1055 336 1102 Qiod
371 1067 480 1090 etrum
492 1066 566 1090 coni
591 1053 691 1089 aetius
706 1055 861 1103 quiddam
879 1053 933 1098 sit,
953 1053 1053 1101 quam
1068 1066 1103 1089 ut
1121 1060 1161 1089 ei
1187 1067 1227 1089 eo
1243 1066 1349 1103 partes
1369 1054 1411 1089 sul
1423 1055 1495 1089 uhu-

102 1114 165 1137 teae
176 1103 365 1146 eliciantur,
383 1115 437 1138 aut
448 1105 514 1137 aeri
532 1067 836 1152 subeuntipraebeat
847 1104 992 1139 aditum:
1014 1101 1066 1137 sed
1076 1103 1195 1138 nitrosa
1213 1103 1330 1152 spicula
1349 1104 1369 1140 ἐι
1385 1102 1417 1138 su
1446 1103 1494 1137 tili

102 1154 237 1186 materia
252 1163 309 1187 aut
322 1152 430 1187 calore
439 1154 560 1200 agitata
572 1181 581 1194 ,
603 1151 754 1187 carbonis
772 1163 897 1186 meatus
912 1152 1114 1200 pervadunt,
1138 1157 1171 1189 ὅ(
1186 1152 1366 1201 sulphureas
1387 1164 1496 1200 partes

100 1198 282 1236 dissolvunt.
298 1201 400 1237 Nulla
410 1204 498 1236 enim
510 1213 560 1235 res
569 1201 734 1236 flammam
745 1203 888 1249 concipit
899 1203 977 1235 citra
988 1202 1070 1234 aeris
1080 1200 1346 1244 ventilationem,
1356 1212 1413 1236 aut
1425 1213 1498 1235 cet-

101 1260 134 1283 te
151 1251 230 1284 citra
246 1248 401 1285 nitrosum
421 1249 538 1292 salem,
559 1252 614 1298 qui
630 1262 664 1285 ut
681 1250 805 1285 diCtum
820 1249 868 1284 est
884 1278 893 1293 ‚
916 1248 1080 1296 sulphurea
1106 1262 1245 1297 quaeque
1267 1249 1414 1286 exsolvit.
1437 1252 1494 1285 Vis

89 1299 235 1345 oquidem
250 1298 304 1333 illa
320 1297 491 1334 diffolvens
511 1301 546 1335 in
566 1301 653 1334 nitro
669 1298 739 1334 fuso
760 1298 858 1347 longe
874 1303 975 1346 major
990 1297 1034 1332 est
1047 1326 1056 1340 ‚
1074 1300 1175 1345 quam
1193 1301 1227 1334 in
1246 1310 1331 1334 aere.
1352 1299 1415 1334 Sed
1433 1312 1494 1335 no-

88 1357 159 1382 ·vus
173 1347 308 1382 subinde
322 1360 377 1385 aet
385 1348 478 1383 alteri
485 1354 553 1398 jam
567 1348 656 1384 velut
669 1346 786 1383 effoeto
798 1377 808 1391 ‚
828 1352 862 1384 &
874 1345 998 1383 nitrosis
1033 1347 1154 1382 artibus
1168 1348 1321 1383 exhausto
1343 1347 1493 1392 succedit,

97 1408 200 1444 atque
215 1396 297 1432 illius
311 1426 320 1442 ,
333 1409 369 1432 ut
380 1400 471 1433 aiunt
481 1427 490 1442 ‚
502 1399 670 1442 menstrui,
686 1398 739 1433 seu
753 1394 953 1433 dissblventis
968 1397 1008 1431 de
1034 1396 1118 1431 ilitas
1130 1401 1209 1433 novi
1223 1395 1404 1433 accessione
1414 1411 1495 1447 pen-

99 1444 194 1483 satur.

129 1497 220 1531 Hinc
230 1495 377 1530 videmus
387 1508 461 1531 aera
473 1526 483 1540 ‚
501 1499 577 1545 igne
589 1497 621 1530 in
630 1494 782 1531 cubiculo
799 1494 952 1538 accenso,
974 1507 1040 1530 non
1066 1493 1130 1530 fine
1157 1494 1289 1544 strepitu
1310 1508 1367 1544 per
1385 1501 1492 1543 januoe

89 1547 195 1579 *rimas
205 1542 308 1579 subire
323 1558 330 1579 :
346 1543 386 1579 fic
401 1545 471 1580 vela
484 1545 628 1580 fenestris
640 1544 780 1592 appensa
796 1547 880 1579 intus
892 1543 934 1578 ab
951 1555 1025 1578 aere
1038 1543 1192 1579 subeunte
1207 1545 1385 1593 pelluntur.
1406 1547 1494 1580 Hinc

99 1593 232 1628 difficile
244 1594 288 1627 est
299 1593 406 1628 facem
416 1595 455 1627 ad
465 1598 623 1641 majorem
633 1592 799 1628 flammam
809 1594 987 1627 accendere
998 1607 1006 1627 e
1018 1594 1107 1638 quod
1120 1598 1223 1639 major
1239 1594 1371 1629 flamma
1386 1605 1493 1628 totum

99 1653 172 1676 aeta
189 1640 247 1676 fibi
261 1644 445 1687 proximum
470 1643 510 1676 ad
529 1641 558 1676 se
576 1643 699 1690 rapiat:
716 1654 753 1675 ac
772 1641 860 1676 forte
871 1652 925 1674 aet
943 1639 992 1674 sua
1006 1644 1166 1675 tenuitate
1183 1642 1319 1676 halitum
1339 1644 1393 1690 pin
1419 1654 1493 1676 uem

97 1693 218 1726 atterit.
237 1691 338 1727 Unde
349 1693 381 1725 in
397 1690 477 1725 cella
489 1692 611 1726 vinaria
625 1719 635 1734 ‚
650 1703 747 1737 quarn
763 1690 907 1725 ferventi
924 1689 1014 1724 musti
1028 1688 1188 1724 craffiores
1200 1690 1316 1726 halitus
1328 1655 1467 1739 implent
1478 1720 1490 1734 ,

89 1745 133 1776 ’δε
151 1742 184 1775 in
199 1742 318 1788 cryptis
335 1738 545 1774 subterraneis
559 1767 569 1782 ‚
596 1742 628 1774 in
641 1738 758 1786 quibus
776 1738 922 1774 humidus
943 1750 997 1772 aer
1013 1749 1124 1786 torpet
1136 1767 1145 1781 ‚
1172 1738 1225 1774 fax
1242 1739 1371 1774 accensa
1386 1743 1440 1774 vix
1460 1739 1491 1775 se

88 1801 222 1832 ‘tuetur3
240 1801 344 1835 eaque
356 1787 435 1823 tubo
449 1793 534 1838 cujus
545 1801 615 1836 pars
632 1788 778 1837 suprema.
797 1787 977 1822 occluditur
995 1816 1004 1831 ‚
1027 1786 1124 1822 altius
1142 1787 1292 1824 immersa
1311 1789 1418 1824 statim
1432 1801 1488 1824 ex-

99 1839 253 1886 tinguitur
273 1852 280 1873 :
300 1838 389 1884 quod
407 1837 554 1873 subeunti
572 1840 639 1872 aeri
656 1851 722 1872 non
736 1849 847 1886 pateat
862 1838 978 1874 aditus.

133 1885 252 1923 Tertio
262 1916 272 1931 ,
287 1889 440 1934 quaeritur
454 1899 510 1921 cur
525 1889 558 1922 in
571 1885 706 1923 accensis
723 1885 913 1936 corporibus
925 1899 991 1922 non
1004 1886 1178 1937 sulphureae
1193 1885 1294 1923 modo
1306 1898 1425 1936 partes,
1436 1886 1489 1922 sed

97 1941 133 1974 &
142 1936 307 1972 terrestres
323 1942 356 1974 &
366 1935 468 1971 salinae
480 1935 687 1985 abripiantur.

134 1987 224 2033 Resp.
238 1986 339 2032 Qod
354 1997 460 2034 partes
481 1998 595 2021 omnes
612 1989 754 2035 exceptis
771 1984 974 2022 crassioribus
992 1999 1064 2035 quae
1080 1986 1195 2022 sursum
1216 1983 1322 2022 efferri
1345 1998 1410 2022 non
1429 1999 1489 2035 po.-

101 2043 210 2076 tuere,
228 2039 260 2070 δε
270 2047 405 2070 manent
415 2037 449 2069 in
466 2034 624 2070 cineribus
638 2065 648 2080 ,
668 2035 688 2072 ὲ
708 2035 816 2071 subtili
837 2038 974 2071 materia
989 2049 1041 2072 aut
1057 2037 1164 2071 calore
1177 2038 1284 2084 potius
1296 2037 1421 2084 agitatae
1433 2047 1489 2070 ex-

98 2081 248 2117 halentur
260 2097 268 2118 z
279 2082 329 2117 sed
341 2095 412 2118 cum
420 2082 546 2118 dissolvi
557 2098 623 2120 non
636 2085 752 2134 poffiiit
768 2115 777 2129 ,
794 2088 983 2121 remittente
1000 2089 1126 2135 impetu
1136 2084 1306 2128 secedunt,
1325 2090 1357 2122 ὅ(
1375 2086 1486 2134 proxi-

99 2133 159 2167 mis
177 2131 343 2167 adhaerent
371 2132 557 2180 corporibus
569 2162 578 2177 ‚
600 2135 778 2182 cujusmodi
794 2135 839 2170 est
855 2134 969 2184 fuligo.

89 2185 92 2188 '
140 2180 288 2228 Qarto,
308 2183 340 2215 in
355 2181 495 2216 candelae
513 2182 645 2218 accensae
654 2184 785 2220 flamma
795 2185 932 2234 plurima
947 2197 1136 2228 cernuntur,
1154 2197 1226 2232 quae
1241 2183 1423 2219 summatim
1437 2192 1486 2216 at-

100 2232 273 2279 tingemus,
295 2229 406 2266 Primo
421 2230 534 2266 halitus
553 2231 679 2268 oleosus
701 2240 736 2271 ὃς
758 2236 885 2284 pinguis
899 2237 1109 2270 continenter
1128 2234 1219 2276 fluit,
1235 2232 1464 2270 &accenditur
1477 2260 1488 2273 ,

87 2279 177 2314 ⁴durn
195 2292 300 2328 partes
317 2279 451 2314 accensae
467 2280 543 2314 alias
564 2281 665 2316 adhuc
690 2283 760 2317 aliis
777 2274 948 2319 elementis
966 2283 1129 2319 involutas
1149 2281 1252 2316 secum
1271 2281 1429 2323 efferunt,
1450 2285 1484 2316 δι’

100 2327 187 2375 quasi
197 2331 410 2378 contagione,
429 2335 461 2366 &
475 2333 743 2367 concatenatione
759 2333 900 2379 quadam
916 2334 955 2366 ad
973 2335 1177 2378 eruptionem
1194 2329 1367 2364 sollicirmt
1382 2358 1390 2373 ,
1417 2328 1484 2363 eas-

100 2389 167 2425 que
186 2380 219 2415 in
245 2377 380 2414 similem
405 2379 667 2429 conflagrationis
693 2392 822 2418 motum
843 2382 984 2418 trahunt.
1019 2382 1108 2416 Cum
1134 2390 1244 2414 autem
1270 2379 1302 2415 hi
1326 2377 1420 2414 rivuli
1430 2383 1483 2426 ju-
