1878 2724
385 148 742 186 TRACTATUS
779 147 1102 187 SECUNDUS.
1409 156 1458 188 16<

79 198 174 236 scobe
187 199 293 236 ferrea
309 209 439 234 cernere
451 200 517 235 est:
533 199 622 248 quod
638 199 766 234 lamella
780 198 852 233 satis
867 196 988 233 habeat
1001 201 1117 234 virium
1128 227 1138 242 ,
1152 199 1321 248 ut'aquam
1338 174 1456 236 nonni}

79 249 125 286 hil
137 248 286 284 attollat:
308 247 360 283 sed
374 248 514 284 debilior
532 250 594 292 est,
611 261 711 296 quam
725 259 762 283 ut
781 259 906 283 tantam
931 259 1022 295 aquae
1042 247 1163 283 molem
1185 250 1353 297 protrudar
1374 251 1459 286 ultra

79 298 166 334 suam
184 295 383 346 superficiem
395 313 402 334 :
413 311 486 333 curn
499 297 553 332 illa
566 309 655 344 aquae
672 297 863 333 extundatio
871 300 1030 345 majorem
1043 297 1281 345 aliquantulum
1296 302 1364 335 vim
1388 305 1457 336 exi-

79 358 145 396 gat.
167 347 304 383 Accedit
313 350 413 382 etiam
428 349 506 381 aeris
517 346 631 396 preffio
643 376 652 390 ‚
666 359 739 395 quae
750 345 840 380 illam
852 346 980 381 inhibet
991 346 1337 383 exundationem.1mo
1352 356 1386 388 ὃ(
1396 351 1457 385 uli-

73 395 191 445 ‚ginosa
199 395 284 432 forte
298 408 391 444 aquae
402 395 570 432 substantia
580 409 647 432 non
659 395 756 431 facile
769 395 921 443 dividitur
938 409 946 430 ε
968 394 1093 430 tametsi
1107 395 1173 430 haec
1196 400 1279 432 ratio
1293 399 1456 435 nonnullis

79 458 148 482 non
172 444 449 493 probatur‚quod
469 457 543 480 acus
556 447 669 480 vitreae
686 446 785 480 etiarn
805 442 996 479 tenuiffimae
1017 456 1109 491 aquae
1134 458 1201 480 non
1225 448 1376 483 innatenr
1392 478 1401 492 ‚
1422 461 1457 484 ut

79 493 260 542 chalybeae.
292 495 402 541 Qare
412 496 444 529 in
462 506 521 529 acu
539 493 698 542 chalybea
712 522 723 537 ‚
744 494 846 526 autin
864 491 960 527 scobe
977 493 1138 528 metallica
1154 494 1287 531 videtur
1304 495 1373 532 fieri
1385 501 1458 547 qui·

80 543 155 578 dam
166 555 263 591 agger
287 545 367 578 aeris
378 545 433 591 qui
452 543 519 577 haec
530 541 828 590 sustineatcorpora.
854 541 917 575 Sed
929 541 969 575 de
985 541 1033 575 his
1044 543 1167 590 postea.

112 605 153 628 11.
179 594 268 628 Hinc
281 592 413 627 demum
425 592 528 639 liquet
538 603 592 625 cur
603 591 700 626 altius
709 593 923 639 immergatur
932 592 1035 632 navis,
1053 596 1088 628 ὅ(
1105 604 1225 640 aquam
1246 593 1359 629 melius
1376 593 1457 630 scin.

81 641 138 676 dat
149 669 159 684 ‚
170 653 239 687 quo
249 639 331 676 illius
341 635 448 676 carina
463 640 509 674 est
523 642 654 677 acutior.
668 642 813 675 Tantum
832 641 921 675 enim
932 642 1022 674 navis
1034 651 1125 689 aquae
1143 641 1298 690 expellit,
1312 647 1347 678 δι
1361 656 1460 678 occu-

83 701 150 737 pat,
162 700 320 735 quantum
332 700 372 722 ea
388 689 546 736 ponderat
556 718 566 734 ,
582 702 647 725 una
659 701 734 725 cum
745 692 783 724 iis
797 687 950 725 omnibus
963 701 1036 737 quae
1049 691 1195 725 continet
1208 719 1217 733 ,
1228 701 1264 726 ut
1278 703 1364 739 aqua
1384 691 1461 727 ubi-

81 750 148 785 que
163 736 365 785 aequabiliter
387 750 564 787 prematur.
581 739 663 787 Qo
675 750 755 773 vero
765 740 888 774 acutior
902 738 949 772 est
962 741 1089 783 catina,
1106 739 1169 774 hoc
1190 742 1316 775 minore
1329 743 1462 777 circuitu

81 798 202 833 aquam
212 789 368 836 retroagit
382 816 391 830 ‚
403 793 437 825 &
449 787 582 837 expellit
593 817 604 832 ‚
621 787 745 823 facilius
754 788 836 823 adeo
845 799 917 823 eam
928 786 1030 832 secat,
1045 800 1146 836 quam
1158 788 1216 824 ubi
1237 789 1280 824 est
1298 788 1439 825 obtusior
1452 804 1461 826 :

83 846 152 870 tum
161 838 247 871 enim
262 848 376 885 parum
389 839 590 886 immergitur
604 865 615 881 ,
626 842 660 875 8<
675 836 746 886 plus
762 849 856 885 aquae
868 837 1018 873 extrudit.
1033 839 1170 873 Acutior
1185 840 1284 873 etiam
1295 844 1328 877 &
1346 840 1462 874 rostra-

84 895 117 918 ta
130 886 221 920 navis
236 884 397 934 oppositos
408 898 499 934 aqua:
519 889 659 934 impetus
670 885 798 921 mollius
811 888 931 935 excipit
942 900 950 922 ι
961 886 1049 933 quod
1070 889 1104 922 in
1125 898 1197 922 eam
1216 887 1383 936 obliquius
1401 891 1462 924 im-

82 935 233 982 pingant.
251 936 340 970 Hinc
349 934 438 970 bases
449 935 603 984 pontibus
617 934 767 984 subjestae
776 934 816 970 sic
831 947 1002 983 aptantur,
1028 946 1065 970 ut
1077 947 1164 984 aqua
1185 938 1287 986 magis
1307 948 1350 973 ex
1372 936 1463 972 obli-

79 994 152 1029 ,quo
167 984 201 1017 in
220 995 272 1017 eas
287 985 426 1019 incurrat
445 1011 455 1027 ,
469 983 626 1026 &fracto
637 997 720 1033 pene
738 986 864 1033 impetu
874 995 928 1020 eas
946 984 1052 1021 feriat.
1077 986 1188 1034 Atque
1212 985 1288 1022 hinc
1305 989 1464 1035 praecipua

83 1030 313 1079 hydrostatices
329 1031 544 1081 phaenomena
560 1033 764 1082 explicantur.

119 1082 229 1116 Primo
247 1083 334 1117 enim
348 1081 424 1117 hinc
443 1083 548 1130 liquet
557 1095 613 1118 cur
625 1085 805 1118 urinatores
822 1084 875 1119 vix
885 1083 926 1118 ad
936 1083 1072 1120 fundum
1086 1085 1181 1118 maris
1202 1083 1321 1133 poffint
1332 1085 1463 1121 descen-

84 1127 183 1172 dere,
213 1128 269 1164 nifi
286 1129 420 1178 pedibus
436 1131 579 1179 appenso
592 1132 736 1179 pondere
758 1146 766 1167 :
787 1143 911 1167 certum
933 1133 977 1167 est
999 1135 1087 1168 enim
1101 1135 1300 1168 urinatorem
1321 1134 1363 1169 ab
1381 1146 1465 1181 aqua

85 1179 180 1212 omni
196 1189 237 1213 ex
250 1189 361 1226 parte,
373 1178 503 1227 quafiin
518 1179 701 1228 aequilibrio
714 1179 852 1216 sustineri
868 1195 878 1223 ς
891 1179 944 1215 sed
954 1192 1020 1228 quo
1033 1181 1131 1216 altior
1144 1182 1187 1216 est
1201 1193 1287 1229 aqua
1299 1210 1308 1225 ,
1322 1182 1385 1218 hoc
1395 1196 1465 1218 ma-

86 1229 159 1273 jore
173 1228 206 1260 vi
221 1229 418 1264 urinatorem
431 1228 569 1277 repellit.
594 1229 750 1276 Vndique
763 1231 848 1264 enirn
862 1228 884 1264 ὲ
894 1229 1082 1264 circumfusa
1093 1241 1178 1276 aqua
1191 1232 1216 1264 is
1228 1233 1385 1278 premitur
1395 1260 1406 1275 ,
1416 1234 1465 1266 uti

85 1279 122 1311 δε
136 1277 245 1310 omnia
261 1288 396 1325 corpora
412 1289 503 1324 aquae
516 1275 680 1314 immersa:
692 1289 762 1324 quae
779 1275 837 1311 ubi
856 1276 925 1312 sunt
941 1288 1027 1324 aqua
1040 1280 1189 1326 graviora
1200 1306 1210 1321 ,
1228 1282 1320 1314 omni
1335 1291 1373 1315 ex
1390 1292 1468 1328 par-

88 1333 121 1357 te
129 1322 171 1358 ab
186 1336 269 1371 aqua
286 1325 426 1374 depressa
437 1325 597 1362 subsidunt
609 1338 617 1360 τ
632 1324 763 1374 aequalis
776 1327 864 1361 enim
876 1337 964 1373 aquae
975 1326 1078 1362 moles
1090 1329 1217 1374 corpori
1233 1327 1383 1362 immerso
1397 1329 1470 1363 refi-

89 1372 167 1407 stit:
182 1372 234 1407 sed
247 1385 320 1409 cum
342 1386 380 1409 ea
402 1375 445 1410 est
466 1375 593 1420 levior,
615 1387 729 1423 corpus
743 1385 780 1410 ut
795 1377 828 1411 in
838 1374 967 1411 bilance
995 1375 1209 1425 deprimitur:
1225 1388 1338 1411 contra
1352 1376 1390 1414 fit
1411 1377 1466 1413 ubi

89 1432 172 1468 aqua
185 1422 228 1456 est
246 1425 385 1470 gravior.

126 1471 217 1505 Hinc
235 1469 272 1505 fit
286 1483 322 1507 ut
334 1484 404 1520 quae
420 1474 453 1507 iu
475 1473 548 1508 ac‘re
566 1472 706 1521 appensa
722 1483 813 1508 erant
830 1474 863 1508 in
886 1471 1069 1521 aequilibrio
1083 1501 1092 1515 ,
1109 1474 1140 1508 id
1164 1476 1318 1510 amittant
1339 1477 1467 1525 :equili-

90 1517 199 1554 brium
211 1548 219 1562 ‚
235 1532 309 1556 cum
322 1523 355 1556 in
365 1534 449 1569 aqua
457 1521 689 1570 appenduntur.
714 1523 767 1556 Sic
780 1520 837 1556 ubi
853 1521 1023 1570 plumbum
1035 1550 1045 1565 ,
1060 1527 1094 1559 &
1113 1535 1245 1571 cuprum
1261 1527 1292 1559 in
1312 1537 1386 1560 aere
1407 1539 1465 1575 ap-

90 1566 188 1615 pensa
212 1568 283 1604 sunt
300 1571 334 1604 in
345 1569 528 1617 aequilibrio
543 1598 553 1614 ,
567 1570 609 1605 ab
621 1582 661 1605 eo
676 1571 825 1606 excidunt
839 1572 871 1605 in
883 1582 965 1617 aqua
973 1571 1162 1618 ponderata.
1188 1574 1276 1608 Nam
1295 1573 1465 1622 plumbum

91 1618 127 1650 in
143 1628 225 1663 aqua
243 1619 403 1652 minorem
420 1618 528 1653 locum
547 1630 683 1666 occupat
696 1648 706 1662 ,
718 1630 815 1665 quam
837 1617 978 1665 ejusdem
998 1618 1149 1665 ponderis
1167 1631 1300 1667 cuprum
1314 1635 1320 1655 :
1332 1624 1416 1656 unde
1431 1628 1467 1659 δε

92 1665 217 1700 minore
229 1677 318 1713 aquae
333 1666 420 1701 mole
436 1666 589 1703 libratur:
605 1679 702 1715 quare
715 1666 735 1701 fi
745 1669 780 1702 in
789 1678 871 1715 aqua
884 1667 1109 1716 appendantur
1119 1696 1130 1712 ‚
1141 1670 1254 1704 vincet
1266 1669 1440 1719 plumbum
1454 1701 1465 1715 ‚

91 1713 181 1760 quod
191 1716 225 1749 in
233 1726 307 1748 aere
323 1715 387 1750 fuit
401 1717 433 1750 in
452 1714 645 1764 aequilibrio.

131 1762 360 1810 Qamobrem
382 1776 494 1812 corpus
520 1776 609 1811 aquze
631 1766 815 1801 immersum
838 1778 877 1801 ex
891 1768 983 1801 omni
1005 1776 1096 1815 parte
1112 1769 1372 1816 premitur3pars
1384 1769 1467 1804 illius

93 1810 214 1845 summa
227 1811 384 1856 deorsum,
402 1825 473 1861 pars
485 1812 593 1848 infima
606 1813 721 1849 sursum
734 1816 884 1864 adigitur.
913 1816 949 1849 Id
961 1827 1039 1850 vero
1055 1814 1076 1850 fi
1085 1829 1170 1864 aqua
1183 1817 1230 1851 est
1250 1816 1353 1851 levius
1364 1847 1373 1861 ‚
1402 1818 1466 1853 sur-

93 1858 159 1894 sum
169 1858 209 1894 ab
225 1873 308 1907 aqua
320 1860 377 1896 fibi
400 1860 559 1910 subjecta,
575 1870 664 1913 cujus
682 1869 783 1913 majus
797 1864 840 1899 est
860 1865 1262 1913 momentumrepellitur.
1286 1867 1374 1901 Nam
1395 1880 1468 1902 cor-

93 1921 151 1956 pus
162 1937 170 1952 ‚
190 1921 225 1943 ut
234 1909 392 1953 diximus,
403 1924 476 1946 cum
488 1911 603 1959 aequali
617 1925 705 1960 aquae
721 1913 806 1948 mole
821 1924 945 1963 pugnat
956 1941 966 1956 ,
981 1918 1016 1950 ὅ(
1034 1913 1168 1949 libratur
1183 1930 1191 1951 ε
1213 1915 1282 1950 haec
1305 1913 1325 1948 fi
1337 1918 1467 1962 gravior

94 1958 143 1992 est
155 1985 165 1998 ,
175 1956 291 1991 sursum
300 1972 414 2008 corpus
429 1960 531 2008 adigit
544 1975 551 1996 :
563 1972 599 1995 ut
618 1960 753 1997 silevior
762 1961 839 1997 esset
851 1975 909 2011 par
925 1974 1013 2010 aquae
1025 1962 1127 1998 moles
1142 1992 1151 2006 ,
1170 1976 1284 2012 corpus
1295 1963 1381 1999 infra
1398 1965 1468 1999 des-

95 2005 260 2040 cenderet.
276 2009 363 2042 Hinc
381 2007 504 2043 situlam
516 2022 599 2056 aqua
609 2010 739 2058 plenam
756 2011 844 2046 nullo
853 2023 937 2060 pene
951 2015 1087 2061 negotio
1097 2011 1116 2047 ἐι
1131 2012 1234 2047 fundo
1247 2014 1335 2061 putei
1356 2014 1395 2047 ad
1413 2026 1468 2048 ex-

98 2055 214 2087 timam
233 2053 313 2089 illius
337 2055 534 2104 superficiem
555 2058 753 2095 attollimus:
767 2073 832 2096 non
852 2061 942 2108 quod
958 2072 1040 2108 aqua
1067 2063 1099 2095 in
1127 2060 1181 2096 suo
1202 2061 1275 2096 loco
1302 2060 1338 2096 fit
1355 2074 1467 2109 expe<s

96 2103 248 2150 ponderis
261 2116 269 2137 ε
283 2115 355 2138 cum
366 2106 492 2140 idemin
506 2106 661 2149 vase‚utin
675 2109 763 2144 dolio
775 2113 977 2158 experiamur
988 2124 995 2145 ε
1010 2108 1061 2143 sed
1073 2111 1158 2156 quod
1171 2122 1254 2157 aqua
1266 2109 1359 2145 fitulae
1371 2123 1467 2157 quam

98 2151 291 2185 extrahimus
302 2181 310 2195 ‚
327 2155 570 2200 :equiponderct
583 2173 590 2197 3
602 2168 637 2190 ac
650 2155 747 2192 situlae
760 2160 894 2207 pondus,
910 2159 1054 2206 quandiu
1067 2161 1148 2195 intra
1161 2171 1277 2206 aquam
1293 2171 1329 2193 ea
1340 2160 1467 2193 demer-

96 2201 193 2247 gitur,
207 2199 247 2233 ab
261 2203 375 2247 aequali
385 2215 474 2248 aquae
490 2203 632 2251 pondere
647 2205 839 2244 sustineatur.

139 2263 166 2283 2.
192 2251 236 2283 Ex
244 2250 280 2283 iis
292 2250 454 2299 colligitur
464 2264 529 2286 non
547 2251 685 2299 liquores
701 2257 800 2291 modo
810 2286 817 2299 ,
830 2257 881 2292 sed
896 2260 996 2292 etiarn
1008 2256 1166 2298 solidiora,
1181 2261 1213 2291 ὃς
1224 2258 1370 2303 graviora
1380 2267 1468 2301 quae-

98 2309 160 2344 que
176 2310 310 2345 corpora·
323 2301 529 2347 intraaqimni
543 2303 587 2335 ita
600 2300 741 2349 suspendi
756 2305 892 2352 posl'e‚iir
904 2307 944 2340 ad
964 2306 1100 2340 fundum
1118 2317 1209 2348 aquae
1219 2316 1283 2338 non
1302 2304 1466 2338 decidant:

97 2347 129 2380 id
149 2359 226 2381 vero
237 2346 273 2383 fic
289 2347 437 2384 efficitur.
453 2351 583 2384 Vin-cus
599 2379 605 2388 ,
620 2357 652 2387 &
665 2351 842 2402 praelongus
857 2353 971 2397 tubus,
985 2357 1070 2398 cujus
1087 2351 1244 2386 orificium
1263 2353 1313 2386 vix
1336 2353 1411 2387 duas
1424 2351 1464 2385 li-

97 2407 171 2431 neas
183 2408 274 2445 paret
285 2427 294 2442 ‚
306 2401 389 2435 intra
405 2398 580 2447 subjeetum
591 2400 823 2450 hydrargyrum
833 2406 1034 2451 immergitur
1045 2429 1055 2445 ‚
1078 2413 1143 2436 tum
1154 2399 1294 2436 fuffione
1306 2413 1363 2448 per
1375 2401 1466 2450 supe-

1215 2452 1248 2484 x
1273 2451 1308 2497 iij
