1878 2724
523 129 592 164 DE
640 127 955 164 METEOROE.
1056 124 1059 125 ’
1356 135 1409 172 3oe

540 224 908 263 CAPUTvu

372 324 533 371 Praepruae
555 333 720 358 ventorum
730 324 849 371 species
870 321 1084 370 explicantur.

30 415 273 506 VEntisunt
289 417 344 453 alii
357 419 540 467 generales,
557 419 612 454 alii
630 421 724 454 certis
743 418 821 453 Iocis
844 417 933 453 affixi
964 433 974 460 ς
1004 418 1129 463 utrique
1154 416 1223 453 sunt
1245 426 1302 452 aut
1323 430 1403 453 con-

38 493 60 505 ,«
125 468 257 510 stanteS,
271 479 325 502 aut
345 467 516 504 mutabiles
531 496 541 510 ‚
572 479 608 503 ut
625 467 838 502 eorum‘causa
853 468 899 501 est
920 465 1076 514 generalis
1103 477 1158 500 aut
1189 465 1405 513 particularis:

29 513 185 562 generalis
199 515 246 549 est
260 527 374 552 ventus
395 519 450 565 qui
466 529 584 565 magno
602 515 722 557 telluris
748 516 850 550 trailu
871 527 927 563 per
942 526 1047 550 totum
1063 513 1132 549 fere
1146 526 1264 550 annum
1276 517 1310 548 in
1328 517 1407 549 mari

29 563 137 610 spirat.

62 613 236 648 Generales
256 616 348 650 venti
359 611 428 649 sunt
438 613 664 648 tantummodo
674 615 706 648 in
721 616 814 648 Zona
833 613 956 647 torrida
970 627 978 648 :
993 615 1014 647 ii
1029 611 1219 661 plerumque
1231 610 1274 646 ab
1286 613 1408 647 Orien„

30 671 63 696 te
75 659 211 708 spirant:
229 662 297 697 sunt
315 665 402 698 enim
415 662 468 697 vel
480 665 562 697 Euro
580 661 801 704 collaterales,
822 672 878 696 aut
889 664 984 696 Eurus
1004 660 1070 709 ipse
1092 675 1101 696 ε
1119 660 1282 694 interdum
1300 672 1408 696 tamen

29 709 70 744 ad
82 709 208 756 aliquot
219 711 332 758 gradus
345 710 435 747 extra
446 712 603 758 Tropicos
614 721 728 745 ventus
748 709 803 744 ille
816 710 994 745 Orientalis
1009 711 1159 744 excurrit.
1185 710 1272 743 Hinc
1293 709 1312 744 a
1331 722 1409 758 pro-

30 760 193 793 montorio
211 761 307 794 Bonae
323 762 399 808 Spei
411 760 451 794 ad
467 758 624 795 Brasiliam
641 759 794 794 constanti
808 770 909 793 vento
924 769 978 792 aut
987 760 1071 793 Euro
1082 786 1092 800 ,
1110 768 1165 791 aut
1187 759 1385 792 Euro-Borea
1398 775 1408 801 3

30 804 51 840 ὲ.
61 805 249 855 Philippinis
259 810 291 842 in
302 809 444 844 Africam
455 808 541 842 idem
553 819 669 844 ventus
690 819 804 856 regnat
818 823 827 852 ς
847 805 898 841 sed
916 820 982 842 non
993 807 1105 841 eadem
1118 806 1298 841 constantia
1312 820 1320 842 :
1333 819 1408 843 nam

30 866 162 903 propter
186 856 335 903 quasdam
353 855 468 891 insulas
494 857 725 904 interpellatur.
1135 900 1141 902 „

57 904 149 949 ‚Qae
163 903 199 938 fit
207 905 295 953 hujus
306 905 414 941 motus
436 905 524 940 causa
536 934 546 949 ,
565 918 605 940 ex
617 906 711 940 dietis
728 903 824 940 facile
840 903 1003 952 colligitur
1026 917 1034 939 :
1062 914 1169 950 neque
1194 906 1284 939 enim
1311 904 1364 939 vel
1388 904 1408 940 a

54 953 136 986 rimo
150 951 286 998 mobili,
298 966 334 989 ut
346 953 482 1002 vulgaris
496 954 539 988 est
553 956 664 1002 opinio
679 955 967 1001 Peripateticorum
983 969 992 996 3
1007 964 1067 987 nec
1084 952 1169 987 forte
1183 951 1203 987 a
1221 954 1333 988 diurna
1347 953 1409 987 tel-

29 963 102 1035 linis
115 1003 293 1050 vertigine,
307 1002 359 1038 sed
373 1002 395 1038 ὲ
415 1002 479 1038 sole
490 1002 557 1050 ipso
579 1006 634 1050 qui
653 1014 724 1037 eam
742 1004 830 1037 viam
844 1000 953 1035 insistit
965 1029 974 1043 ‚
985 1001 1069 1035 hunc
1082 1011 1207 1035 motum
1220 1001 1293 1035 duci
1308 1001 1417 1049 pleri-‘

29 1060 93 1095 que
104 1048 319 1087 arbitrantur?
335 1064 408 1086 cum
425 1052 465 1085 de
480 1052 531 1085 die
540 1053 645 1085 nautis
655 1049 802 1085 omnibus
813 1050 844 1083 id
855 1048 1082 1083 attestantibus
1099 1051 1247 1096 vegetior
1263 1049 1299 1084 sit
1310 1050 1410 1096 quam

30 1097 71 1131 de
82 1099 177 1132 ηοᾶε
190 1112 197 1134 :
210 1097 255 1133 sol
266 1102 351 1134 enirn
365 1111 515 1146 magnam
528 1111 685 1146 vaporum
705 1101 831 1147 copiam
841 1098 858 1133 ὲ
868 1099 946 1132 mari
959 1096 1102 1143 subjeCko
1113 1099 1319 1132 continenter
1330 1099 1412 1132 edu.
1435 1110 1442 1114 “

30 1147 162 1181 citrlmo
180 1148 213 1181 in
224 1148 335 1183 nostro
353 1150 491 1182 Oceano
510 1146 565 1181 ubi
581 1159 634 1181 aer
645 1146 687 1181 ab
703 1146 852 1181 omnibus
862 1145 931 1180 aliis
949 1147 1055 1180 ventis
1080 1143 1162 1179 liber
1179 1146 1280 1180 existit
1299 1173 1309 1188 ,
1330 1144 1415 1195 saepe'

30 1204 105 1229 aura
120 1197 221 1229 tenuis
242 1207 366 1231 motum
380 1195 451 1230 solis
462 1195 676 1243 consequitur.
695 1195 785 1230 Idem
802 1197 889 1229 enirn
910 1192 960 1228 hic
974 1193 1090 1227 accidit
1103 1204 1202 1240 atque
1228 1197 1263 1229 in
1287 1194 1412 1243 vulgari

30 1245 253 1290 experimento
271 1245 437 1280 candentis
453 1244 530 1279 ferri
546 1272 556 1286 ,
579 1245 668 1290 quod
686 1243 771 1278 secus
783 1255 902 1289 aquarn
923 1252 1050 1275 motum
1072 1253 1127 1274 aer
1146 1242 1260 1276 itidem
1272 1244 1410 1290 agitatus

30 1289 229 1338 subsequitur
243 1306 250 1327 :
264 1305 299 1327 ut
312 1305 350 1327 ex
363 1292 491 1341 pluma,
513 1304 566 1327 aut
582 1293 647 1327 levi
666 1303 801 1340 corpore
823 1288 966 1338 suspenso
987 1291 1158 1337 percipitur
1183 1308 1192 1334 5
1221 1301 1410 1326 extenuatus

30 1341 119 1374 enim
134 1352 187 1374 aer
202 1341 242 1374 ad
255 1340 284 1375 se
301 1341 401 1376 allicit
415 1340 609 1385 densioremd
625 1353 678 1376 aut
689 1343 796 1390 potius
807 1339 954 1374 dilatatus
978 1350 1031 1372 aer
1050 1350 1112 1385 prae
1125 1338 1230 1374 calore
1244 1367 1254 1383 ‚
1265 1337 1306 1373 eo
1318 1339 1348 1374 se
1361 1352 1413 1380 re-‚

31 1390 109 1436 cipit
122 1416 133 1431 ‚
156 1388 213 1423 ubi
227 1391 333 1424 minor
353 1392 396 1425 est
408 1392 553 1438 agitatio.

78 1438 160 1471 Fieri
171 1440 269 1473 etiam
284 1440 391 1485 potest
403 1450 438 1473 ut
447 1451 528 1486 aqua
537 1440 631 1473 maris
643 1443 694 1481 ,&
704 1450 756 1472 aer
768 1436 969 1480 incumbem,
985 1441 1072 1482 (nam
1086 1435 1244 1482 utriusque
1262 1436 1349 1471 idem
1364 1437 1411 1471 est

32 1486 159 1528 motus)
180 1487 285 1521 calore
295 1485 366 1523 solis
375 1487 613 1529 dilatentur‚&
626 1486 810 1522 attollantur
824 1486 925 1522 :unde
943 1488 974 1519 in
986 1497 1091 1532 partes
1111 1483 1320 1531 depreffiores
1338 1484 1412 1518 sub-

31 1535 106 1569 inde
121 1533 306 1569 relabuntur
327 1550 335 1571 z
369 1547 404 1570 ut
419 1534 582 1582 ingeniose
606 1536 736 1581 conjicit
760 1534 882 1569 Clariis.
898 1533 1032 1569 Voffius.
1065 1534 1151 1579 Qia
1171 1532 1263 1580 lege,
1282 1534 1410 1579 inquit,

32 1593 153 1618 naturae
169 1582 210 1616 ab
228 1583 397 1618 altioribus
411 1584 448 1617 ad
460 1583 634 1617 decliviora
652 1583 688 1617 fit
698 1594 803 1617 motus
817 1597 824 1617 :
843 1582 932 1629 quod
945 1584 1029 1616 enim
1043 1593 1152 1628 aequor
1165 1608 1174 1622 ‚
1191 1581 1223 1613 id
1242 1579 1340 1627 ipfiim
1352 1588 1413 1628 pa-‘

35 1633 111 1664 titur
119 1643 172 1664 aer
190 1631 264 1665 huic
276 1631 484 1666 incumbens:
503 1632 616 1665 eadem
633 1631 702 1665 sunt
712 1629 873 1676 utriusque
887 1630 975 1664 velut
991 1630 1124 1676 liquoris
1142 1627 1228 1675 leges
1246 1627 1411 1675 hydr-osta-

34 1681 114 1713 ticae.
135 1680 221 1713 Cum
238 1679 282 1714 sol
300 1681 341 1714 est
357 1683 391 1714 in
405 1679 495 1726 [ignis
507 1679 692 1714 Borealibus
702 1678 720 1714 ὲι
730 1678 837 1713 mense
851 1680 974 1713 Mattio
985 1678 1080 1724 usque
1092 1677 1132 1710 ad
1145 1675 1412 1718 O&obrem,tum

33 1738 149 1762 ventus
166 1727 222 1761 ille
237 1731 336 1776 magis
351 1720 493 1767 deflectit
504 1731 535 1763 in
555 1729 817 1775 Septentrionem
829 1755 838 1769 ‚
857 1738 969 1761 contra
980 1727 1096 1760 accidit
1110 1728 1143 1759 in
1161 1724 1228 1758 aliis
1241 1723 1411 1762 menfibus.·

34 1778 124 1822 Saepe
141 1788 266 1810 montes
279 1778 318 1810 ad
334 1779 507 1813 Orientem
525 1775 616 1824 pofiti
631 1776 713 1812 hunc
730 1787 862 1810 ventum
883 1775 1082 1822 impediunt3
1103 1776 1185 1807 utin
1196 1774 1412 1817 Guinaea,ubi

34 1824 164 1859 molesta
179 1825 353 1860 admodum
366 1832 399 1862 &
410 1824 532 1860 taediosa
551 1825 596 1859 est
613 1825 746 1860 malacia
763 1836 863 1872 prope
877 1834 1086 1871 aequatorem.
1109 1824 1201 1870 Saepe
1217 1823 1315 1857 etiam
1330 1829 1412 1858 ven-¹

37 1875 60 1907 ti
75 1875 131 1920 qui
143 1872 162 1908 ὲι
174 1884 256 1907 terta
272 1873 390 1921 spirant
400 1903 409 1917 ‚
426 1874 518 1921 hujus
534 1875 627 1909 ,venti
643 1875 711 1908 vim
727 1873 890 1920 frangunt.
1409 1881 1412 1886 '

76 1934 104 1956 2.
116 1921 208 1955 Circa
219 1921 412 1969 trigesimum
422 1923 491 1958 fere
507 1921 685 1956 latitudinis
708 1921 842 1970 gradum
861 1919 1026 1956 Orientali
1044 1931 1144 1956 vento
1164 1918 1335 1968 plurimum
1353 1920 1412 1954 de-

34 1968 163 2004 bilitato
175 1981 287 2016 regnat
299 1971 433 2017 persaepe
444 1971 664 2005 Occidentalis
675 1999 683 2013 ‚
698 1972 755 2017 qui
766 1969 850 2004 forte
863 1969 941 2004 nihil
957 1968 1002 2002 est
1017 1981 1131 2016 praeter
1153 1970 1311 2015 tropicum
1326 1996 1336 2011 ‚
1361 1967 1412 2002 seu

36 2016 241 2053 Orientalern
253 2016 293 2051 ab
302 2018 451 2066 oppofitis
466 2017 625 2052 littoribus
640 2018 803 2053 reflexum.
825 2019 924 2053 Unde
943 2018 994 2052 hic
1015 2029 1130 2052 ventus
1145 2019 1318 2052 maximam
1337 2018 1413 2051 anni

36 2077 160 2114 partem
170 2067 201 2100 in
212 2065 259 2099 his
269 2067 453 2114 regionibus
464 2077 585 2112 regnat.
599 2069 760 2113 Siepenes
779 2068 884 2100 varios
897 2066 1077 2100 reflexionis
1086 2066 1199 2113 gradus
1212 2064 1266 2098 alii
1279 2063 1413 2099 subinde

36 2116 125 2149 venti
146 2116 334 2150 excitantur.
367 2116 475 2161 Qare
492 2114 710 2149 Occidentalis
724 2126 837 2149 ventus
849 2142 858 2156 ,
882 2114 934 2148 seu
946 2114 1115 2163 Zephyrus
1144 2115 1226 2147 inter
1238 2122 1415 2159 perenne33

37 2173 94 2197 aut
117 2163 315 2197 stationarios
336 2164 440 2210 potest
462 2165 618 2197 numerari
639 2178 646 2198 z
672 2174 810 2208 cumque
836 2161 881 2196 sol
904 2161 1040 2210 insignis
1060 2160 1251 2197 Australibus
1272 2172 1412 2194 commo-

39 2222 123 2245 ratur
143 2240 153 2255 ,
168 2216 240 2258 ,jam
262 2211 283 2247 ἐι
305 2210 457 2259 vigesimo
483 2213 598 2258 quinto
625 2211 803 2246 latitudinis
829 2211 928 2258 gradu
952 2212 1109 2258 incipiunt
1132 2210 1221 2244 venti
1248 2205 1413 2242 Occidem

43 2258 130 2295 tales.
1436 2260 1439 2263 ’

78 2309 115 2341 In
129 2310 271 2346 Peruviae
294 2308 453 2343 littoribus
472 2313 504 2344 ὃ(
519 2305 609 2341 Chili
624 2305 774 2341 australes
791 2321 874 2356 pene
890 2310 1092 2343 continenter
1114 2303 1239 2351 spirant.
1256 2304 1345 2336 Hinc
1363 2315 1414 2336 na.

42 2367 97 2391 ves
115 2367 189 2393 auro
204 2385 214 2401 ,
234 2363 411 2405 &argento
426 2357 538 2392 onustae
566 2356 673 2404 paucis
692 2354 800 2390 diebus
835 2359 926 2393 Lima
940 2360 1114 2392 Panamam
1125 2352 1315 2399 perveniunt
1333 2368 1341 2394 3
1365 2352 1418 2385 [cd
