1878 2724
65 187 186 225 cristatis
199 189 343 223 otiantur
356 216 366 232 ,
383 201 450 237 quo
464 189 571 225 succus
596 192 628 224 in
646 192 683 224 iis
702 191 803 238 magis
819 198 1009 237 expurgetur
1022 205 1031 233 3
1044 198 1081 223 ut
1101 186 1182 223 rami
1197 199 1350 238 tanquam
1368 161 1444 229 ξιξ-3

64 237 134 272 chia
144 249 256 272 trunco
266 236 389 271 arboris
404 250 458 286 per
471 239 673 286 interje&um
689 239 810 273 nodum
824 267 833 281 ‚
846 237 937 272 velut
948 236 1030 272 callo
1040 237 1182 284 quodam
1195 237 1329 274 obducti
1339 243 1444 278 cohae-

62 296 155 320 reant
169 286 178 330 ἕ,
191 297 226 320 ut
239 297 289 319 coz
299 288 359 319 rice
371 297 509 330 truncus,
517 298 573 322 aut
585 287 684 322 caulis
694 298 831 335 tegatur,
844 298 880 321 ut
887 297 1003 320 cortex
1016 284 1082 333 ipse
1092 287 1186 320 variis
1199 285 1352 324 fibrarum
1363 303 1444 338 qua-

61 333 83 369 Ω
93 345 266 369 nervorum
279 333 428 370 ductibus
439 348 532 370 carne
541 346 593 369 aut
602 335 854 383 parencbymate
867 363 877 378 ‚
896 339 929 371 &
945 345 1067 368 tunicis-
1077 334 1203 369 constet
1219 350 1227 371 :
1249 337 1331 371 adeo
1343 351 1376 374 ut
1391 342 1442 376 in-

63 381 188 417 tetdum
207 384 309 417 tenuis
319 382 355 417 fit
363 412 373 427 ,
384 395 419 418 ut
429 386 461 419 in
473 383 561 418 lauro
579 400 588 427 ;
602 383 844 419 membranosus
855 411 864 425 ‚
889 384 966 417 utin
979 383 1154 426 arundine3
1174 382 1282 419 crassus
1294 387 1326 420 in
1343 400 1442 436 popu.

58 429 95 465 lo
105 458 114 473 ,
127 429 286 466 aculeatus
296 434 329 466 in
338 434 437 467 urtica
451 461 462 476 ‚
479 432 495 467 s
515 430 617 467 inosus
630 434 664 467 in
675 431 757 466 rubo
767 459 778 475 ‚
798 430 947 468 nervosus
962 433 994 466 in
1013 433 1081 465 vite
1094 458 1106 474 ,
1122 443 1293 468 contumax
1308 437 1340 469 in
1350 435 1418 472 lino
1431 466 1442 482 ‚

61 477 174 528 glaber
191 482 224 514 in
238 478 300 514 ficu
311 509 321 524 ,
335 479 423 528 asper
435 483 467 515 in
495 479 608 516 uberes
1346 503 1348 505 ·

94 526 173 562 Illud
190 539 322 575 quoque
334 527 544 564 consideranti
562 527 710 576 liquebit*
725 539 851 577 partem
871 529 1008 563 caudicis
1022 531 1133 563 cortici
1152 532 1330 577 proximam
1346 544 1383 566 ex
1403 531 1441 568 fi-

60 574 125 610 bris
140 577 172 611 in
190 575 325 625 longum
336 577 436 612 ductis
446 575 506 612 else
516 576 736 625 compositam.
757 580 843 625 Qae
864 576 971 611 mollis
988 578 1068 612 estin
1080 577 1188 611 herbis
1199 578 1343 626 plurimis
1361 597 1370 622 3
1386 581 1444 616 du-

50 633 94 658 ra
106 625 286 668 interdum,
300 636 335 660 ut
351 627 391 660 in*
404 624 492 660 buxo
502 643 512 669 ;
545 628 650 674 inguis
664 628 695 660 in
710 625 889 669 refiniferis,
903 625 972 659 laxa
987 627 1018 660 in
1038 626 1154 660 hedera
1166 655 1176 669 ,
1187 626 1273 662 lenta
1291 629 1322 661 in
1339 626 1441 665 salice.

59 674 112 707 sic
125 672 263 708 medulla
275 675 324 708 cui
340 685 410 722 pars
426 639 546 723 lignosa
563 674 654 709 velut
665 685 739 708 caro
749 674 796 708 est
806 673 990 708 circumfusa
999 701 1008 712 ‚
1023 673 1085 708 five
1105 673 1141 708 sit
1153 687 1224 723 par-s
1234 675 1350 723 plantae
1360 676 1442 724 sper-

59 723 196 765 mfflca,
212 721 275 757 five
290 721 368 757 alios
383 721 504 757 habeat
524 722 591 757 usus
608 751 618 766 ,
643 721 699 760 vel
712 722 843 771 fungosa
858 722 924 765 est,
941 734 975 757 ut
992 724 1025 756 in
1038 721 1274 768 sambuc03vel
1294 724 1442 773 lignosa,

59 771 138 804 utin
149 772 226 818 pinu
238 788 247 815 3
257 770 310 805 vel
328 771 483 819 praedura',
497 783 533 806 ut
543 773 575 806 in
589 783 700 806 corno.

105 821 203 853 Nunc
219 819 337 867 quibus
349 819 464 867 plantae
481 819 625 855 constent
640 817 803 868 partibus,
820 818 937 867 quibus
962 818 1052 855 velut
1074 823 1202 870 organis
1228 821 1439 870 instruantur„

58 866 154 913 paulo
164 870 281 902 acriori
294 872 403 903 animo
415 870 612 904 intueamur*
779 911 782 913 ι

88 918 127 950 Et
137 916 271 963 quidem
284 915 305 950 fi
314 918 486 965 praecipuas
499 928 622 952 tantum
633 921 667 953 &
676 913 827 950 omnibus
837 912 951 950 obvias
963 916 1108 966 stirpium
1125 930 1231 967 partes
1248 922 1366 968 exequi
1375 934 1440 957 vo-

51 962 158 998 lumus
169 992 180 1006 ,
196 964 278 999 nihil
289 964 357 1000 fere
372 967 471 1013 magis
485 965 531 1000 est
545 967 578 1001 in
589 964 747 1014 proclivi,
757 969 789 1000 ὃ(
805 975 873 998 rem
886 976 988 1000 totam
997 971 1164 1015 perpaucis
1175 966 1282 1003 verbis
1295 970 1440 1018 comple-

58 1013 190 1049 &emun
206 1015 318 1050 Nemo
334 1017 422 1049 enim
441 1014 510 1048 fere
529 1014 576 1049 est
588 1016 644 1062 qui
660 1011 780 1049 nesciat
795 1011 963 1051 herbas&
977 1014 1107 1050 arbores
1121 1018 1248 1059 radice,
1269 1017 1371 1061 caule,
1385 1019 1439 1055 vel

47 1070 170 1095 >trunco
181 1090 190 1105 ‚
199 1064 295 1098 ramis
306 1090 316 1105 ,
331 1067 365 1099 &
380 1061 464 1097 foliis
475 1063 618 1097 constare
630 1077 638 1098 ε
652 1061 801 1096 fruticem
814 1064 1002 1097 vacaneum
1015 1064 1119 1108 plures
1131 1064 1199 1099 fere
1210 1077 1352 1113 exaequo
1364 1079 1440 1102 cau-

56 1109 143 1144 dices
163 1110 345 1147 ascendunt:
357 1111 403 1145 est
415 1121 523 1146 tamen
535 1110 638 1145 frutex
653 1112 738 1144 inter
745 1108 894 1143 arborem
912 1115 946 1146 &
958 1110 1094 1153 herbam
1107 1114 1218 1147 medio
1232 1113 1306 1148 loco
1324 1116 1440 1150 consti„

58 1168 144 1192 tutus
160 1172 173 1194 :2
186 1171 290 1194 ramos
300 1159 353 1194 vel
363 1159 460 1193 radici
471 1161 650 1206 proximam
661 1156 781 1193 habere
790 1159 948 1206 originem
959 1187 968 1202 ,
979 1170 1017 1193 ut·
1028 1161 1058 1196 in
1072 1160 1231 1207 cupreism
1250 1161 1303 1196 vel
1313 1161 1439 1211 longius

54 1206 77 1241 a
88 1206 214 1250 radice,
225 1219 259 1242 ut
271 1208 412 1254 quaedam
421 1206 552 1242 brachia
563 1208 703 1255 porrigi,
716 1217 753 1240 ut
767 1208 799 1240 in
815 1217 948 1253 quercu3
961 1207 1024 1242 sive
1036 1208 1168 1243 confuso
1186 1238 1195 1252 ,
1209 1208 1272 1244 five
1281 1222 1370 1245 certo
1382 1212 1439 1248 fiat

55 1255 420 1300 ordine‚utinabiere;
450 1268 505 1290 eos
531 1258 587 1303 qui
610 1256 759 1302 postremi
784 1253 949 1290 nalcuntur
966 1256 1105 1292 ramulos
1120 1285 1130 1300 ,
1149 1260 1256 1292 vocari
1279 1257 1437 1304 surculos,

52 1302 401 1353 praesertimampurato
415 1306 554 1340 vertice:
570 1315 607 1339 ut
624 1302 762 1338 stolones
785 1303 931 1338 dicuntur
943 1306 999 1351 qui
1017 1317 1055 1339 ex
1068 1304 1191 1340 arboris
1206 1310 1271 1353 jam
1284 1310 1437 1355 grandim

55 1355 96 1386 ris
109 1352 269 1388 radicibus
283 1364 472 1401 emergunt:
484 1352 706 1402 Turgescentis
719 1356 752 1389 &
764 1351 907 1387 nondum
921 1353 1196 1401 explicatisurculi
1220 1357 1436 1403 primordium

55 1412 220 1450 gemmam
232 1431 242 1446 ‚
257 1407 291 1439 δε
301 1401 430 1437 oculum
441 1403 593 1438 vocitarL-
741 1447 746 1450 ι
1171 1447 1174 1448 ⁷

91 1449 173 1485 Illud
182 1453 450 1498 quoquenemini
458 1450 626 1486 obscurum
639 1449 683 1486 esf
693 1480 704 1494 ,
721 1449 819 1493 folia,
839 1446 936 1485 flores
947 1479 957 1493 ,
980 1451 1123 1493 fruetus,
1150 1450 1270 1487 semina
1282 1464 1436 1501 tanquam

52 1511 154 1535 novas
165 1499 288 1548 plantas
301 1502 439 1548 principi
451 1498 568 1547 planrae
578 1498 778 1534 succrescere.
793 1501 900 1545 Atque
909 1511 952 1533 eae
962 1498 1033 1534 sunt
1042 1501 1200 1548 praecipuae
1212 1501 1352 1549 stirpium
1364 1515 1436 1549 par-

55 1557 102 1581 tes
113 1577 123 1590 ‚
141 1548 182 1582 de
191 1547 305 1596 quibus
317 1549 391 1583 ante
403 1560 469 1582 non
480 1547 637 1595 poffumus
650 1545 798 1582 differere
808 1576 818 1590 ,
829 1546 927 1594 quam
939 1558 1048 1595 partes
1064 1549 1206 1596 stirpium
1224 1561 1435 1596 communes,

53 1601 88 1633 &
105 1595 389 1632 fimilaresfuerint
403 1607 566 1642 utcunque
580 1596 754 1644 explicatae.
971 1607 973 1609 ·

90 1647 135 1680 Ex
155 1644 274 1679 semine
294 1644 403 1692 planta
415 1646 534 1691 quaevis
548 1655 583 1678 ut
596 1646 759 1693 originem
771 1644 856 1679 suam
868 1673 878 1687 ,
891 1643 931 1679 fic
948 1655 1055 1692 par-tes
1074 1646 1282 1692 primigenias
1297 1651 1331 1682 ὅ(
1344 1659 1434 1683 com-

46 1704 165 1728 munes
174 1693 350 1740 depromit.
363 1697 407 1729 Ex
423 1691 545 1727 duobus
559 1705 656 1740 porro
669 1693 918 1740 unumquodque
929 1692 1037 1727 semen
1055 1691 1252 1740 pctiffimilrn
1268 1694 1435 1740 coalescit,

47 1753 91 1776 *ex
101 1742 350 1791 parenchymate
363 1740 416 1776 seu
426 1752 523 1776 carne
538 1742 726 1788 quadarn,&
736 1740 874 1776 nervosis
887 1769 897 1783 ‚
906 1740 1092 1787 seul-ignotis
1105 1740 1208 1784 fibris,
1221 1753 1292 1789 quae
1301 1744 1436 1791 in-plan..

53 1801 86 1825 ta
119 1793 219 1825 etiam
244 1803 316 1825 cum
337 1789 503 1833 adolevit,
534 1801 738 1837 permanent.
757 1790 882 1825 Cortex
902 1795 936 1826 &
964 1789 1106 1824 medulla
1129 1802 1166 1824 ut
1189 1791 1317 1825 videtur
1333 1795 1433 1830 Do&

42 1839 167 1873 Grevv
182 1866 197 1882 ,γ
211 1851 250 1873 ex
264 1838 388 1874 seminis
407 1841 417 1872 i
441 1836 499 1873 fius
519 1837 685 1886 spongioso
710 1843 743 1874 &
765 1838 858 1873 molli
873 1837 1125 1887 parenchymate
1143 1838 1339 1875 formantur,
1347 1844 1435 1877 Nam

52 1886 215 1934 utriusque
232 1888 368 1923 eandem
385 1852 446 1922 essPe
458 1888 616 1934 originem
638 1887 712 1921 hinc
728 1886 804 1921 licet
819 1889 979 1934 conjicere
996 1915 1006 1930 ,
1023 1887 1110 1934 quod
1122 1889 1156 1921 in
1171 1889 1206 1920 iis
1217 1887 1333 1922 eadem
1344 1902 1435 1924 mea.

54 1944 143 1969 tuum
155 1941 187 1972 &
197 1939 337 1983 partium
351 1935 569 1971 conformatio
581 1947 638 1983 per
647 1935 893 1983 microscopium
908 1935 1095 1983 detegatur3
1109 1936 1196 1982 quod
1206 1937 1240 1970 in
1261 1937 1367 1972 radice
1390 1940 1435 1974 in.

54 1981 130 2018 fima
142 2012 152 2026 ‚
171 1983 232 2018 ubi*
250 1996 361 2018 cortex
379 1983 424 2018 est
441 1982 590 2026 uberior,
605 1982 654 2017 ibi
670 1996 728 2019 aut
740 1984 844 2027 nulla,
864 1992 919 2018 aut
940 1985 1052 2031 exigua
1071 1983 1106 2020 fit
1127 1983 1269 2018 medulla
1287 1999 1294 2020 :
1322 1998 1434 2023 contra

52 2033 86 2066 in
108 2030 227 2067 summa
243 2033 354 2066 radicis
369 2043 459 2080 parte
471 2060 480 2074 ‚
498 2032 575 2068 &in
585 2043 697 2066 trunco
714 2044 822 2068 cortex
844 2031 880 2067 fit
896 2034 1023 2067 tenuior
1038 2060 1048 2074 ,
1065 2030 1116 2067 sed
1132 2031 1270 2079 amplior
1281 2034 1435 2071 medulla:

52 2079 136 2115 adeo
153 2092 189 2116 ut
203 2093 241 2115 ex
257 2080 371 2115 eadem
387 2081 522 2114 materia
535 2080 692 2127 prodeant
702 2107 713 2123 ,
735 2086 769 2117 δε
782 2083 872 2116 unius
888 2083 1076 2116 imminutio
1092 2080 1129 2115 fit
1139 2081 1265 2115 alterius
1278 2093 1434 2130 augmen..

55 2137 136 2165 tum.

90 2180 204 2225 Iraque
216 2187 325 2213 cortex
338 2174 422 2212 nihil
432 2176 518 2211 aliud
528 2174 650 2212 videtur
660 2176 722 2212 esse
732 2188 842 2224 praeter
851 2175 1021 2213 cuticulam
1030 2209 1041 2223 ,
1060 2184 1092 2215 δέ
1104 2178 1323 2228 parenchyma
1335 2193 1342 2215 :
1360 2180 1434 2215 huic

54 2224 216 2273 subjicitur
229 2238 342 2275 corpus
359 2225 514 2274 lignosum
528 2253 538 2269 ‚
554 2226 642 2273 quod
657 2226 781 2261 solidius
795 2227 835 2261 est
845 2227 1097 2274 parenchymate
1107 2256 1117 2270 ,
1131 2233 1165 2263 δε
1177 2239 1215 2260 ex
1226 2227 1330 2260 radice
1343 2227 1435 2262 semi-

43 2274 118 2310 nali
130 2303 139 2317 ‚
161 2274 258 2322 quam
267 2276 301 2310 in
320 2273 402 2309 lobis
413 2273 559 2316 seminis,
582 2279 616 2310 δε
632 2276 777 2322 germine
787 2274 847 2310 effe
861 2276 969 2323 postea
979 2277 1121 2311 dicemus
1132 2303 1141 2318 ,
1156 2287 1262 2309 ortum
1274 2274 1359 2310 suum
1372 2276 1433 2311 du-

56 2327 108 2355 cit.
127 2325 198 2357 Pori
214 2325 244 2357 in
255 2323 528 2372 parenchymate‚
547 2327 579 2358 &
599 2324 630 2356 in
648 2325 766 2358 cortice
786 2323 855 2358 sunt
868 2322 1044 2358 crebriores
1057 2352 1066 2366 ,
1083 2329 1115 2360 ὅ(
1135 2325 1168 2357 in
1193 2334 1306 2357 omnes
1326 2334 1431 2370 partes

57 2369 212 2417 dffifiyin
225 2371 348 2422 lignoso
363 2383 497 2421 corpore
507 2369 578 2409 {unt
594 2373 758 2420 pauciores
769 2400 781 2417 ‚
791 2369 841 2408 sed
852 2372 1044 2422 plerumque
1053 2376 1199 2421 majores,
1216 2372 1289 2426 &in
1298 2370 1435 2421 longum

1150 2423 1181 2457 K
1192 2431 1214 2456 K
1225 2431 1248 2454 Κ
1267 2424 1290 2468 ij
