1878 2724
546 115 703 152 PARS
748 116 1004 153 TERTIA.
1429 120 1481 163 ως

74 176 131 202 aut
142 163 251 215 phtifis
262 166 361 200 rarior
369 165 412 200 est
425 168 457 201 in
471 166 508 200 iis
535 165 613 202 locis
634 168 691 204 oui
704 165 822 213 cespite
836 178 895 214 pro
914 164 1006 214 ligno
1018 175 1151 200 utuntur
1165 182 1173 210 3
1188 177 1225 200 ac
1240 164 1376 200 sulfurea
1394 178 1482 213 quae-

75 227 141 263 que
153 243 164 258 ‚
175 226 209 250 ut
220 213 400 250 balsamum
417 214 540 250 sulfuris
556 244 565 259 ‚
594 213 717 251 suffitus
731 214 878 257 sulfuris,
894 219 928 251 &
943 216 1056 250 succini
1070 243 1078 257 ,
1094 227 1232 262 quaequc
1243 214 1420 262 pectoralia
1433 215 1482 250 di-

31 302 34 305 ,
70 264 350 312 .cunu1r,pbrilicis
373 265 497 300 utiliter
517 264 735 307 adhibentur,
753 265 840 312 quod
859 262 1018 312 sanguinis
1035 293 1046 308 ‚
1062 264 1226 313 lympliae,
1246 270 1278 300 δε
1300 263 1357 298 seri
1380 266 1480 299 acidi.

73 324 174 351 tatem
191 313 360 351 inhibeant
377 343 388 359 ‚
409 320 442 352 ὅ(
467 316 609 364 inopiae
630 319 742 365 jejuno
758 315 905 363 languini
920 312 1123 358 succurrant,
1151 326 1187 349 ut
1211 312 1337 349 doehss'.
1350 315 1387 347 V
1384 314 1478 350 villis

73 362 247 399 existimat.

109 414 229 460 Neque
242 412 273 447 id
285 410 413 448 inficior
430 412 510 448 alios
525 411 586 448 effe
598 412 814 462 respirationis
829 411 897 448 usus
908 442 918 457 ,
934 425 975 448 ex
988 411 1105 461 quibus
1122 411 1176 448 ille
1189 425 1256 449 non
1272 413 1316 448 est
1327 422 1477 449 contem-

73 462 199 498 nendus
210 491 219 505 ‚
232 463 319 510 quod
331 462 581 511 diaphragmatis
599 474 691 499 motu
702 468 736 500 ὃ(
748 461 835 512 chyli
848 491 858 506 ,
876 466 911 500 &
930 461 1090 511 sanguinis
1102 474 1160 511 per
1177 461 1362 498 abdominis
1377 460 1477 497 visce-

73 523 107 546 ra
127 523 234 546 motus
245 510 423 560 plurimum
436 514 620 561 adjuvetur.
634 514 730 560 Qin
744 514 824 550 &in
837 511 948 548 dissitis
969 511 1113 560 partibus
1136 511 1300 560 respiratio
1319 511 1385 561 ipsa
1407 509 1478 545 san-

72 563 206 610 guinem
217 573 403 608 promovet.
428 562 529 610 Qod
548 564 597 597 vir
611 562 811 610 pereruditus
827 564 871 599 D.
887 561 1099 596 Suamerdam
1117 560 1230 598 illustri
1240 561 1478 610 'experimento

73 609 257 647 confirmat.
274 611 364 646 Vidit
374 613 462 647 enim
473 611 623 660 Lugduni
639 615 832 652 Batavorum
842 613 874 646 in
884 607 1076 647 nosocomio
1086 622 1218 659 puerum
1236 613 1292 658 qui
1311 623 1350 646 ex
1363 610 1426 645 levi
1444 611 1477 644 in

73 659 158 707 pede
171 658 306 694 vulnere
324 658 510 710 sanguinem
527 661 568 696 ad
586 660 720 698 libitum
741 658 868 697 sinebat
885 658 1018 696 effluere
1044 671 1176 696 retento
1190 659 1358 705 anhelitu,
1382 671 1477 695 eum-

73 720 137 757 que
156 707 284 745 fistebat
301 722 361 759 pro
383 710 532 749 arbitrio.

406 809 932 868 ‘DrssERrATm
977 810 1032 852 11.

473 905 528 941 De
539 916 626 942 motu
635 905 739 942 cordis
755 905 795 942 ά
797 907 860 953 sim
858 908 980 957 guinis.
1109 909 1127 927 ⁹

176 1005 252 1042 Une
261 1015 334 1052 quae
345 1003 386 1038 ad
419 1006 591 1053 raecipuam
605 1007 750 1053 corporis
761 1002 862 1039 nostri
873 1015 980 1039 rotam
991 1032 1000 1048 ,
1012 1017 1069 1039 cor
1084 1002 1236 1039 videlicet
1250 1031 1260 1046 ,
1279 1012 1388 1038 morus
1399 1015 1474 1036 om-

176 1055 224 1090 nis
236 1082 246 1096 ,
257 1059 290 1090 &
302 1055 376 1087 vitae
401 1065 516 1089 onrem
527 1055 705 1101 pertinent,
715 1053 896 1089 summatim
909 1054 1172 1102 perstringamus:
1187 1064 1292 1100 neque
1301 1053 1389 1086 enim
1400 1050 1474 1099 pos-

72 1103 179 1139 sumus
198 1101 282 1137 illius
299 1102 484 1137 structuram
496 1131 505 1146 ,
516 1114 647 1138 motum
661 1108 695 1140 ὅ(
708 1102 777 1138 usus
787 1114 846 1150 pro
861 1104 907 1136 rei
920 1103 1079 1152 dignitate
1095 1103 1300 1150 pertraetare.
1355 1113 1398 1134 uae
1413 1112 1471 1134 au-

74 1163 142 1188 tem
157 1152 178 1188 ἐι
188 1149 386 1199 Philosopho
397 1153 535 1201 ignorari
547 1165 613 1187 non
624 1151 749 1188 debent
758 1180 767 1195 ,
783 1165 850 1187 non
863 1153 1063 1188 omittemus-
1084 1153 1132 1187 Ac
1149 1149 1291 1199 primum
1301 1162 1374 1197 quae
1386 1148 1421 1184 fit
1434 1148 1473 1183 il-

72 1201 134 1237 lius
149 1200 290 1244 fabrica,
303 1205 337 1237 &
346 1201 515 1248 quomodo
526 1203 590 1250 jugi
601 1213 693 1236 motu
701 1204 853 1250 agitetur,
864 1200 1026 1249 explicare
1043 1199 1251 1244 conabimur,
1269 1211 1336 1234 tum
1349 1198 1473 1247 sangui-

73 1251 124 1287 ris
133 1249 223 1300 ipfius
236 1251 480 1299 circuitum‚quo
490 1251 558 1285 vita
568 1252 708 1286 maxime
717 1249 1011 1300 continetur‚paulo
1024 1248 1214 1300 diligentius
1230 1248 1472 1299 persequemur.

766 1303 776 1314 Ο

459 1349 492 1385 C
517 1350 547 1386 Α
574 1351 598 1386 Ρ
622 1350 708 1387 UT
757 1349 1032 1388 PRIMUM.

581 1449 639 1483 De
651 1445 812 1493 strunura
832 1447 949 1485 cordis.

111 1547 146 1634 q
183 1548 214 1584 C
227 1547 369 1598 primum
384 1546 518 1596 quidem
534 1546 639 1583 cordis
664 1551 697 1584 &
718 1545 864 1582 vasorum
882 1559 954 1595 quae
976 1544 1051 1581 huic
1074 1543 1145 1581 sunt
1162 1543 1261 1581 affixa
1278 1575 1287 1589 ‚
1311 1542 1472 1580 fabricam

183 1600 299 1633 acriori
312 1602 423 1632 animo
433 1599 572 1632 intuenti
589 1597 619 1631 id
632 1594 729 1632 facile
741 1595 913 1639 constabit,
923 1597 996 1631 cori
1024 1593 1088 1629 sum
1101 1594 1182 1630 nihil
1192 1593 1253 1630 csse
1264 1606 1375 1644 praeter
1385 1593 1471 1628 mus.

75 1648 185 1683 culum
199 1650 253 1696 qui
267 1649 395 1696 propria
415 1648 447 1680 vi
461 1645 489 1681 se
504 1645 535 1681 se
556 1645 731 1681 contrahit.
743 1647 874 1681 Namin
891 1645 987 1680 corde
1001 1608 1131 1679 bovino
1146 1673 1156 1688 ,
1176 1644 1317 1680 detra&
1328 1642 1471 1692 primum

76 1697 162 1732 illius
180 1696 305 1746 capsula
319 1725 328 1740 ‚
349 1709 416 1744 quae
430 1695 642 1744 pericardium
652 1697 830 1738 vocitatur,
847 1707 983 1743 quaeque
994 1694 1120 1741 liquore
1136 1695 1281 1742 quodam
1303 1692 1474 1742 perfundi-

76 1757 128 1780 tur
142 1774 151 1787 ,
165 1758 232 1781 rum
244 1747 347 1796 prima
362 1747 468 1781 cordis
480 1744 648 1793 pellicula,
673 1746 791 1779 intueri
808 1743 922 1779 licebit
939 1743 1023 1778 illius
1041 1742 1137 1778 fibras
1158 1747 1171 1787 (
1196 1745 1338 1778 maxime
1360 1741 1380 1776 si
1397 1743 1475 1776 ante

75 1797 207 1831 coetum
220 1795 317 1830 fuerit
328 1824 338 1838 ,
354 1797 364 1838 )
382 1795 479 1830 instar
496 1793 605 1829 helicis
617 1823 626 1838 ‚
639 1805 693 1828 aut
705 1793 844 1829 cochleae
851 1804 1020 1829 contortos
1034 1821 1042 1835 ‚
1057 1804 1129 1840 quae
1147 1793 1168 1828 ξι
1183 1792 1218 1826 1ae
1225 1806 1263 1828 va
1280 1795 1312 1827 in
1323 1792 1472 1825 dextram

75 1856 202 1891 partem
217 1842 353 1891 oblique
371 1843 566 1879 descendunt
582 1859 592 1886 ·,
609 1855 647 1878 ac
661 1843 766 1891 plures
783 1844 871 1878 exiis
889 1854 946 1892 per
964 1854 1154 1878 mucronem
1170 1842 1275 1876 cordis
1296 1840 1475 1883 revolutae‚

74 1891 192 1930 sursum
203 1891 414 1930 reflectuntur
425 1923 436 1938 ,
455 1905 566 1941 eaeque
579 1894 610 1927 in
625 1891 726 1930 bafim
741 1893 845 1927 cordis
857 1921 868 1936 ‚
885 1903 923 1927 ut
939 1894 972 1927 in
985 1891 1152 1927 tendinem
1176 1890 1323 1927 desinunt
1343 1903 1350 1925 ε
1373 1888 1412 1924 sic
1425 1900 1474 1923 ta-

77 1955 153 1978 men
163 1955 198 1978 ut
210 1943 315 1990 plures
332 1941 419 1979 fibrae
432 1942 531 1990 usque
541 1942 581 1976 ad
596 1942 699 1976 cordis
713 1954 901 1977 mucronem
915 1954 984 1978 non
1004 1942 1203 1989 perveniant.
1218 1942 1296 1989 Jam
1313 1937 1368 1976 ubi
1388 1938 1473 1975 hunc

75 1992 184 2026 cordis
194 1991 284 2026 velut
292 1993 446 2026 corticem
459 1993 635 2025 detraxeris
649 2019 660 2033 ,
680 1990 768 2025 aliud
782 1991 873 2025 velut
892 1989 1048 2026 fibrarum
1066 1990 1199 2025 stratum
1212 2000 1360 2024 occurret
1373 1999 1474 2034 ²‘quae

75 2043 241 2076 contrario
252 2041 350 2076 durSku
367 2038 506 2075 &dextra
521 2041 553 2073 in
567 2038 683 2078 laevam
694 2037 832 2086 oblique
843 2038 1058 2082 descendunt,
1072 2043 1106 2075 &
1125 2040 1159 2073 in
1174 2038 1253 2073 basis
1273 2038 1387 2073 iridem
1404 2048 1474 2072 tcn-

77 2090 172 2125 dines
183 2087 339 2126 defluunt.
353 2087 530 2136 Utriusque
540 2090 626 2122 euim
641 2086 812 2137 ventriculi
832 2088 936 2122 cordis
950 2087 1033 2122 ostia
1049 2087 1220 2123 tendinoso
1239 2088 1388 2135 margine
1409 2087 1473 2119 cin·

76 2151 197 2188 guntur
210 2154 218 2175 :
232 2140 287 2186 qui
299 2138 415 2188 duplex
430 2139 471 2174 est
483 2140 517 2172 in
528 2149 729 2185 unoquoque
741 2136 927 2172 ventriculo
939 2166 948 2181 ‚
968 2139 1109 2172 exterior
1121 2139 1275 2172 nimirum
1287 2142 1319 2174 &
1333 2135 1474 2177 interior,

77 2188 142 2224 Sed
156 2189 317 2238 pleraeque
336 2190 434 2223 etiam
445 2187 534 2223 fibrae
549 2190 580 2221 in
594 2186 759 2222 columnas
776 2198 906 2220 carneas
923 2185 1070 2222 definunr
1081 2215 1092 2230 ,
1110 2192 1144 2224 &
1161 2198 1193 2221 in
1215 2185 1310 2222 fibras
1335 2183 1473 2219 valvula-

76 2250 149 2274 tum
163 2251 232 2286 quae
243 2236 425 2286 tricuspides
436 2238 580 2272 dicuntur
591 2264 600 2278 ‚
619 2236 660 2270 de
670 2234 782 2282 quibus
798 2235 921 2282 postea.
933 2233 1059 2271 Verum
1070 2237 1247 2270 accuratior
1258 2233 1362 2269 cordis
1373 2232 1475 2268 fabri-

79 2299 117 2322 ca
127 2300 164 2323 ex
174 2287 374 2336 inspectione
391 2286 455 2335 ipsa
467 2315 476 2330 ‚
492 2297 547 2321 aut
562 2284 646 2320 illius
657 2285 728 2329 usu,
743 2289 777 2322 δέ
791 2283 1014 2321 Fuanionibus
1024 2282 1142 2320 melius
1155 2283 1363 2331 intelligetur,
1372 2281 1474 2330 quam

74 2348 120 2372 >ex
136 2336 230 2385 longa
252 2335 406 2372 fibrarum
419 2336 641 2384 descriptione*

118 2393 151 2424 2⁰
161 2389 205 2423 Ex
221 2385 283 2425 hac
292 2387 404 2435 utique
418 2385 605 2422 mechanica
616 2384 721 2420 cordis
730 2382 887 2420 structura
899 2383 970 2432 quis
983 2381 1020 2419 sir
1034 2381 1117 2420 illius
1131 2393 1240 2419 morus
1249 2410 1260 2426 ,
1274 2379 1368 2418 facile
1385 2378 1477 2416 colli·
