1878 2724
361 144 432 182 640
932 134 955 170 P
973 133 1009 169 H
1028 131 1058 169 Y
1077 132 1097 168 S
1121 133 1134 166 1
1163 129 1194 167 C
1213 132 1252 167 ,Ε

357 185 557 234 explicemus
567 214 576 229 ,
586 197 650 220 non
662 181 822 232 possumus
836 181 985 219 hocloco
995 183 1188 232 praecipuum
1199 179 1305 216 cordis
1319 183 1353 217 δε
1367 178 1548 230 sanguinis,
1563 180 1631 217 imo
1645 182 1678 219 &
1697 188 1754 216 tos

360 237 423 270 tius
437 238 578 282 corporis
603 231 758 268 afli-stum
777 230 895 267 febrim
911 230 1028 267 scilicet
1043 233 1180 267 omniuo
1201 231 1468 280 praetermittere:
1489 228 1542 264 sed
1557 241 1664 278 neque
1685 230 1716 264 id
1729 228 1752 266 ὲ.

363 281 456 320 nobis
474 281 642 329 quisquam
660 282 802 331 exegerit
816 309 825 325 ,
850 293 886 316 ut
902 280 965 316 hoc
983 291 1208 330 argumentum
1229 277 1322 314 fufius
1339 291 1438 326 quam
1459 277 1628 329 Phyficum
1644 278 1752 322 decet,-

361 333 594 381 Ρςιῑωέὶεῑηυε
608 343 615 364 :
630 330 783 366 medendi
800 331 961 365 rationem
977 335 1009 366 &
1022 329 1217 365 methodum
1238 328 1378 364 Medicis
1393 327 1610 377 relinquemus
1622 356 1631 373 ,
1646 328 1680 363 in
1698 339 1755 362 na-

363 392 466 415 turam
480 384 514 416 &
526 378 629 414 causas
650 379 791 415 febrium
810 380 904 428 paulo
922 378 1106 427 diligentius
1128 379 1290 424 inquirere
1314 380 1471 415 contenti.

395 428 481 462 Cum
495 440 602 463 autem
617 428 716 464 febris
731 441 769 463 ex
782 427 972 476 perturbato
986 429 1088 463 cordis
1108 432 1140 464 δε
1159 429 1345 461 arteriarum
1359 438 1452 462 motu
1464 455 1473 471 ,
1490 430 1524 463 &
1536 426 1588 461 hic
1601 437 1642 461 cx
1666 423 1757 474 pulsu

362 475 505 526 dignosci
525 489 560 512 ut
581 477 753 527 plurimum
773 477 872 513 soleat
886 506 895 521 ,
915 490 1072 527 perpauca
1087 477 1126 511 de
1153 475 1295 525 pulsuum
1314 474 1504 512 differentiis
1528 475 1664 511 dicenda
1687 474 1758 510 sunt

363 538 439 560 ante
456 525 607 564 breviter.

400 578 436 610 In
447 574 644 624 sanguinent
658 577 692 611 in
707 575 775 610 aliis
788 574 965 624 liquoribus
979 576 1044 610 duo
1063 576 1147 618 sunt,
1161 586 1266 610 motus
1280 586 1358 610 unus
1371 572 1523 610 sensibilis
1538 579 1571 612 &
1588 575 1686 609 totius
1704 584 1760 608 ve·

368 623 416 659 lut
430 623 652 673 fluminis,quo
663 625 683 661 :a
693 627 785 660 venis
800 628 833 660 in
851 630 958 669 cot,&
974 624 1160 674 pulmones,
1172 625 1246 660 hinc
1263 626 1296 659 in
1310 626 1440 659 arterias
1456 622 1671 660 indesinenter
1684 634 1758 658 mo-

370 673 564 717 vetiiualter
582 676 625 710 est
639 677 780 722 partium
794 672 1032 716 insensibilium,
1047 676 1102 722 qui
1117 673 1312 710 fluiditatem
1326 672 1441 722 ipsam,
1453 686 1489 709 ut
1507 672 1588 722 srepe
1605 673 1759 713 diximus,

367 720 472 757 efficit
487 739 497 766 3
510 723 598 771 isque
614 735 649 759 ut
658 722 780 758 excelsu
800 735 913 772 peccat
927 752 936 766 ‚
951 736 1006 758 aut
1017 724 1148 760 defectu
1160 753 1169 766 ,
1188 735 1316 759 motum
1333 735 1466 771 quoque
1483 724 1698 760 &circuitum
1712 731 1762 755 to-

368 774 430 807 tius
442 770 601 820 sanguinis
620 784 676 807 aut
688 772 865 816 accelerat,
879 785 935 808 aut
954 773 1107 810 retardat.
1128 774 1213 809 Hinc
1229 775 1322 808 variae
1338 784 1373 806 ut
1390 773 1494 807 cordis
1514 771 1555 807 fic
1573 772 1762 806 arteriarum

368 820 576 856 dilatationes
591 823 874 859 &contractiones
886 852 895 866 ,
913 821 1047 857 diversae
1065 823 1148 857 adeo
1159 822 1264 872 pulsus
1288 821 1480 858 differentiae
1495 823 1664 863 oriuntur,
1682 829 1762 867 quas

371 869 556 917 diligentius
578 870 728 919 persequi
745 871 893 905 hocloco
911 884 977 906 non
991 868 1162 919 poisumus.
1618 902 1622 905 ,

404 920 533 954 Omnes
549 930 659 954 tamen
672 919 818 967 pulsuum
829 918 1028 954 diffirenrias
1043 917 1114 953 satis
1129 917 1302 954 commode
1315 920 1353 954 ad
1365 922 1427 954 tria
1440 920 1508 954 haec
1523 919 1629 966 capita
1646 927 1763 966 praeter

370 979 499 1002 caeteros
515 967 617 1002 Gildo
631 970 786 1003 Harvaeus
805 967 914 1012 refert,
929 968 970 1002 ad
987 967 1084 1002 robur
1095 997 1104 1011 ,
1119 969 1158 1002 ad
1171 978 1279 1002 motus
1294 968 1505 1004 velocitatem
1516 997 1526 1011 ,
1546 973 1579 1004 &
1593 965 1763 1014 :equalita-

372 1027 450 1051 tem.
463 1016 550 1051 Cum
565 1015 691 1050 roboris
707 1015 842 1052 habetur
858 1019 942 1051 ratio
953 1045 962 1059 ,
974 1028 1042 1051 tum
1051 1016 1154 1064 pulsus
1165 1017 1280 1049 dicitur
1295 1015 1388 1051 fortis
1398 1045 1407 1060 ,
1419 1028 1473 1052 aur
1483 1016 1613 1056 debilis,
1627 1027 1762 1064 magnus

373 1069 406 1101 &
422 1077 538 1113 parvus
557 1064 694 1113 3plenus
717 1070 751 1102 δε
769 1077 894 1101 vacuus.
919 1065 1006 1100 Cum
1031 1064 1156 1114 sanguis
1175 1063 1237 1099 sale
1251 1063 1378 1100 volatili
1397 1063 1560 1108 abundat,
1586 1075 1639 1098 aut
1663 1063 1764 1098 firmae

375 1112 445 1148 sunt
461 1114 567 1148 cordis
582 1142 592 1157 ,
605 1119 637 1150 &
649 1118 839 1149 arteriarum
855 1113 953 1157 fibrae,
969 1126 1040 1149 tum
1053 1113 1158 1162 pulsus
1170 1112 1261 1148 fortis
1280 1114 1326 1147 est
1339 1119 1372 1150 ὃ(
1384 1126 1536 1163 magnus,
1553 1117 1585 1148 in
1600 1111 1685 1148 febri
1696 1111 1766 1161 ple-

374 1174 512 1210 rumque
523 1162 638 1198 fortior
649 1175 782 1212 apparet
794 1193 802 1206 ,
814 1164 903 1211 quod
918 1164 1056 1212 digitum
1068 1163 1205 1198 validius
1215 1161 1312 1197 feriat
1323 1178 1330 1200 :
1341 1162 1392 1198 sed
1403 1175 1470 1198 tum
1485 1165 1592 1212 potius
1605 1161 1766 1197 violentus

374 1212 527 1246 dicendus
537 1213 578 1247 est
588 1224 687 1259 quarn
700 1212 812 1249 fortis:
829 1213 913 1247 unde
928 1224 965 1247 ut
981 1211 1156 1261 plurimum
1172 1223 1288 1246 vacuus
1306 1213 1353 1247 est
1366 1241 1373 1253 ,
1394 1225 1460 1248 non
1477 1212 1589 1261 plenus
1604 1229 1613 1256 3
1630 1222 1767 1258 tumque

375 1271 410 1295 ur
432 1262 675 1309 Ai1&oriqtieni
691 1275 767 1296 mox
785 1261 1004 1305 laudavimus,
1028 1263 1062 1295 vi
1121 1273 1175 1303 ur,
1201 1259 1242 1295 sal
1259 1261 1400 1296 volatilis
1415 1260 1589 1296 corrofivus
1610 1266 1643 1298 &
1663 1262 1768 1294 acrior

377 1309 460 1344 hunc
471 1309 595 1357 pulsum
617 1309 802 1346 violentum
821 1308 936 1345 efficit.
965 1312 1053 1346 Cont
1133 1309 1168 1344 bi
1191 1308 1313 1358 sanguis
1334 1311 1377 1346 est
1400 1310 1565 1358 aquosior,
1584 1315 1617 1347 &
1638 1307 1768 1345 actuosa

377 1361 534 1407 principia
544 1360 768 1408 deprimuntur
782 1372 853 1404 3aut
865 1359 921 1395 ubi
937 1359 1024 1396 fibris
1037 1360 1220 1394 destituitur
1229 1389 1238 1404 ,
1247 1371 1302 1394 aut
1309 1373 1363 1395 cor
1373 1359 1480 1396 laxum
1491 1361 1612 1394 estnon
1626 1357 1768 1400 firmum,

378 1418 447 1443 tum
462 1407 565 1457 pulsus
581 1409 623 1443 est
636 1408 810 1444 imbecillis
822 1438 831 1452 ,
843 1421 973 1452 vacuus,
984 1415 1017 1446 ὅ(
1034 1421 1161 1457 parvus,
1182 1409 1346 1444 Interdum
1364 1411 1398 1444 in
1413 1408 1507 1444 febre
1518 1408 1632 1443 debilis
1650 1408 1768 1443 admo·

377 1456 452 1491 dum
463 1469 597 1504 apparet
609 1487 618 1501 ,
629 1470 703 1492 cum
723 1469 832 1493 tamen
845 1458 957 1507 postea
970 1457 1061 1492 brevi
1074 1456 1244 1492 reviviscat
1258 1487 1267 1501 ,
1284 1459 1373 1506 quod
1392 1457 1516 1493 craffior
1531 1464 1564 1494 &
1578 1456 1694 1492 crebro
1706 1458 1767 1490 cir„

378 1508 463 1540 cuitu
476 1507 516 1540 ad
533 1507 642 1552 justam
656 1507 842 1544 coClionem
863 1510 1054 1556 perveniat,
1069 1509 1147 1541 citra
1161 1519 1313 1556 magnum
1333 1507 1401 1542 salis
1426 1507 1566 1543 volatilis
1579 1535 1589 1551 ,
1604 1518 1661 1541 aut
1676 1504 1768 1555 spiri-2

382 1565 470 1590 tuum
484 1555 697 1605 dispendium.

412 1611 452 1640 2⁰-
489 1606 576 1640 Cum
606 1617 710 1640 motus
732 1604 821 1654 ipsius
846 1605 984 1641 habetur
1009 1608 1092 1640 tatio
1109 1635 1118 1650 ,
1134 1604 1235 1654 pulsus
1258 1617 1314 1641 aut
1337 1605 1458 1650 velox,
1475 1617 1528 1641 aut
1547 1605 1677 1648 tardus,
1700 1616 1769 1639 cre-

380 1652 450 1697 ber,
469 1665 524 1689 aur
539 1666 624 1688 rarus
635 1655 770 1691 dicitur:
785 1668 856 1689 cum
874 1657 1019 1704 repetitis
1032 1661 1063 1692 &
1077 1653 1301 1702 frequentibus
1313 1654 1429 1690 iffibus
1438 1657 1552 1690 arteria
1569 1654 1709 1702 digitum
1721 1653 1771 1688 fe-

380 1704 422 1736 rit
432 1731 440 1744 ,
459 1714 512 1737 aut
524 1702 619 1738 citoii
629 1704 763 1738 diastole
780 1704 819 1738 ad
835 1704 853 1738 s
871 1705 982 1740 stolem
1000 1703 1128 1746 transit,
1138 1703 1234 1738 velox
1248 1704 1294 1738 est
1307 1733 1315 1745 ,
1331 1703 1485 1743 &creber
1498 1720 1507 1747 3
1518 1716 1601 1738 rarus
1615 1704 1633 1739 ὲ
1644 1714 1767 1738 contra.

380 1750 452 1787 Ubi
468 1751 590 1800 singnis
606 1755 710 1788 minus
722 1753 766 1788 est
778 1718 890 1788 deligis
903 1783 913 1796 ‚
924 1766 979 1788 aut
992 1767 1065 1788 cum
1076 1753 1118 1787 est
1131 1752 1272 1795 uberior,
1282 1747 1409 1788 aut’sale
1426 1753 1551 1788 volatili
1562 1753 1664 1801 magis
1673 1751 1771 1787 abun-

381 1800 436 1834 dat
446 1830 454 1843 ‚
471 1812 538 1836 tum
554 1803 580 1835 is
591 1804 683 1843 citius
698 1802 784 1844 fluit,
797 1814 898 1850 atque
909 1815 944 1838 ut
958 1803 1056 1851 vulgo
1067 1802 1225 1844 creditur,
1244 1801 1367 1837 facilius
1378 1802 1576 1838 accenditur.

417 1853 453 1884 In
472 1849 566 1884 febre
579 1838 713 1885 celerius
728 1850 848 1898 sanguis
861 1850 902 1884 ab
917 1865 982 1886 uno
995 1853 1099 1886 cordis
1111 1849 1175 1885 sinu
1196 1851 1235 1884 ad
1249 1851 1384 1885 alterum
1401 1862 1436 1884 ut
1458 1851 1629 1898 plurimum
1651 1850 1771 1899 trajici.

383 1908 433 1932 tur
449 1914 457 1940 3
473 1900 505 1932 in
520 1898 668 1945 malignis
681 1911 789 1933 tamen
802 1898 949 1934 febribus
964 1912 1038 1934 cum
1058 1901 1105 1933 vis
1125 1897 1264 1946 pulfifica
1283 1896 1459 1948 languescit
1472 1928 1482 1943 ‚
1495 1900 1612 1933 tardius
1625 1898 1770 1948 plerum-

383 1959 446 1994 que
461 1959 612 1981 movetur
629 1946 763 1996 sanguis.

386 2028 392 2031 .
419 2003 457 2040 3⁶.
485 1996 626 2043 AEqualis
642 1997 757 2031 dicitur
773 1996 961 2045 pulsu5,tum
977 2008 1086 2032 motus
1097 2027 1106 2041 ‚
1119 2009 1187 2032 tum
1200 1995 1324 2031 roboris
1342 1994 1608 2033 habitatatione:
1629 1995 1686 2031 ubi
1703 1995 1773 2031 {an-

382 2046 487 2092 guinis
509 2044 596 2079 erasis
623 2046 669 2080 est
695 2057 871 2094 temperata
884 2075 893 2089 ‚
915 2045 957 2080 ab
978 2050 1139 2081 extraneis
1163 2052 1196 2083 &
1222 2046 1446 2093 heterogeneis
1474 2057 1671 2095 expurgata,
1703 2057 1772 2080 turn

385 2093 429 2127 est
444 2093 605 2141 aequibilis
621 2108 628 2130 :
646 2101 730 2144 cujus
751 2098 853 2130 varias
866 2096 1006 2131 afferunt
1025 2094 1157 2143 species.
1179 2095 1241 2131 Sed
1258 2107 1310 2129 eas
1326 2096 1528 2141 omittimus,
1545 2108 1580 2132 ut
1593 2093 1773 2144 perturbati

385 2155 490 2177 motus
510 2145 540 2178 in
554 2142 704 2191 sanguine
724 2150 756 2180 δ(
770 2145 865 2179 corde
877 2144 982 2179 causas
997 2145 1199 2191 indagemus,

424 2195 510 2227 Inter
527 2193 676 2228 Medicos
687 2206 759 2238 qux
774 2192 807 2228 sit
825 2193 924 2229 febris
937 2204 1047 2228 natura
1061 2186 1155 2242 ,Lquae
1165 2191 1396 2236 catifie,ssimma
1407 2192 1592 2228 dissensione
1603 2202 1770 2241 pugnatur.

387 2241 496 2290 Vulgo
509 2241 550 2277 ab
565 2244 602 2276 iis
615 2241 766 2278 definitur
778 2272 786 2286 ‚
801 2243 888 2277 calor
898 2253 1006 2277 commi
1019 2256 1167 2277 nuaram
1179 2245 1210 2277 in
1229 2241 1319 2276 corde
1330 2245 1471 2279 asc-enfin
1482 2272 1491 2285 ‚
1507 2241 1545 2277 ὠ·
1559 2256 1597 2276 ex
1609 2241 1772 2289 eoperspt‘-

387 2293 468 2323 ritus
492 2290 726 2339 &simgnt‘nem
748 2293 779 2325 in
797 2294 936 2326 arterias
948 2320 955 2330 ,
975 2304 1072 2325 venas
1101 2291 1139 2326 &⁴
1156 2302 1254 2325 totum
1284 2302 1391 2333 »rapas
1411 2291 1538 2337 diff-cin
1554 2319 1562 2328 ,
1579 2290 1774 2334 afflonefique

387 2341 551 2373 naturales
568 2341 691 2376 laedcns.
711 2342 810 2376 Hunc
823 2353 901 2380 vero
915 2341 1055 2375 ca‘oreni
1067 2341 1108 2375 ab
1127 2338 1312 2376 humoribus
1328 2342 1357 2373 in
1375 2339 1451 2374 vasis
1463 2352 1516 2374 aut
1531 2351 1618 2374 extra
1629 2336 1700 2371 vasti
1714 2348 1773 2384 pu-

387 2387 595 2425 trescentibus
610 2392 737 2426 excitari
749 2402 875 2429 veteres
884 2389 1086 2429 definierunt.
1106 2390 1171 2426 Alii
1182 2401 1303 2438 negant
1312 2385 1381 2425 solo
1394 2389 1500 2426 calore
1512 2387 1614 2424 febris
1625 2398 1774 2441 naturam

1602 2446 1774 2480 contineri,
