1878 2724
380 168 439 201 320
684 153 943 188 PHYSIGAE
979 150 1146 198 1’2ARS
1181 152 1469 190 SECUNDA.

381 217 447 240 nuo
458 199 617 252 progressa
635 200 741 235 versus
754 203 783 236 G
800 199 1036 236 immersionem
1060 203 1241 249 proximam
1256 204 1289 236 in
1305 202 1336 236 C
1353 199 1596 237 observabimus
1617 213 1625 236 ε
1639 209 1712 235 cum
1724 198 1777 234 in-

383 255 475 288 terim
491 251 617 286 terrain
631 248 685 283 suo
698 249 780 285 orbe
790 262 899 284 arcum
909 252 930 284 F
940 251 1071 285 Gunius
1080 250 1195 298 gradus
1211 255 1244 286 &
1263 263 1304 297 45
1325 252 1403 285 min.
1421 250 1619 291 confecerit,
1640 250 1696 297 qui
1707 247 1778 282 fere

384 315 440 345 300
456 300 630 333 diametros
645 309 734 332 terrae
748 298 985 346 complectitur.
993 298 1093 350 Qod
1103 297 1124 334 fi
1139 300 1249 346 itaque
1260 298 1312 333 vel
1322 311 1420 333 unum
1432 301 1591 335 minutum
1603 296 1778 333 secundum

387 351 436 384 lux
447 346 586 382 insumat
597 348 630 380 in
645 346 685 380 eo
704 346 806 395 spatio
820 348 1017 382 decurrendo
1027 376 1036 391 ‚
1046 359 1203 394 quantuni
1213 358 1303 394 patet
1314 359 1402 382 terrae
1414 348 1670 390 diamete13terra
1685 357 1779 379 acce-

386 398 482 433 dente
498 394 668 443 adjove'm
680 408 737 443 per
747 396 868 431 lineam
885 398 906 430 F
918 399 948 430 G
959 425 969 439 ,
983 409 1041 441 300
1052 396 1166 431 {altem
1182 399 1263 432 min.
1282 395 1423 430 secundis
1437 395 1531 431 citius
1551 395 1652 444 quam
1666 406 1722 443 par
1741 391 1777 428 sit

386 445 530 481 satellitis
541 442 777 479 immersionem
801 448 832 480 in
845 445 876 479 C
888 444 1075 480 intuebitur.
1091 448 1170 492 Jam
1186 445 1255 491 post
1268 443 1318 480 sex
1336 445 1480 489 meiiseS,
1499 456 1553 478 aut
1570 447 1694 479 circiter
1707 455 1778 477 cum

386 506 470 529 terra
482 496 543 528 erit
557 495 589 527 in
601 495 649 535 K,
663 491 715 528 seu
733 495 764 528 in
781 493 912 529 secunda
927 493 1322 540 quadratura,observetur
1336 492 1471 528 emersio
1493 492 1635 528 satellitis
1651 504 1690 526 ex
1704 505 1778 526 um-

387 541 444 578 bra
458 543 489 577 C
502 545 532 578 D
542 547 576 579 &
586 543 653 590 post
667 556 712 588 42
728 543 821 577 horas
837 555 907 576 curn
919 540 1039 577 semiffe
1052 571 1060 585 ‚
1075 556 1146 578 cum
1165 554 1248 577 terra
1258 541 1369 591 irJove
1379 543 1501 577 recedit
1515 556 1573 586 300
1587 540 1645 575 suis
1657 541 1779 575 dianie-

389 594 444 627 ttis
455 620 465 634 ,
478 603 603 627 tantum
614 590 730 625 scilicet
739 621 747 634 ‚
758 593 963 639 quantumin
978 594 1082 640 prima
1090 592 1283 639 quadratura
1294 589 1471 628 accesserat.
1483 591 1582 638 Qod
1593 588 1612 623 fi
1624 588 1677 624 vel
1689 591 1778 623 unius

389 643 504 678 minuti
521 640 648 675 secundi
660 641 930 689 temporelumen
947 641 1124 689 indigeret,
1137 653 1203 688 quo
1219 652 1316 675 unam
1330 651 1419 675 terra:
1435 642 1628 675 diametrum
1645 647 1779 686 perage-

387 701 437 726 ret
452 720 462 734 ,
476 702 601 737 tempus
613 691 695 723 inter
706 690 781 724 duas
795 688 984 724 emersiones
995 718 1005 732 ‚
1022 693 1057 724 in
1073 691 1175 737 prima
1184 689 1374 736 quadratura
1387 690 1516 724 brevius
1533 689 1618 723 foret
1629 699 1687 732 300
1699 688 1777 722 min.

388 739 533 775 secundis
544 767 553 782 ,
569 750 605 773 ut
621 744 689 785 jam
704 739 842 773 diximus
856 744 907 782 3&
923 741 1005 772 inter-
1015 739 1090 772 duas
1101 737 1288 772 enierfiones
1302 740 1332 771 iu
1343 736 1477 773 secunda
1491 738 1693 785 quadratura,
1706 734 1779 771 lon—-

388 791 457 838 gius
478 785 553 822 effet
567 787 706 822 totidem
719 787 867 822 secundis
883 801 893 822 ι
907 788 989 822 adeo
1002 798 1039 822 ut
1061 787 1209 834 periodus
1231 785 1412 822 emersionis
1427 786 1605 821 abundaret
1624 787 1686 818 600
1701 785 1779 820 miii.

387 839 448 873 sec.
459 836 511 871 seu
527 835 611 871 sexta
629 847 722 883 parre
736 838 826 871 unius
837 836 921 870 horae
933 847 994 883 prae
1004 836 1138 884 periodo
1150 834 1359 870 immersionis
1374 850 1382 871 ε
1397 836 1485 883 quod
1497 836 1632 870 omnino
1645 832 1691 866 est
1705 845 1778 868 con-

390 898 439 922 tra
448 884 690 920 observationes
706 899 714 920 ε
731 898 804 919 cum
814 886 868 918 vix
878 886 961 919 inter
973 896 1111 932 quatuor
1122 885 1272 932 periodos
1285 884 1420 919 duorum
1431 914 1441 928 ,
1456 884 1509 918 vel
1527 886 1622 918 trium
1637 883 1780 917 minuto-

389 947 461 970 rum
476 933 680 982 iiiaequalitas
690 935 873 969 inveniatur
889 961 899 976 ‚
913 945 972 967 nec
993 931 1121 981 singulae
1146 933 1270 981 periodi
1284 935 1411 982 integro
1430 935 1558 968 minuto
1573 934 1656 968 inter
1665 928 1697 965 se
1715 930 1779 966 dif-

390 985 510 1019 ferant.

422 1041 454 1079 50
471 1034 558 1068 Cum
569 1043 678 1068 tamen
688 1030 841 1067 sensibilis
855 1030 1052 1079 inaequalitas
1070 1031 1324 1075 immersionurn,
1348 1036 1380 1069 &
1392 1029 1601 1066 emersioiium
1614 1043 1781 1082 appareat,

391 1080 450 1116 ubi
468 1092 550 1116 terra
564 1082 687 1116 accedit
697 1110 706 1125 ,
721 1093 775 1115 aur
787 1081 908 1114 recedit
920 1081 939 1115 a
949 1082 1038 1127 jove
1050 1110 1059 1124 ‚
1081 1081 1113 1114 id
1134 1080 1398 1116 verisimillimum
1413 1091 1506 1128 putat
1524 1079 1635 1116 lumen
1655 1081 1781 1116 celerri-

391 1142 445 1165 me
456 1131 590 1177 quidem
599 1159 608 1173 ,
630 1129 681 1164 sed
693 1143 760 1165 non
771 1131 802 1164 in
816 1129 940 1164 instanti
961 1133 1140 1178 propagari.
1162 1131 1246 1165 Cum
1269 1131 1357 1164 enirn
1382 1128 1401 1164 a
1415 1130 1643 1176 conjunffione
1661 1131 1700 1165 ad
1721 1143 1782 1178 op·

391 1178 586 1228 positionem
601 1191 682 1214 terra
694 1179 860 1226 adjovem
874 1180 1076 1212 continenter
1094 1179 1227 1213 accedat
1237 1207 1246 1222 ,
1260 1190 1295 1213 ut
1309 1177 1351 1212 ab
1363 1189 1404 1212 eo
1419 1178 1542 1212 recedit
1553 1178 1594 1213 ab
1606 1177 1781 1227 oppositio-

391 1240 434 1264 ne
444 1228 483 1262 ad
493 1229 757 1274 conjunffionem
772 1242 779 1262 :
795 1226 815 1261 fi
827 1226 879 1260 lux
891 1227 1032 1273 aliquam
1044 1230 1199 1274 temporis
1209 1239 1335 1262 moram
1351 1225 1486 1274 postulat
1499 1243 1508 1269 3
1520 1228 1553 1261 in
1566 1231 1671 1275 primo
1688 1226 1782 1262 semi-

391 1275 512 1310 circulo
532 1279 556 1310 E
573 1277 593 1309 F
607 1278 641 1310 H
656 1304 665 1318 ‚
686 1274 808 1322 semper
832 1274 1052 1309 immersiones
1067 1275 1215 1310 nonnihil
1232 1277 1388 1323 temporis
1403 1274 1627 1323 anticipabunt
1645 1293 1654 1319 ;
1670 1287 1782 1311 contra

395 1323 588 1360 emexfiones
597 1323 638 1358 ab
649 1326 682 1359 H
693 1353 705 1367 ,
720 1323 816 1371 usque
830 1323 869 1356 ad
886 1324 912 1357 L
925 1352 935 1366 ‚
953 1329 986 1360 &
997 1323 1038 1357 ab
1051 1326 1076 1358 L
1086 1353 1095 1367 ‚
1107 1323 1202 1371 usque
1216 1325 1254 1357 ad
1269 1327 1292 1359 Ε
1305 1352 1314 1366 ,
1331 1323 1463 1358 subinde
1479 1323 1599 1359 tardius
1617 1330 1650 1361 δε
1661 1323 1780 1360 tardius

393 1371 600 1421 apparebunt
611 1385 701 1408 :cum
716 1384 797 1407 terra
810 1370 931 1419 semper
942 1371 1069 1420 longius
1082 1373 1191 1420 ajove
1202 1371 1351 1408 discedat.
1377 1373 1477 1419 quue
1488 1385 1562 1408 cum
1580 1371 1781 1409 observatio-

394 1422 489 1457 nibus
503 1420 682 1456 consentire
695 1422 855 1456 existimat
865 1423 912 1454 vir
922 1422 1115 1469 pereruditus
1129 1436 1137 1457 :
1150 1422 1232 1456 adeo
1240 1432 1274 1455 ut
1283 1421 1408 1469 periodi
1419 1420 1629 1457 emersionum
1643 1423 1678 1457 in
1692 1420 1782 1457 serm·-

394 1470 516 1505 circulo
528 1472 562 1505 H
573 1472 598 1505 L
608 1473 630 1505 E
638 1469 694 1505 {int
711 1471 871 1518 longiores
888 1470 1029 1517 periodis
1043 1469 1255 1505 emersionum
1265 1473 1288 1506 E
1298 1473 1318 1505 F
1329 1472 1361 1505 H
1372 1468 1461 1504 simul
1478 1468 1608 1518 sumptis
1617 1499 1626 1513 ,
1645 1483 1727 1519 pene
1737 1471 1783 1506 di.

395 1520 494 1553 midia
514 1531 604 1566 parte
618 1522 707 1554 unius
718 1519 816 1554 liorae.
858 1519 1056 1566 Cumitaque
1069 1531 1126 1566 per
1145 1520 1222 1553 oeto
1234 1531 1333 1554 annos
1348 1518 1478 1562 eclipses
1500 1521 1597 1566 primi
1616 1518 1781 1564 satellitis»,

395 1573 429 1604 &
440 1579 492 1601 eas
506 1570 647 1602 maxime
660 1580 729 1615 quae
741 1570 823 1601 circa
833 1578 1004 1614 utramque
1014 1567 1240 1614 quadraturam
1249 1569 1343 1615 Jovis
1359 1573 1391 1604 &
1408 1566 1480 1602 solis
1498 1570 1580 1603 inter
1595 1567 1626 1602 se
1633 1567 1781 1603 coutule-

396 1618 438 1650 rit
450 1628 505 1659 ·‚ac
528 1616 679 1664 periodos
690 1615 850 1664 eclipsium
860 1615 1030 1651 breviores
1046 1615 1106 1651 effe
1127 1616 1305 1651 accedente
1322 1628 1415 1659 terra,
1425 1616 1587 1665 longiores
1608 1616 1782 1652 recedente

396 1665 555 1700 constanti
563 1664 711 1700 consensu
726 1667 882 1713 repererit
894 1683 903 1707 ,-
917 1677 976 1699 nec
985 1663 1046 1699 alia
1056 1676 1200 1700 occurrat
1210 1665 1297 1713 hujus
1306 1665 1550 1713 irregularitatis
1559 1663 1650 1700 causa
1663 1693 1672 1708 ,
1682 1677 1782 1712 quarn

397 1726 488 1748 mora
507 1713 634 1749 luminis
647 1716 680 1749 iii
689 1713 740 1749 sua
756 1726 896 1763 propaga
902 1715 992 1749 tione
1006 1728 1013 1749 :
1027 1713 1102 1749 hinc
1111 1713 1276 1749 concludit
1294 1714 1405 1751 lumen
1415 1727 1482 1750 non
1492 1716 1525 1750 in
1535 1725 1707 1750 momento
1717 1714 1782 1749 dif-

397 1761 501 1796 fundi.

431 1811 521 1844 Idem
534 1823 664 1858 quoque
681 1809 851 1846 confirmat
861 1823 899 1845 ex
907 1812 998 1859 Jovis
1010 1810 1133 1845 macula
1142 1839 1152 1853 ,
1166 1823 1241 1857 quaer
1255 1821 1376 1846 motum
1389 1811 1476 1846 suum
1488 1811 1616 1846 videtur
1628 1821 1783 1847 antever-

400 1869 480 1901 tere,
494 1871 566 1893 cum
581 1870 663 1894 terra
676 1859 849 1915 adjovem
860 1860 992 1895 accedit.
1010 1857 1134 1894 Verum
1150 1859 1206 1892 ista
1223 1859 1402 1907 longiorem
1420 1859 1646 1895 uastationem
1664 1865 1698 1896 &
1711 1860 1782 1908 plu-

398 1919 448 1941 res
458 1906 700 1943 observationes
712 1920 796 1942 inter
805 1908 835 1943 se
845 1907 975 1943 collatas
989 1907 1157 1956 postulant.
1170 1908 1226 1942 Ne
1239 1907 1316 1942 illud
1327 1909 1458 1955 quidem
1467 1908 1721 1956 praetereundum
1731 1911 1781 1943 vi-

381 1989 384 1991 ,
399 1956 530 1990 deturin
541 1959 679 2004 gratiam
692 1957 1076 2003 AstronomorumJovem
1087 1955 1129 1991 ab
1147 1955 1329 2004 interpositu
1348 1959 1490 2004 corporis
1510 1957 1625 1992 lunaris
1641 1955 1781 2005 eclipsim

399 2002 520 2052 pas-sum
529 2005 581 2039 die
593 2020 606 2051 5
617 2007 702 2059 Junii
713 2008 788 2049 1679
802 2034 811 2049 ‚
835 2006 918 2040 adeo
934 2017 969 2039 ut
978 2007 1094 2053 primus
1107 2005 1231 2040 satelles
1249 2006 1327 2040 hora
1341 2009 1437 2042 tertia
1452 2008 1609 2042 matutina
1632 2018 1658 2041 ri
1677 2003 1782 2041 secun-

399 2052 449 2087 dis
461 2052 480 2088 ὲ
490 2063 580 2101 parte
594 2053 673 2088 lunae
683 2053 848 2089 Orientali
861 2053 1069 2090 obumbratus
1079 2053 1186 2089 fuerit.
1196 2056 1287 2090 Hora
1303 2069 1315 2101 3
1330 2067 1403 2090 cum
1417 2053 1541 2089 duobus
1550 2057 1630 2091 min.
1642 2060 1675 2091 &
1687 2053 1783 2090 semi..

400 2101 539 2137 secundo
554 2130 563 2144 ,
574 2114 736 2138 extremus
747 2101 953 2137 lunaelimbus
970 2103 1161 2146 Orientalis,
1179 2115 1357 2138 extremum
1368 2105 1583 2153 itidchovis
1600 2104 1782 2151 marginem

402 2152 523 2199 attigit.
539 2153 630 2186 Hora
643 2153 738 2186 tertia
753 2164 825 2187 cum
835 2163 874 2185 ex
885 2153 963 2186 min.
976 2151 1070 2198 sec.57
1088 2163 1172 2186 totus
1182 2153 1278 2200 jovis
1295 2152 1410 2200 globus
1421 2152 1441 2187 ἒι
1454 2152 1524 2188 luna
1542 2150 1699 2186 obductus
1708 2150 1780 2186 fuit.

402 2200 499 2233 Hora
514 2214 538 2246 3.
560 2202 639 2237 min.
660 2214 686 2247 5.
697 2205 730 2237 &
742 2199 799 2234 sec.
817 2214 845 2235 1:
861 2199 1009 2235 secundus
1019 2203 1114 2249 Jovis
1130 2200 1254 2236 satelles
1268 2200 1288 2236 a
1299 2202 1368 2237 luna
1383 2202 1497 2236 itidem
1507 2199 1689 2235 obscuratus
1705 2199 1781 2237 fuit.

401 2249 497 2285 Hora
515 2251 627 2292 3.min.
645 2265 670 2298 5.
686 2254 719 2286 &
734 2247 876 2283 secundis
894 2264 923 2294 4.
937 2252 1070 2285 tertium
1082 2249 1252 2287 satellitem
1266 2249 1341 2287 luna
1360 2250 1570 2297 texitglupiter
1581 2249 1660 2286 hora
1670 2250 1779 2296 μυῖα.

402 2304 436 2345 56
447 2298 464 2334 ὲ
475 2309 610 2347 corpore
623 2298 726 2336 lunari
738 2297 768 2335 se
777 2295 936 2335 subduxit.

1621 2396 1777 2439 CAPUT.
