1878 2724
594 131 628 166 D
641 131 668 166 E
706 130 731 165 P
749 132 776 167 L
788 131 814 166 A
824 131 858 168 N
873 132 904 167 T
916 130 928 165 1
940 131 977 166 Sf
1435 149 1447 170 1

109 179 190 216 Fieri
206 178 306 214 etiam
314 178 424 225 potest
443 188 479 214 ut
490 176 597 214 inclufi
615 181 698 214 intra
713 178 783 214 illas
802 180 946 214 tracheas
966 181 1047 214 aeris
1068 181 1106 215 v-i'
1120 178 1249 215 elastica
1269 151 1448 219 identidsssn

98 237 259 263 remantur
272 226 387 276 ligneae
400 254 411 270 ,
429 226 623 276 fistulae‚quae
634 227 776 263 tracheas
788 228 909 276 semper
918 227 1218 275 ambiunucumque
1229 227 1323 263 cessat
1334 231 1453 280 impul·

74 239 167 318 sim&
181 275 410 323 fistulaeligneae
432 281 464 313 &
475 277 598 312 utriculi
610 289 698 311 novo
712 276 803 312 succo
821 276 1026 325 impleantur.
1058 279 1146 314 Nam
1160 276 1305 320 dilatari,
1321 282 1355 314 &
1370 291 1450 317 con.

72 322 203 373 glaciari
218 325 380 359 interdum
392 325 561 361 humorem
574 326 623 360 his
635 323 745 360 fistulis
756 353 767 368 ,
781 330 814 362 &
823 325 966 360 utriculis
978 337 1167 361 contentum
1179 328 1338 361 cernimus
1348 328 1448 364 :adeo

72 383 108 407 ut
121 384 185 419 prae
197 371 318 421 frigore
335 371 548 422 disrumpatur
558 374 601 408 ali
629 373 735 408 nando
748 373 901 408 fibrarum
912 373 1088 422 ligneatum
1099 386 1283 422 compages·

111 422 219 469 Figura
242 433 275 456 2³
292 420 433 457 secundat
449 421 577 457 tabellae
605 387 690 458 sle-esto
708 424 742 457 iu
757 422 891 470 longum
906 422 996 470 ligno
1016 422 1072 457 has
1092 423 1232 458 tracheas
1247 427 1276 460 Κ
1302 423 1446 463 exhibet.

73 469 139 504 Hae
155 469 228 504 sunt
245 468 385 505 fistulosae
405 473 440 507 8<
466 469 684 513 subrotundae‚
703 470 895 517 nullumque
918 471 1087 506 effundunt
1108 471 1287 506 humorem.
1313 474 1448 510 Lamina

33 533 36 537 ⁴
71 516 162 553 velut
178 529 331 567 argentea
346 519 380 554 in
406 518 494 567 spirae
512 520 644 554 modum
664 530 815 554 contorta
843 520 1030 555 Lconstnnt
1045 534 1052 556 :
1067 519 1114 555 hae
1141 520 1353 569 microscopio
1373 523 1446 558 visae

10 569 13 590 ²
32 572 34 574 ’
73 566 234 614 particulis
251 566 440 614 squamatim
455 567 629 616 dispositis,
647 578 683 602 ut
695 567 886 603 iiise&orum
905 568 1038 602 tracheae
1051 580 1298 617 componuntur.
1316 572 1446 618 Ligneis

10 609 13 622 ³
73 613 163 650 fibris
178 614 363 660 firmantur,
373 627 451 663 quas
463 616 674 652 utriculotum
690 618 771 651 varii
786 618 914 653 ordines
925 615 1122 652 transversim
1132 617 1271 667 dispositi
1287 620 1333 663 N,
1352 620 1449 654 inter-

72 661 190 701 secant.

104 711 186 748 Illud
207 712 251 748 est
268 712 497 752 observatione
517 715 670 764 dignum,
695 716 783 762 quod
809 714 1007 764 Malpighius
1040 717 1073 751 in
1090 727 1182 764 parte
1209 716 1308 751 altera
1333 728 1448 753 anato-

72 773 140 796 mes
154 761 334 811 plantarum
356 777 458 812 nuper
478 765 566 799 edita
585 776 840 808 commemorat,
857 763 886 799 se
895 765 1068 811 aliquando
1082 763 1236 799 dubitasse
1256 777 1299 800 an
1317 766 1448 814 copiosae

72 808 215 845 veficulae
235 823 303 858 quae
319 812 400 847 intra
424 812 567 848 tracheas
585 814 798 860 quarumdam
818 812 971 847 arborum
984 841 994 856 ,
1010 824 1045 848 ut
1059 814 1211 848 castaneae
1236 818 1269 850 &
1290 826 1426 860 quercus
1441 844 1452 859 ,

23 861 26 864 ’
72 858 207 905 copiosae
225 857 492 904 cernunturgnon
513 859 611 896 essent
626 860 820 897 insectorum
834 872 900 897 ova
912 889 921 903 ‚
943 872 977 896 ut
993 863 1027 896 in
1040 861 1132 910 lignis
1154 863 1248 896 aridis
1261 861 1452 911 plerumque

71 905 351 946 observavit..Sed
368 908 516 945 dubitare
529 908 703 953 defiit‚ubi
714 907 842 946 easdem
851 908 1001 945 vesiculas
1011 911 1046 945 in
1057 921 1192 957 quercus
1203 912 1342 959 ingentis
1359 922 1452 947 trun-

71 966 112 990 co
125 960 158 992 &
167 956 273 991 radice
285 983 295 999 ‚
304 959 375 993 imo
389 963 422 995 &t
433 960 468 993 in
478 957 703 993 vetustioribus
713 960 808 993 ramis
829 957 1015 1006 conspexir3
1029 959 1144 1006 easque
1163 958 1223 994 esse
1239 971 1313 993 aere
1326 960 1450 1007 plenas,

57 1007 106 1040 ·&
123 1004 316 1052 pulmonum
330 1005 404 1041 loco
421 1018 578 1044 autumat.
595 1009 632 1043 In
656 1006 746 1054 spirae
759 1008 893 1042 modum
911 1006 980 1041 sunt
994 1018 1151 1042 contortae
1169 1036 1178 1050 ‚
1195 1006 1263 1055 quo
1277 1019 1453 1046 ventorum

71 1054 194 1101 impetu
207 1052 246 1088 stc
263 1053 351 1090 flecti
362 1054 498 1103 possint,
510 1068 546 1090 ut
559 1068 626 1091 non
642 1054 882 1104 disrumpantun
905 1053 1080 1090 conclusus
1093 1068 1171 1090 vero
1181 1058 1218 1090 iis
1227 1056 1382 1101 veficulis‚
1397 1070 1452 1094 aut

20 1108 32 1114 ”
72 1100 209 1136 tracheis
231 1114 284 1136 aer
301 1101 425 1138 succum
439 1104 665 1139 alimentitium
675 1103 790 1139 sursum
803 1104 898 1152 pellit
908 1133 917 1147 ,
945 1115 1001 1138 aut
1012 1116 1049 1138 ex
1063 1103 1130 1138 aliis
1149 1106 1183 1139 in
1197 1103 1284 1139 alios
1298 1106 1452 1141 utriculos

73 1149 113 1183 ad
127 1150 335 1186 horizontem
345 1151 414 1186 fere
432 1150 596 1200 dispositos
614 1153 771 1200 protrudit
785 1165 875 1189 :non
889 1150 1028 1188 dissimili
1041 1153 1174 1199 quidem
1188 1155 1312 1188 ratione
1327 1182 1337 1197 ‚
1353 1166 1453 1202 atque

73 1199 107 1233 in
118 1198 307 1243 animalibus
322 1212 476 1235 venarum
497 1204 578 1235 rami
591 1214 658 1236 non
678 1203 764 1236 reeta
783 1201 1009 1237 tantummodo
1019 1203 1186 1244 nituntur.;
1201 1201 1252 1235 sed
1266 1202 1307 1236 ab
1326 1202 1372 1237 his
1383 1203 1453 1251 ple.

60 1258 210 1295 *rumque
225 1247 387 1283 hincinde
403 1248 514 1283 surculi
524 1249 828 1297 producuntur,qui
849 1251 882 1284 in
899 1251 974 1283 retis
998 1250 1131 1284 modurn
1150 1253 1185 1286 ὅ(
1205 1250 1275 1284 fere
1295 1251 1336 1285 ad
1355 1251 1452 1287 libel..

58 1294 138 1331 Jam
150 1297 251 1344 aptati
271 1298 354 1332 inter
370 1296 399 1331 se
408 1302 646 1346 conjunguntur
658 1311 669 1333 t
692 1299 775 1332 adeo
792 1309 828 1332 ut
841 1300 921 1333 cutis
937 1302 970 1334 ὅ(
990 1296 1201 1332 musculorum
1219 1298 1454 1346 compteffione

24 1387 29 1389 λ
73 1343 195 1393 sanguis
207 1357 262 1393 per
275 1345 348 1381 illos
366 1345 506 1380 ramulos
525 1346 674 1381 nonnihil
691 1346 831 1381 declives
841 1345 964 1381 facilius
972 1346 1013 1380 ad
1025 1350 1164 1393 majores
1183 1359 1288 1382 ramos
1299 1349 1453 1396 appellat,

73 1404 172 1440 quam
188 1391 209 1428 fi
222 1395 312 1430 reeta
325 1406 519 1430 moveretur·
537 1394 732 1430 Reticula-ris
754 1395 808 1429 illa
825 1395 1033 1430 utriculotum
1047 1422 1055 1432 ,
1072 1400 1107 1431 &
1127 1393 1272 1430 vasorum
1291 1396 1453 1445 dispositio

74 1443 107 1476 in
119 1441 205 1477 foliis
221 1442 375 1479 arborum
389 1445 423 1478 in
433 1443 596 1479 fruetuum
609 1445 815 1492 pericarpiis·,
828 1446 859 1478 in
870 1443 962 1492 gallis
975 1442 1044 1491 ipsis
1059 1441 1231 1492 conspicua
1241 1443 1284 1478 est
1296 1457 1304 1480 ε
1314 1443 1353 1481 sic
1364 1449 1452 1484 enim

73 1488 176 1526 succus
190 1489 312 1540 singuiis
326 1490 469 1540 partibus
477 1493 656 1527 nutriendis
671 1491 871 1528 affunditur,-

110 1539 219 1587 Atque
229 1552 264 1575 ut
276 1542 307 1575 in
322 1539 534 1588 pulmonibus
547 1539 588 1574 ab
605 1540 724 1576 incluso
735 1546 769 1577 ὃ(
780 1551 936 1576 contento
946 1539 1169 1575 veficulisaete
1183 1539 1304 1576 fanonis
1316 1546 1452 1578 commi-

63 1589 182 1625 muitur
192 1593 252 1632 r&
264 1591 475 1635 excoquiture
492 1590 534 1623 ita
549 1588 618 1623 fere
632 1601 686 1623 aet·
695 1588 854 1624 conclusus
868 1588 1004 1624 tracheis
1014 1587 1165 1623 arborum
1174 1615 1185 1627 ,
1198 1571 1306 1624 casote
1319 1591 1382 1624 diei
1395 1619 1404 1634 ,
1417 1597 1453 1628 δε

73 1637 179 1672 noctis
198 1636 319 1684 frigore
339 1637 469 1671 alternis
482 1637 631 1672 dilatatus
645 1666 654 1680 ,
677 1642 712 1674 δε
729 1636 874 1672 densatus
892 1635 971 1671 succi
989 1636 1175 1671 alimentitii
1189 1649 1314 1672 motum
1334 1651 1454 1687 urget,

74 1685 151 1719 dum
168 1687 353 1733 comprimit
367 1685 678 1728 ,aut-laxat=tubulos
689 1685 814 1734 ligneos
826 1713 836 1729 ,
855 1691 888 1722 &
907 1683 990 1732 ipsos
1013 1684 1179 1721 utriculos,
1207 1688 1299 1732 Quin
1315 1692 1349 1723 &
1365 1688 1454 1723 forte

64 1742 180 1768 'motus
198 1736 304 1768 omnis
326 1736 398 1769 vitae
418 1733 492 1769 fons
508 1762 517 1776 ‚
534 1746 572 1769 ac
590 1734 802 1770 fermentatio
822 1733 864 1769 ab
881 1735 962 1769 aeris
984 1732 1154 1768 subtilioris
1177 1734 1338 1782 particulis
1350 1735 1453 1784 profi-

75 1780 212 1818 c-iscitur.
234 1782 329 1819 Unde
342 1785 376 1817 in
389 1782 512 1818 infestis
524 1783 658 1818 tracheae
677 1782 869 1831 multiplices
886 1781 1003 1816 viscera
1023 1787 1056 1819 &
1069 1793 1178 1817 carnes
1195 1785 1327 1832 irrigant
1339 1812 1350 1827 ‚
1372 1790 1405 1822 ὃς
1420 1788 1453 1821 in

74 1832 167 1865 certis
181 1829 259 1865 locis
271 1830 363 1866 velut
379 1833 457 1866 aeris
471 1832 613 1879 quaedam
622 1833 839 1880 promptuaria
853 1842 1092 1866 coacervantur.

113 1881 231 1914 Praeter
249 1878 401 1928 vasaxjam
427 1890 614 1915 enumerata
629 1880 698 1916 sunt
724 1882 893 1927 unicuique
918 1879 1035 1927 plantae
1049 1878 1123 1914 vasa
1146 1883 1275 1928 propria
1290 1882 1325 1915 in
1344 1880 1455 1929 pleris-

77 1939 141 1974 que
152 1927 337 1975 conspicua,
350 1941 420 1975 quae-
430 1927 555 1963 succum
573 1928 629 1963 fibi
641 1929 834 1977 peculiarem
851 1957 859 1971 ‚
876 1932 911 1965 &
927 1927 1014 1975 quasi
1038 1926 1220 1976 specificum
1245 1929 1370 1965 vehunt
1393 1930 1454 1965 ali-

76 1979 284 2012 mentum.1n
297 1975 408 2010 abiete
423 1975 642 2012 terebinthina
654 1977 850 2025 implentur3
871 1978 904 2011 in
931 1975 1031 2011 ebulo
1061 1990 1093 2012 v.
1120 1977 1245 2012 l’hieble
1272 1978 1380 2013 succus
1399 1979 1456 2014 ille

77 2023 199 2059 melleo
222 2023 330 2058 colore
360 2023 390 2057 se
418 2024 549 2071 prodit5
566 2027 598 2059 in
619 2025 772 2061 laetiferis
796 2031 830 2062 &
850 2027 883 2059 in
898 2026 934 2058 iis
948 2036 1021 2071 quae
1044 2024 1175 2060 resinam
1194 2025 1353 2069 fun-dunt,
1375 2028 1456 2073 ejus-

79 2073 168 2107 modi
178 2071 300 2107 vascula
312 2071 507 2106 laceratione
515 2071 579 2119 ipsa
589 2072 778 2121 seprodunt.
803 2076 910 2120 Atque
929 2072 981 2107 hic
998 2072 1231 2109 succus-multo
1245 2076 1289 2109 cst
1306 2075 1456 2109 elabora..

80 2122 144 2155 tior
153 2120 279 2168 reliquo
291 2119 589 2165 succosqui-fistulis
602 2121 734 2169 ligneis,
757 2126 791 2158 &
811 2120 950 2157 utriculis
969 2124 1163 2159 continetur.
1186 2123 1276 2158 Hinc
1291 2122 1456 2159 fflaefibrae

80 2171 164 2203 circa
192 2168 341 2203 utriculos
362 2167 595 2205 diffiinduntur.
615 2172 663 2205 Ac
688 2169 756 2205 fere
775 2181 855 2217 quot
872 2167 1131 2218 suntplantarum
1148 2170 1286 2218 species,
1311 2182 1361 2205 rot
1385 2171 1456 2206 sunt

81 2216 322 2263 ejusmodisucci
335 2217 518 2264 peculiares.
534 2218 623 2252 Hinc
637 2217 724 2253 forte
737 2217 788 2253 sua
800 2218 917 2267 plantae
929 2220 1060 2266 capiunt
1075 2222 1269 2255 incrementa
1284 2247 1292 2260 ,
1305 2220 1382 2253 dum
1400 2231 1456 2254 ro-

81 2268 122 2300 tis
134 2267 231 2301 instar
246 2265 370 2313 singulis
388 2264 531 2313 partibus
549 2264 654 2301 succus
673 2266 727 2301 ille
745 2266 983 2309 affunditur,&
999 2267 1234 2302 concrescendo
1252 2266 1330 2314 ipsas
1347 2279 1467 2316 auget.r

83 2313 169 2349 Cum
188 2314 335 2361 aquofior
353 2314 396 2348 est
408 2343 419 2357 ,
440 2325 476 2349 ut
489 2318 523 2348 'm
534 2312 627 2349 salice
639 2342 649 2356 ‚
667 2313 814 2353 difflatur,
835 2318 871 2350 In
881 2327 982 2362 pruno
994 2343 1005 2358 ,
1016 2315 1141 2357 ceraso,
1163 2320 1198 2351 &
1214 2313 1348 2350 refinofis
1361 2327 1453 2357 ‚cum

73 2361 187 2397 -succus
198 2363 255 2398 ille
268 2368 335 2410 jam
349 2361 435 2397 fibris
446 2362 582 2410 aspersus
599 2363 782 2410 exhalavit,
793 2363 865 2402 solae
880 2365 998 2401 tunicae
1023 2362 1171 2410 yasoturn
1188 2368 1220 2399 &
1247 2362 1467 2401 utriculotum-

82 2411 240 2449 interdum
248 2411 319 2449 sunt
327 2410 528 2460 superstites.-
1166 2411 1235 2449 Lll
1265 2414 1296 2459 ij,
