1878 2724
126 199 182 234 riis
202 208 242 233 ea
251 195 356 232 modis
368 193 482 231 miscet
494 225 504 241 ‚
523 202 559 234 &
576 198 765 245 componit,
788 206 825 231 ut
842 193 907 230 fuse
924 195 1123 232 demonstrat
1139 198 1179 232 D.
1197 195 1297 243 Boyle
1311 196 1344 230 in
1361 159 1516 243 praeclarg

127 258 227 296 opere
244 275 255 291 ‚
276 246 365 294 quod
376 245 545 294 Chymista
557 248 724 293 Scepticus
734 243 916 280 inscribitur
930 273 939 288 ,
966 257 1004 280 ex
1018 258 1084 292 quo
1096 243 1199 279 multa
1219 255 1304 280 nunc
1319 255 1513 279 mutuamur.

125 299 177 332 sic
191 298 312 338 vitrum
328 308 369 330 ex
379 294 540 331 cineribus
558 294 731 330 conficitur
748 323 758 337 ‚
777 294 874 342 idque
887 296 940 329 vix
959 293 1084 329 dilsolvi
1098 293 1203 342 potest
1221 307 1230 328 ε
1256 295 1324 328 imo
1338 292 1371 327 id
1390 292 1514 340 prorsus

125 343 294 394 insipidum
312 345 375 380 est:
395 343 520 380 tametfi
538 357 578 380 ex
594 343 654 379 sale
671 373 683 388 ,
700 354 736 379 ut
752 354 872 379 vocant
884 372 894 388 ,
916 344 1017 378 alcali
1028 371 1037 382 ‚
1056 342 1109 378 seu
1122 343 1268 378 extracto
1297 343 1314 378 ὲ
1337 340 1514 386 cineribus,

123 399 158 432 ὅ(
171 397 327 430 acerrimo
345 394 478 430 constat.

165 442 317 489 Confirm.
339 447 466 479 iterum.
481 444 555 480 Nec
572 442 698 491 spiritus
713 444 770 489 qui
780 442 899 476 &variis
913 438 1100 489 corporibus
1119 440 1293 477 eliciuntur
1305 468 1314 483 ‚
1335 451 1371 475 ut
1384 438 1403 473 s
1418 441 1509 474 iritus

124 492 201 527 nitri
219 497 253 529 &
271 492 434 541 fuliginis,
457 504 511 527 aut
525 490 701 539 sanguini53
717 501 776 524 nec
790 488 866 524 sales
880 488 934 537 ipfi
948 519 958 533 ,
978 502 1039 525 nec
1056 489 1128 524 olea
1145 491 1275 525 demum
1285 491 1371 523 inter
1385 453 1416 523 [E
1428 501 1509 524 con-

121 543 270 577 veniunt.
297 544 367 577 lmo
389 540 513 588 spiritus
524 542 601 576 nitri
616 551 687 586 mg·
703 543 737 574 &
754 537 878 586 spiritus
891 550 991 573 cornu
1000 537 1184 574 cervifimul
1200 540 1293 574 mixti
1312 537 1509 572 tumultuan-

123 601 196 634 tur,
215 602 275 625 nec
284 587 439 625 credibile
449 589 514 632 est,
531 600 566 623 ut
575 592 642 636 jam
656 590 820 623 innuimus
832 615 841 630 ,
861 586 1006 636 spiritum
1017 586 1285 623 inflammabilem
1301 588 1376 621 actu
1388 589 1422 622 in
1435 599 1508 621 mu-

120 637 274 674 stoineffe
292 649 367 673 ante
379 637 671 673 fermentationem
688 651 695 672 :
716 649 790 672 cum
805 636 876 671 elici
897 649 963 672 non
977 634 1075 685 poffit
1086 665 1096 679 ,
1118 638 1166 672 uti
1178 649 1237 671 nec
1248 646 1376 670 acetum
1388 637 1460 670 astu
1472 637 1507 671 in

120 689 199 722 vino
211 687 259 721 est
277 701 286 723 ε
306 686 357 722 sed
377 698 452 721 eum
465 688 607 735 partium
621 698 810 723 contextum
829 688 862 722 vi
880 686 995 722 caloris
1010 687 1149 734 acquirit
1163 714 1172 730 ‚
1189 698 1254 733 quo
1277 684 1420 734 linguam
1448 696 1505 732 pe-

117 746 225 771 netrat
237 741 271 773 &
285 737 413 785 pungit.

160 785 240 821 Non
252 797 366 833 repeto
376 796 533 833 quantum
543 783 580 820 fit
592 784 779 820 discriminis
789 786 873 821 inter
883 783 959 819 sales
976 782 1068 829 fixos,
1082 787 1140 832 qui
1156 795 1213 833 per
1231 784 1502 820 incinerationem

116 831 200 869 fiunt
211 861 222 877 ,
242 838 276 871 δι
290 834 440 869 volatiles
450 864 458 878 ,
478 836 535 882 qui
550 846 588 869 ex
605 833 794 869 animalium
809 832 952 882 partibus
964 863 974 877 ,
989 845 1024 868 ut
1039 833 1156 870 ossibus
1170 864 1180 878 ‚
1204 833 1277 882 pilis
1297 862 1307 876 ,
1329 832 1480 881 sanguine
1491 860 1502 874 ,

117 881 270 918 cornibus
281 885 367 919 inter
383 883 595 919 distillandum
605 912 615 927 ,
626 883 681 918 vel
693 883 757 918 leni
773 883 879 918 calore
891 882 1094 919 attolluntur.
1110 883 1198 918 Sales
1211 882 1265 918 fixi
1275 885 1327 917 vix
1338 881 1418 916 ullas
1432 879 1502 915 suo-

113 943 185 967 rum
199 944 373 981 corporum
387 935 470 967 vites
481 934 641 968 retinent:
659 944 734 967 cum
755 931 797 967 sal
816 932 959 968 volatilis
981 932 1083 967 odore
1096 961 1105 976 ,
1133 931 1264 981 sapore,
1285 937 1318 968 &
1337 931 1403 965 aliis
1424 929 1502 964 affe-

113 980 276 1017 &ionibus
292 981 337 1017 sui
350 984 496 1031 corporis
510 980 777 1031 compositionem
788 988 822 1021 &
836 993 1144 1031 temperamentum,
1156 981 1265 1017 crasim
1281 986 1314 1018 ὅ(
1328 982 1410 1016 vires
1422 991 1501 1014 con-

110 1027 229 1114 selliibtc
247 1081 346 1115 etiam
357 1081 441 1115 inter
456 1079 487 1115 se
500 1078 671 1124 dissident,
697 1079 786 1128 quod
802 1078 879 1114 sales
892 1078 947 1116 fixi
964 1084 998 1117 ἅτ
1014 1079 1171 1116 lixiviales
1187 1078 1392 1114 sublimatum
1414 1088 1498 1111 mer-

111 1130 232 1163 curium
244 1131 279 1163 in
289 1140 374 1175 aqua
388 1128 566 1164 exsolutum
584 1128 623 1164 fic
633 1128 782 1171 turbent,
795 1133 828 1165 &
840 1131 1046 1177 praecipitent
1061 1158 1070 1173 ‚
1093 1141 1128 1164 ut
1142 1128 1247 1175 liquor
1257 1128 1343 1163 flavo
1353 1138 1408 1161 aut
1426 1124 1499 1159 sub-

111 1174 209 1211 rubro
221 1176 331 1211 colore
351 1179 512 1226 tingatur:
527 1177 604 1213 sales
616 1177 768 1213 volatiles
778 1176 923 1212 colorem
934 1177 1075 1215 ladkeum
1089 1179 1196 1212 eidem
1206 1176 1359 1212 solutioni
1376 1177 1496 1223 irnper-

111 1226 204 1262 tiant.
233 1228 286 1259 Sic
301 1224 424 1273 spiritus
438 1228 544 1270 acidi,
559 1226 658 1262 macri
677 1254 687 1270 ,
715 1225 877 1269 famelici,
896 1238 932 1262 ut
952 1239 1092 1269 vocant,
1113 1228 1249 1261 omnino
1268 1224 1337 1260 diff
1347 1234 1423 1258 runt
1453 1221 1495 1257 ab

109 1275 146 1308 iis
172 1276 228 1321 qui
249 1273 408 1322 sulphurei
423 1273 513 1318 sunt,
527 1281 559 1312 &
573 1273 825 1310 inflammabiles
843 1288 850 1310 τ
866 1287 1054 1323 quanquam
1072 1277 1200 1321 utrique
1216 1274 1302 1309 forte
1323 1272 1384 1307 sale
1402 1271 1495 1306 vola-

109 1321 160 1357 tili
173 1334 326 1358 acuantur
337 1337 345 1358 ε
361 1322 540 1372 sulphurei,
551 1323 663 1372 quales
675 1323 744 1359 sunt
755 1325 788 1358 in
802 1323 1005 1359 fermentatis
1018 1322 1207 1372 liquoribuS,
1217 1322 1313 1359 facile
1323 1319 1494 1364 inebriant,

108 1383 148 1406 ac
159 1384 304 1408 mentem
315 1372 512 1408 conturbant
532 1391 541 1418 3
561 1386 628 1408 non
638 1375 718 1408 item
735 1372 858 1421 spiritus
873 1373 989 1408 aciduli
1000 1386 1041 1408 ex
1054 1375 1142 1407 cittis
1155 1401 1165 1416 ,
1187 1384 1242 1407 aut
1257 1372 1400 1406 limoniis
1414 1398 1424 1413 ,
1437 1381 1493 1404 aut

104 1420 174 1455 aliis
187 1433 226 1456 ex
237 1420 397 1457 fructibus
407 1423 552 1459 extraffi.
567 1424 656 1457 Hinc
666 1424 741 1457 vina
752 1421 876 1457 acidula
889 1425 993 1457 minus
1008 1421 1171 1458 inebriant
1179 1451 1189 1465 ‚
1211 1426 1245 1458 &
1256 1420 1407 1455 calidiora
1424 1431 1494 1465 quae

105 1468 200 1513 sunt,
224 1482 296 1505 cum
321 1470 415 1505 succis
444 1472 543 1507 acidis
567 1482 808 1520 temperantur,
825 1482 971 1506 mentem
992 1474 1095 1505 minus
1113 1469 1319 1519 perturbant.
1340 1467 1493 1502 Viderint

105 1530 183 1567 ergo
195 1519 248 1554 Ch
275 1521 515 1568 miciquantum
532 1521 695 1571 augendus
706 1519 742 1555 fit
751 1522 982 1570 principiorum
997 1532 1145 1557 numerus
1157 1548 1168 1563 ,
1195 1518 1215 1554 fi
1235 1532 1309 1556 vere
1333 1518 1491 1567 principia

105 1567 172 1603 dici
192 1580 234 1616 po
259 1580 327 1606 unt.

658 1619 771 1650 Tertia
793 1617 967 1663 Conclusio.

140 1719 299 1766 Principia
321 1718 468 1768 chymica
493 1726 536 1750 ex
557 1714 752 1750 mechanicis
773 1714 953 1760 ducuntur,
982 1720 1017 1752 &
1040 1716 1080 1751 ad
1107 1727 1145 1750 ea
1169 1716 1304 1751 omnino
1328 1724 1486 1749 revocan-

101 1775 167 1802 tur.

139 1812 235 1850 Proh.
251 1815 343 1850 concl.
361 1816 446 1851 exiis
461 1826 531 1862 quae
547 1819 610 1863 jam
629 1813 699 1849 sunt
713 1814 927 1849 demonstrata
944 1827 951 1848 :
976 1814 1006 1848 id
1020 1816 1105 1849 enim
1119 1813 1223 1861 liquet
1237 1812 1393 1860 principia
1406 1813 1486 1860 chy-
1502 1828 1505 1829 ⁷

102 1865 186 1898 mica
197 1876 302 1912 neque
319 1863 379 1900 effe
393 1865 541 1900 omnium
550 1866 651 1912 prima
664 1892 674 1906 ,
696 1876 802 1911 neque
824 1865 898 1899 anitu
917 1861 977 1898 esse
998 1865 1032 1899 in
1056 1865 1163 1899 mixtis
1178 1876 1215 1898 ea
1236 1861 1362 1904 forma,
1386 1874 1485 1909 quam

101 1910 246 1961 separata
260 1913 428 1950 exhibent.
444 1915 533 1949 Hinc
551 1914 639 1948 enim
657 1915 784 1961 optime
803 1912 964 1960 colligitur
986 1912 1066 1948 nihil
1093 1925 1132 1946 ea
1152 1910 1213 1947 effe
1238 1921 1354 1960 praeter
1380 1921 1483 1945 certas

99 1961 360 2010 corpusculorum
374 1964 596 1999 concretiones
611 1991 621 2006 ,
647 1961 762 2010 easque
779 1959 989 2005 secundamus,
1007 1974 1077 2010 quae
1093 1973 1162 1997 tum
1179 1960 1200 1996 ὲ
1222 1958 1484 2008 corpusculorum

101 2019 228 2044 textura
237 2040 246 2054 ‚
264 2022 333 2047 turn
347 2015 444 2048 etiam
457 2011 499 2046 ab
513 2012 593 2059 ignis
604 2012 684 2048 vi&
694 2013 872 2060 agitatione
891 2011 1047 2059 pendent.
1064 2013 1153 2047 Hinc
1167 2021 1290 2045 tantum
1304 2011 1390 2044 inter
1403 2007 1482 2043 sales

101 2069 158 2093 aut
170 2058 241 2093 olea
253 2059 420 2096 discrimen
430 2090 439 2104 ‚
452 2073 487 2095 ut
498 2072 568 2107 quae
581 2072 770 2096 communes
792 2072 918 2095 tantum
937 2059 1061 2095 habent
1077 2059 1249 2107 qualitates
1263 2088 1273 2102 ,
1290 2068 1345 2092 aut
1362 2056 1482 2093 ficcita-

101 2109 141 2140 tis
155 2136 165 2151 ‚
184 2118 239 2142 aut
251 2106 448 2144 humiditatis
463 2138 471 2152 ‚
483 2121 536 2143 aut
547 2107 679 2144 fixiratis
690 2139 699 2152 ,
710 2109 824 2144 eadem
839 2111 997 2158 principia
1011 2112 1062 2144 vix
1074 2110 1138 2144 dici
1149 2107 1277 2157 poffint.
1290 2108 1378 2141 Hinc
1397 2105 1479 2141 sum-

101 2168 156 2190 ma
173 2157 206 2192 in
221 2157 301 2191 ideis
314 2187 323 2201 ,
342 2171 421 2205 quas
432 2158 480 2193 his
492 2156 626 2192 vocibus
644 2169 755 2206 aptare
769 2159 920 2194 volumus
932 2188 940 2201 ‚
955 2158 1132 2193 obscuritas
1147 2160 1247 2192 oritur
1262 2162 1294 2194 ὃ(
1313 2154 1454 2190 confufio
1470 2169 1478 2189 :

99 2205 182 2240 adeo
193 2218 228 2241 ut
243 2209 293 2240 vix
308 2208 470 2255 explicare
480 2204 629 2254 posfirnus
639 2208 718 2254 quid
731 2206 801 2242 salis
812 2238 822 2252 ,
844 2208 925 2257 quid
944 2206 1097 2256 sulphuris
1112 2237 1123 2252 ‚
1157 2207 1233 2255 quid
1252 2206 1402 2242 mercurii
1419 2217 1479 2238 no⁴

100 2255 188 2289 mine
210 2254 435 2303 intelligamus,

140 2304 241 2350 Qod
257 2306 345 2338 enim
359 2304 454 2340 salem
475 2314 596 2339 vocant
609 2316 720 2350 corpus
734 2304 862 2339 firmum
879 2310 912 2341 δε
926 2317 1113 2340 concretum
1134 2307 1166 2339 in
1181 2314 1264 2349 aqua
1278 2299 1451 2336 exsolubile
1467 2315 1475 2335 ε

99 2361 151 2386 tot
168 2352 238 2388 sunt
248 2352 404 2400 ejusinodi
418 2367 551 2402 corpora
565 2383 575 2397 ‚
604 2364 638 2387 ut
660 2352 700 2388 sal
718 2356 878 2396 marinus,
900 2352 943 2388 sal
962 2353 1072 2388 fosfilis
1088 2383 1096 2396 ‚
1114 2352 1277 2387 virriolum
1297 2380 1306 2391 ,
1330 2353 1450 2385 nitrum
1465 2378 1475 2392 ‚

98 2399 229 2438 alumen
242 2431 252 2447 ,
266 2401 342 2438 sales
360 2403 376 2437 ὲ
394 2404 553 2439 cineribus
566 2403 735 2446 exstracti,
753 2408 786 2439 &
799 2401 854 2437 fixi
871 2430 880 2445 ‚
901 2415 982 2449 quos
1011 2414 1129 2437 vocant
1142 2403 1241 2436 alcali
1253 2418 1269 2443 ‚·
1286 2398 1361 2434 sales
1378 2397 1470 2441 vola-
