1878 2724
371 158 426 201 με
751 145 1013 186 nuvsrcAE
1054 146 1370 185 GENERALIS

893 244 1077 279 Solvuntur
1101 242 1295 287 objee'ltones.

405 351 489 399 Opp.
515 361 541 383 ι.
566 358 633 382 non
648 342 709 379 esre
720 341 876 380 credibile
898 340 1032 379 effluxus
1048 353 1140 378 terrae
1156 342 1198 378 ad
1223 353 1348 378 tautam
1364 342 1571 380 altitudinem
1584 373 1593 388 ‚
1618 348 1651 382 ὅ(
1678 342 1770 380 forte

367 398 464 447 usque
479 399 519 433 ad
532 396 649 432 coelum
659 392 814 438 diffundi,
824 405 860 429 ut
875 403 1003 429 motum
1014 404 1120 428 rerum
1135 394 1284 441 gravium
1301 392 1543 431 determinent:
1563 407 1641 444 ergo
1657 395 1770 442 gravia

368 463 436 488 non
449 459 549 497 egent
566 446 619 482 illa
630 446 906 481 determinatione
917 472 928 487 ,
943 454 981 477 ac
989 441 1155 492 pelluntur
1164 445 1272 491 potius
1287 442 1328 477 ad
1350 453 1469 477 terram
1483 470 1494 486 ,
1517 457 1618 492 quam
1633 445 1675 479 ad
1693 455 1770 479 earn

371 498 547 534 trahantur.

403 549 492 598 Rcsp,
528 548 560 581 id
587 545 723 594 quidem
748 542 920 581 intellectu
935 540 996 577 effe
1022 539 1158 578 difficile
1170 571 1179 585 ‚
1196 542 1367 590 quomodo
1384 554 1422 579 ex
1437 553 1528 579 tanta
1547 539 1695 578 distantia
1713 554 1770 592 per

369 608 458 634 terrae
469 597 600 633 effluxus
614 596 818 643 magneticos
829 594 941 643 gravia
952 593 993 627 ad
1003 593 1086 628 hunc
1097 603 1224 629 motum
1242 591 1453 629 determinari
1466 590 1589 642 possint
1599 619 1609 634 ,
1624 590 1677 626 sed
1690 591 1772 629 illud

369 660 502 697 quoque
512 645 675 695 explicatu
691 645 739 680 est
752 641 915 680 difficilius
925 671 935 687 ,
947 641 1002 690 qui
1013 641 1136 692 possint
1151 640 1345 677 descendere
1356 671 1366 686 ‚
1379 642 1434 678 nifi
1444 643 1554 690 aliqua
1567 643 1604 676 iis
1614 641 1773 678 determi-

369 700 459 735 natio
469 694 642 732 accerserit.
655 697 746 731 Nam
759 693 780 729 si
799 704 918 728 terram
935 691 1093 727 sublatam
1111 703 1271 740 ponamus
1285 721 1295 735 ‚
1312 697 1346 729 &
1370 692 1454 728 illius
1474 693 1549 735 loco
1567 703 1680 727 aerem
1696 690 1775 728 sub-

367 748 512 783 stitutum
526 776 536 791 ‚
549 757 637 780 certe
649 744 738 780 nulla
757 743 801 778 est
810 744 894 778 ratio
906 754 960 777 cur
969 743 1081 790 gravia
1100 743 1135 778 in
1155 739 1286 776 sublimi
1309 740 1410 789 polita
1429 740 1575 777 deorsum
1598 739 1768 786 ferantur‚;

367 810 423 833 cur
442 797 551 832 locum
568 795 657 831 suum
686 792 834 829 deserant
847 820 857 837 ,
877 803 914 828 ut
935 790 1037 829 alium
1060 789 1262 828 consimilem
1279 802 1428 839 quaetant
1445 803 1540 827 aera:
1557 789 1679 838 ubique
1697 790 1774 829 sane

367 845 580 883 difficultates
592 855 774 881 occurrunt.

402 896 489 932 Illud
509 908 621 931 tamen
635 892 872 930 advertendum
885 893 997 942 gravia
1011 903 1148 941 corpora
1162 891 1225 928 hoc
1238 890 1371 927 forsitan
1386 893 1491 927 minus
1502 892 1664 942 gravitate
1676 921 1687 938 ‚
1705 902 1775 939 quo

368 946 495 996 longius
514 945 534 982 ὲ.
553 957 638 980 terra
647 954 875 980 removentur.
892 944 981 978 Hinc
995 940 1101 978 nubes
1114 940 1191 976 licet
1208 939 1373 976 crassiores
1394 944 1428 976 in
1443 954 1518 977 aere
1533 952 1668 977 manent
1691 952 1776 989 pen..

369 996 439 1032 siles
450 1026 459 1040 ‚
473 1001 507 1032 &
524 1007 601 1031 aves
613 996 715 1030 etiarn
729 995 859 1042 majoris
881 990 978 1029 molis
1002 993 1036 1028 in
1049 990 1179 1026 sublimi
1191 990 1371 1026 admodum
1396 1002 1469 1026 aere
1492 997 1525 1029 &
1542 989 1728 1038 longissime
1752 989 1775 1027 ὲ

369 1056 455 1082 terra
465 1056 596 1081 remoto
608 1046 709 1079 minus
720 1044 895 1093 gravitant.
911 1043 960 1077 Ac
975 1040 1046 1078 fieri
1063 1039 1171 1090 potest
1182 1040 1315 1076 utnulla
1330 1039 1367 1075 fit
1376 1039 1515 1089 amplius
1530 1043 1686 1089 gravium,
1698 1050 1774 1075 cum

368 1095 448 1132 nulli
462 1095 533 1131 sunt
549 1094 685 1130 effluxus
697 1093 718 1128 a
740 1104 825 1128 terra
843 1092 1041 1142 prodeuntes
1058 1119 1069 1135 ,
1088 1093 1145 1139 qui
1156 1090 1198 1125 ad
1211 1102 1287 1125 eum
1305 1101 1435 1125 motum
1459 1101 1595 1139 corpora
1617 1089 1776 1123 determi-

371 1157 460 1181 nent.
476 1147 598 1192 Neque
610 1144 643 1178 id
663 1145 781 1178 mirum
802 1143 907 1178 videri
929 1139 1051 1185 debet,
1069 1138 1091 1174 fi
1111 1142 1292 1188 cogitemus
1313 1151 1431 1187 corpus
1450 1139 1561 1175 lunare
1584 1150 1654 1174 non
1670 1138 1775 1173 minus

370 1194 433 1231 else
447 1195 657 1243 compactum
668 1222 679 1238 ,
710 1203 809 1239 quam
823 1190 976 1227 terrestre
990 1219 999 1234 ,
1020 1191 1069 1226 uti
1083 1187 1137 1225 suo
1155 1190 1231 1224 loco
1250 1187 1544 1225 demonstrabimus
1558 1205 1568 1232 3
1585 1200 1646 1224 nec
1661 1197 1776 1223 tamen

370 1247 475 1291 magis
490 1246 525 1279 in
538 1254 656 1277 terram
670 1244 792 1285 nititur,
805 1252 906 1289 quarn
916 1250 1002 1275 terra
1018 1241 1052 1274 in
1072 1238 1155 1274 lunae
1164 1238 1274 1273 locum
1298 1239 1424 1274 tendat.

417 1292 590 1328 Postremo
604 1303 647 1326 ne
661 1289 740 1325 illud
758 1290 890 1338 quidem
929 1288 1165 1323 raetereundum
1180 1316 1189 1331 ‚
1204 1299 1320 1335 corpus
1332 1299 1432 1336 grave
1446 1288 1478 1321 in
1491 1284 1618 1322 sublimi
1633 1286 1775 1335 positum

371 1342 411 1377 ad
422 1353 555 1377 omnem
568 1351 694 1376 motum
703 1337 766 1374 effe
776 1340 881 1388 parati
907 1350 1008 1374 imum
1022 1350 1030 1373 2
1044 1336 1091 1372 est
1103 1338 1190 1372 enim
1199 1335 1293 1372 velut
1302 1338 1336 1372 in
1347 1334 1529 1383 aequilibrio
1544 1336 1774 1373 constitutum:

373 1402 409 1427 ut
426 1390 544 1441 globus
566 1388 724 1437 exquifito
746 1388 848 1438 plano
878 1385 1066 1436 impositus,
1089 1398 1189 1434 quam
1214 1388 1358 1422 minimo
1380 1388 1508 1435 impetu
1525 1384 1774 1433 quoquoversus

371 1452 536 1477 movetur.
553 1442 607 1475 Sic
629 1450 747 1488 corpus
763 1451 867 1489 grave
884 1437 943 1475 filo
962 1435 1141 1486 pendulum
1155 1437 1190 1472 in
1212 1446 1443 1484 quamcunque
1468 1446 1598 1484 partem
1615 1433 1776 1471 facillime

373 1493 523 1540 agitatur.
1404 1519 1408 1523 .

406 1542 493 1590 Opp.
509 1555 537 1576 2.
553 1539 586 1574 Si
606 1548 716 1574 motus
730 1532 1008 1586 graviiimaterra
1026 1535 1282 1578 determinetur,
1302 1545 1359 1570 aut
1373 1535 1535 1569 excitetur
1546 1563 1555 1577 ,
1579 1546 1635 1569 cur
1653 1542 1777 1584 corp0.*

373 1602 407 1626 ra
420 1602 491 1638 quae
505 1589 576 1638 plus
596 1586 722 1623 habent
735 1586 879 1622 materiae
890 1613 901 1628 ,
917 1584 989 1621 sunt
999 1587 1161 1633 graviora.
1193 1587 1284 1623 Nam
1297 1596 1365 1632 quae
1388 1585 1495 1618 minus
1516 1581 1642 1619 habent
1667 1596 1776 1620 mate-

371 1641 441 1683 riae,
454 1644 487 1676 &
498 1639 571 1674 sunt
585 1638 725 1680 rariora,
742 1634 860 1670 eadem
875 1634 1001 1671 facilius
1018 1633 1039 1671 a
1057 1646 1143 1670 terra
1164 1635 1344 1671 trahuntur.
1365 1632 1495 1670 Deinde
1513 1632 1597 1668 nihil
1614 1633 1662 1669 est
1682 1634 1776 1683 quod

371 1700 498 1725 motum
515 1687 636 1724 levium
655 1686 864 1721 determinet.
875 1686 959 1722 Non
969 1686 1098 1720 enimin
1109 1685 1250 1720 eundern
1268 1683 1376 1719 locum
1389 1685 1557 1719 nituntur:
1577 1681 1631 1718 sed
1655 1684 1775 1719 eadem

372 1740 418 1774 est
428 1740 509 1773 ratio
520 1739 667 1786 gravium
677 1746 869 1782 corporum,
891 1746 964 1781 quae
976 1733 1107 1769 levium.
1120 1734 1286 1770 Postremo
1304 1732 1428 1768 nullum
1447 1744 1562 1780 corpus
1576 1735 1721 1768 inanime
1737 1734 1775 1769 in

372 1788 404 1824 se
415 1787 458 1823 sui
467 1797 575 1822 motus
592 1783 695 1819 haber
726 1784 899 1831 rincipium
911 1790 918 1817 ἐ
929 1794 1000 1816 cum
1012 1794 1125 1830 corpus
1144 1794 1244 1816 omne
1256 1780 1299 1815 ab
1311 1780 1377 1815 alio
1391 1792 1565 1815 moveatur
1577 1797 1585 1825 3
1597 1793 1657 1816 nec
1665 1792 1775 1817 mate-

373 1841 420 1872 ria
443 1839 527 1871 iners
543 1864 551 1879 ‚
573 1839 606 1870 &
621 1796 726 1868 otiose}
743 1833 938 1881 principium
955 1841 1062 1868 motus
1076 1829 1138 1866 effe
1155 1829 1260 1880 possit.
1291 1830 1392 1880 Qd
1412 1831 1501 1864 enim
1525 1841 1602 1864 ante
1624 1833 1774 1878 quietum

373 1897 443 1922 erat
458 1886 584 1920 moveri
597 1896 664 1918 non
676 1881 783 1931 potest
795 1910 806 1925 ‚
826 1879 883 1917 nisi
895 1880 1026 1916 aliunde
1043 1892 1171 1915 motum
1194 1878 1282 1915 suum
1303 1881 1458 1928 accipiat:
1481 1890 1622 1927 cumque
1641 1881 1680 1914 ad
1703 1880 1774 1915 fot.

373 1948 463 1970 marn
483 1932 723 1969 substantialem
735 1960 745 1974 ‚
763 1931 868 1966 autad
883 1930 1077 1979 qualitatem
1091 1931 1284 1965 recurrimus
1298 1958 1308 1973 ‚
1330 1942 1397 1965 non
1423 1927 1508 1963 aliud
1522 1941 1621 1976 quam
1641 1927 1774 1966 inscitie

371 1999 415 2021 no
422 1986 488 2019 strae
499 1983 690 2032 perfugium
707 1982 892 2032 quaerimus,

411 2036 498 2082 Resp.
511 2048 532 2069 1,
559 2035 592 2067 Si
614 2045 721 2069 motus
734 2031 1035 2080 gravium'omnino
1048 2029 1166 2065 {iterra
1185 2027 1394 2070 trahente,&
1411 2026 1451 2060 ad
1468 2025 1497 2062 se
1511 2030 1659 2077 rapiente
1669 2028 1773 2064 orire-

377 2096 425 2120 tur
437 2114 445 2127 ,
461 2095 532 2131 quae
548 2082 675 2117 leviora
685 2081 777 2124 sunt,
795 2079 921 2114 facilius
937 2079 1147 2115 traherentur.
1167 2079 1231 2114 Sed
1253 2088 1383 2114 motum
1407 2079 1522 2124 cuique
1546 2081 1593 2113 rei
1613 2079 1705 2127 gravi
1721 2079 1773 2114 in-

377 2134 547 2169 trinsecum
571 2129 821 2179 quodammodo
837 2127 898 2164 effe
917 2129 1154 2166 contendimus..
1176 2128 1277 2165 Unde
1294 2140 1363 2176 quo
1384 2125 1493 2174 plures
1517 2125 1586 2163 sunt
1606 2139 1712 2176 partes
1734 2129 1771 2164 in

377 2194 515 2232 corpore
530 2210 539 2225 ,
555 2181 715 2217 hocaffio
729 2179 795 2231 ipsa
808 2179 852 2214 est
864 2181 1024 2227 vegetior.
1043 2181 1132 2215 Nam
1154 2178 1282 2228 singulae
1293 2188 1402 2227 partes
1422 2179 1456 2211 vi
1473 2188 1580 2212 motus
1604 2177 1771 2213 effectrice

379 2234 558 2274 donantur,
575 2242 612 2265 ac
622 2229 783 2280 subjecius
808 2231 861 2263 ae'r
882 2231 987 2264 minus
1008 2231 1035 2263 ei
1046 2227 1166 2265 resistit.

420 2284 511 2330 Resp.
529 2295 550 2316 2·
563 2279 684 2315 nullam
698 2280 758 2317 else
768 2277 947 2313 absolutam
968 2278 1156 2315 levitatem:
1172 2277 1225 2313 sed
1242 2290 1280 2313 ea
1294 2277 1357 2311 dici
1370 2274 1492 2310 leviora
1504 2301 1513 2316 ‚
1525 2286 1595 2320 quae
1608 2286 1683 2309 cum
1693 2288 1771 2324 gra-

380 2332 523 2365 vioribus
538 2329 855 2378 comparanturzhoc
869 2332 958 2363 enim
980 2326 1079 2362 efficit
1093 2331 1235 2377 gravitas
1258 2338 1294 2360 ur
1321 2337 1369 2359 res
1385 2335 1519 2371 querque
1550 2322 1637 2358 suum
1657 2324 1769 2360 locum

383 2386 417 2416 &
433 2382 582 2414 ordinem
595 2391 753 2416 tueantur.
773 2380 821 2415 Ut
835 2379 867 2412 in
882 2378 962 2412 tubo
981 2389 1088 2412 Vltreo
1102 2407 1110 2420 ,
1128 2377 1332 2424 ubiquatuor
1345 2403 1353 2417 ‚
1371 2386 1406 2408 ut
1421 2372 1605 2418 loquuntur,
1620 2373 1768 2409 clemen-

384 2440 416 2463 ta
429 2428 549 2473 insunt,
565 2428 653 2465 suum
670 2428 926 2477 unumquodque
944 2427 1051 2462 locum
1062 2426 1173 2463 servat.
1195 2427 1344 2471 Cumque
1355 2436 1417 2459 una
1431 2421 1674 2458 confunduntur
1686 2452 1694 2468 ,
1706 2421 1769 2459 sm-

1181 2526 1199 2535 e,
