1878 2724
377 164 430 192 122.
788 146 1045 194 PHYSQiCAE
1082 148 1402 186 GENER‘AL‘IS

377 199 494 237 timide
505 204 538 236 ὃς
559 197 992 246 dubitanterproponamus:
1007 201 1212 244 nequeenim
1228 201 1405 247 quicquam
1429 200 1462 233 in
1475 209 1509 233 re
1528 195 1612 232 adeo
1629 196 1764 236 obscura

372 263 408 286 ui:
420 261 543 286 certum
554 279 564 293 ‚
575 254 607 286 &
624 250 763 283 omnino
778 246 984 294 exploratum
995 245 1091 281 'nobis
1109 246 1224 293 liquet.
1233 248 1272 281 id
1287 260 1367 283 vero
1383 250 1536 296 quaeritur
1544 247 1620 296 quid
1634 250 1667 283 in
1684 260 1763 297 pro-

370 301 460 349 jecito
488 298 592 345 lapide
605 325 615 340 ‚
633 308 686 331 aut
704 299 737 331 in
755 295 868 344 sagitta
893 293 1021 334 emilia,
1039 305 1096 341 aut
1113 296 1148 330 in
1174 294 1306 330 turbine
1329 299 1525 334 circumacto
1551 308 1677 332 motum
1697 302 1761 334 'arn

371 359 518 397 coeptum
531 348 717 381 continuare
731 345 837 395 possit.
846 343 950 379 Causa'
961 343 1130 393 porr'o‘illa
1142 346 1322 379 continuati
1330 352 1436 381 motus
1447 347 1502 382 vel
1517 312 1745 386 estiiitrinsdoa

369 398 424 433 vel
439 391 613 431 extrinseca
630 408 637 430 :
652 406 785 442 utraque
796 394 973 428 admodum
992 394 1119 429 videtur
1131 391 1275 429 obscura.
1703 426 1708 431 .

399 447 475 494 'Qi
493 444 697 480 intrinsecam
716 444 807 492 hujus
819 454 924 478 motus
944 442 1068 477 causam
1081 442 1257 491 agnoscunt
1269 472 1280 487 ‚
1311 444 1411 477 ii-tres
1436 445 1470 479 in
1487 455 1593 491 partes
1612 443 1771 482 scindun--

371 507 420 530 tur
435 496 602 544 :Epicurei
621 494 659 527 ad
670 505 799 529 atomos
812 521 822 535 ,
833 504 890 526 aut
907 491 1103 545 spiritusper
1121 491 1151 526 se
1168 491 1307 527 mobiles
1320 492 1515 542 confugiunt
1526 521 1534 535 ‚
1544 495 1601 540 qui
1615 493 1635 530 a
1645 507 1759 530 moto..

369 547 445 581 rein
463 543 587 579 mobile
603 554 799 578 commeant.
810 542 969 577 Cartesius
981 542 1021 575 ad
1040 541 1144 591 legem
1154 552 1287 585 naturae,
1299 554 1362 589 qua
1380 554 1428 577 res
1444 554 1578 589 quaeque
1594 544 1627 577 in
1643 555 1684 578 eo
1695 545 1759 579 sta-

371 605 427 637 tu,
443 596 474 628 in
487 606 555 641 quo
566 593 645 636 sunt,
658 593 795 627 omnino
815 589 1104 639 perseverant,nifi
1115 603 1153 626 ex
1167 603 1207 625 eo
1221 590 1300 626 statu
1319 590 1361 625 ab
1385 593 1520 627 extraria
1543 590 1633 626 causa
1653 591 1759 628 dimo-

370 654 517 680 veantur.
529 642 594 678 Alii
611 645 771 689 impetum
781 640 960 676 admittunt
971 668 982 683 ,
993 638 1044 675 seu
1051 639 1245 689 qualitatem
1254 638 1435 689 impressam
1447 669 1456 684 ‚
1477 653 1549 688 quae
1562 652 1689 677 motum
1700 643 1760 679 wel

370 695 503 742 exigat,
524 691 578 728 vel
601 690 731 726 efficiat.

401 744 471 788 Q
489 740 613 776 causam
631 740 928 775 motuscontinuati
942 738 1021 773 foris
1038 736 1195 773 arcessunt
1203 739 1257 781 ,dn
1269 749 1331 772 tres
1350 737 1464 772 itidem
1483 739 1652 786 opiniones
1671 741 1768 777 divi--

368 792 495 827 duntur.
525 792 613 827 Nam
627 788 786 824 Cartesius
803 794 837 825 δε
855 790 910 836 qui
920 800 994 822 eum
1015 785 1206 834 sequuntur,
1227 790 1337 822 Deum
1356 785 1456 821 solum
1477 799 1513 822 ut
1525 799 1634 823 motus
1651 793 1765 828 omnis,

367 841 539 875 authorem
552 869 561 882 ‚
581 845 614 876 ἐκ
630 837 890 873 conservatorem
903 835 1078 883 agnoscunt
1092 850 1099 870 :
1114 836 1197 871 adeo
1210 848 1244 871 ut
1268 848 1382 884 corpus
1398 834 1435 870 sit
1464 835 1585 872 occasio
1606 838 1759 885 quaedam

367 902 421 925 cur
435 889 522 924 aliud
536 899 706 924 moveatur
720 916 731 931 ,
748 900 815 923 non
833 885 932 922 causa.
959 884 1145 922 Aristoteles
1159 897 1274 933 corpus
1298 884 1340 919 ab
1364 887 1435 920 a'e're
1449 897 1536 921 retro
1551 885 1626 933 pelli
1646 888 1758 923 existi-

367 950 445 975 mat.
461 938 559 974 Multi
571 940 765 973 recentiores
775 937 816 970 ad
834 938 902 971 vim
920 937 1001 969 aeris
1011 934 1175 969 elasticam
1185 934 1377 982 confugiunt
1391 961 1398 972 ‚
1420 946 1456 969 ut
1475 936 1535 969 Vir
1559 935 1761 972 doffiffimus

369 990 408 1024 P.
438 989 477 1022 de
497 987 616 1021 Chales
633 1014 643 1029 ,
673 988 730 1035 qui
751 986 791 1020 de
818 984 955 1020 elaterio
975 984 1160 1033 elegantem
1184 981 1300 1032 scripsit
1314 982 1565 1020 dissertationem
1589 1011 1599 1026 ,
1634 997 1673 1019 ex
1692 998 1758 1033 qua

368 1036 523 1072 nonnulla
539 1038 570 1071 in
589 1036 653 1071 hoc
664 1037 802 1071 tractatu
813 1034 1054 1070 mutuabimur:
1067 1045 1133 1081 quo
1140 1044 1253 1070 autern
1263 1043 1355 1069 certo
1368 1031 1480 1068 ordine
1490 1033 1764 1082 progrediamur„

368 1089 471 1122 varias
493 1084 710 1122 conclusiones
721 1096 953 1134 proponemus.

844 1185 960 1220 *Prima
969 1183 1150 1231 >Conclufim

402 1285 522 1331 Neque
533 1285 614 1316 aeris
630 1278 770 1317 recursus
785 1311 794 1326 ‚
807 1292 912 1328 neque
926 1280 1010 1315 illius
1025 1279 1235 1315 condensatio
1246 1308 1256 1324 ‚
1271 1278 1324 1315 vel
1344 1278 1519 1315 rarefae‘tio
1541 1308 1551 1323 ,
1569 1293 1628 1316 aut
1648 1283 1752 1319 elate.

365 1334 448 1368 rium
464 1333 509 1367 est
528 1331 620 1366 causa
636 1333 815 1367 continuati
830 1342 947 1366 motus.

415 1380 510 1418 Prob.
526 1393 597 1429 pars
607 1379 816 1415 conclusionis
827 1381 929 1429 prima
940 1409 949 1423 ,
967 1391 1036 1414 tum
1054 1379 1131 1426 quia
1143 1390 1212 1413 non
1230 1379 1334 1412 minus
1355 1375 1461 1412 resistit
1484 1390 1538 1413 aer
1552 1391 1652 1427 quem
1670 1380 1753 1429 lapis

366 1441 441 1465 ante
451 1429 481 1465 se
495 1429 776 1479 propellit,quam
793 1429 934 1478 lapidem
951 1428 1051 1478 pellat
1059 1440 1129 1471 aer,
1140 1426 1227 1471 quia
1243 1438 1336 1475 tergo
1354 1438 1447 1475 urget
1459 1443 1468 1467 ς
1480 1438 1548 1463 tum
1566 1431 1641 1476 quia
1653 1431 1686 1464 in
1699 1442 1753 1465 ro-

366 1491 399 1514 ta
415 1509 425 1522 ‚
442 1491 497 1514 aut
507 1482 539 1514 in
554 1478 683 1514 turbine
703 1479 898 1513 circumadto
912 1477 1018 1514 nullus
1030 1478 1073 1511 est
1094 1479 1175 1511 aeris
1190 1476 1336 1512 recursuS.
1369 1476 1500 1511 Deinde
1519 1476 1539 1511 si
1563 1477 1752 1527 sagittae,aut

364 1527 467 1576 globo
477 1527 585 1564 emisso
598 1540 711 1576 corpus
720 1527 864 1563 flexibile
875 1528 1063 1576 adJungatur
1073 1555 1084 1569 ,
1095 1537 1129 1561 ut
1139 1525 1214 1572 pili,
1225 1537 1281 1560 aut
1292 1525 1362 1560 lana
1373 1553 1383 1568 ‚
1398 1536 1468 1560 tuin
1481 1537 1568 1561 certe
1586 1539 1750 1563 recurrens

364 1590 420 1612 aer
428 1577 511 1626 pilos
527 1580 559 1613 in
570 1590 684 1626 corpus
698 1577 797 1625 ipsum
809 1577 1006 1625 propelleret
1022 1588 1115 1619 3cum
1125 1587 1234 1610 tamen
1246 1574 1292 1608 illi
1303 1574 1479 1617 fluitantes,
1489 1579 1521 1611 &
1534 1575 1687 1624 disjunsti
1700 1579 1751 1611 vi-

364 1628 513 1663 deantur.-
521 1628 604 1674 Qae
614 1628 724 1660 omnia
738 1626 928 1673 persuadent
944 1624 1085 1674 lapidem
1098 1625 1114 1660 ὲ
1124 1636 1222 1659 manu
1240 1621 1385 1658 emissum
1396 1621 1437 1657 ab
1448 1634 1521 1657 aere
1530 1636 1618 1659 retro
1633 1637 1763 1674 urgenff

364 1688 397 1711 te
417 1689 482 1711 non
503 1678 649 1711 moveri:
669 1675 842 1723 praesertim
860 1687 933 1709 cum
956 1674 1044 1709 nulla
1061 1673 1150 1708 causa
1170 1672 1251 1708 illius
1275 1671 1424 1719 impulsus
1441 1684 1605 1720 appareat.
1629 1676 1750 1722 Neque

364 1724 514 1760 enim‘liic
524 1724 608 1759 ullus
618 1724 662 1758 est
673 1726 766 1758 vacui
777 1724 862 1772 fugae
882 1723 967 1757 locus
979 1737 987 1758 :
1003 1735 1075 1756 cum
1089 1733 1191 1756 metus
1204 1724 1297 1755 vacui
1310 1720 1347 1754 sit
1358 1720 1488 1756 fictitius
1497 1749 1507 1763 ,
1524 1723 1746 1768 cumquenul-

364 1774 430 1808 lum
448 1772 483 1808 sit
497 1774 589 1807 vacui
597 1772 775 1820 periculum
788 1801 797 1814 ,
811 1771 869 1805 ubi
881 1783 935 1805 aer
949 1770 1056 1805 locum
1074 1769 1094 1804 ἒι
1107 1769 1212 1817 lapide
1229 1769 1378 1803 relietum
1397 1771 1580 1815 occupavit.

398 1822 463 1856 Sed
480 1850 487 1862 ,
503 1823 668 1868 inquiunt,
687 1832 741 1854 aer
755 1819 852 1855 scissus
864 1820 957 1855 instar
965 1821 1042 1853 rami
1054 1817 1177 1852 arboris
1189 1816 1337 1865 sagittam
1350 1847 1358 1859 ,
1369 1817 1574 1865 autlapidem
1588 1818 1759 1866 preffione'

362 1871 415 1906 sua
430 1870 523 1905 elidit
532 1900 542 1914 ,
557 1870 625 1905 fere
639 1881 674 1904 ut
685 1869 815 1904 nucleus
826 1868 920 1903 cerasi
931 1866 1088 1916 preffione
1101 1867 1276 1916 digitorum
1289 1868 1459 1901 emittitur.

396 1923 516 1954 Contra
527 1949 535 1962 ‚
553 1931 618 1953 non
633 1920 733 1968 magis
753 1931 808 1953 aer
820 1920 940 1965 premit
953 1916 1100 1966 sagittam
1113 1945 1122 1959 ,
1133 1915 1234 1964 quam
1246 1915 1343 1950 alium
1354 1927 1427 1950 aera
1444 1915 1563 1965 sagitta:
1575 1916 1745 1966 aequalem3

362 1969 480 2004 deinde
499 1967 614 2016 pressio
634 1969 713 2002 aeris
736 1967 881 2002 deorsum
899 1969 1023 2003 nititur.

379 2022 452 2054 Pars
463 2019 576 2052 itidem
591 2016 724 2053 secunda
733 2016 943 2052 conclusionis
953 2014 1142 2065 probamina
1153 2014 1403 2051 condensatione
1416 2021 1450 2053 &
1461 2015 1677 2051 rarefafflone
1688 2028 1746 2051 ae·
1761 2037 1764 2038 ν

361 2071 402 2103 ris
418 2079 546 2102 motum
569 2066 686 2114 sagittae
694 2079 762 2102 non
772 2067 962 2101 continuari.
984 2067 1128 2100 Primum
1138 2066 1225 2099 enim
1236 2066 1268 2099 in
1283 2065 1431 2100 machina
1447 2067 1651 2114 pneumatica
1668 2077 1745 2100 eva-

361 2129 458 2152 cuato
476 2128 549 2150 aere
562 2127 696 2163 corpora
715 2114 849 2150 celerius
867 2126 1042 2149 moventur
1059 2129 1066 2150 :
1083 2124 1118 2148 ut
1134 2113 1272 2162 pendula
1285 2116 1378 2149 citius
1396 2114 1441 2148 ibi
1456 2115 1654 2149 vibrationes
1674 2113 1742 2150 suas

360 2165 553 2208 absolvunt3
573 2177 679 2211 neque
695 2163 746 2199 hic
767 2163 848 2201 ullus
864 2164 990 2199 videtur
1009 2162 1071 2199 effe
1086 2161 1348 2207 condensarioni,
1374 2174 1429 2198 aut
1440 2163 1623 2198 dilatationi
1643 2162 1740 2200 locus.

362 2215 491 2251 Deinde
502 2215 615 2249 eadem
626 2214 755 2261 quaestio
769 2213 810 2247 de
826 2226 900 2248 aere
910 2243 919 2257 ,
936 2213 986 2248 seu
996 2213 1037 2246 de
1051 2213 1158 2247 medio
1173 2216 1323 2256 recurrit,
1341 2213 1416 2260 quid
1428 2212 1474 2246 illi
1488 2223 1614 2245 motum
1627 2212 1740 2261 impri-

363 2276 430 2298 mit
446 2279 454 2300 ε
471 2277 542 2311 quae
558 2263 647 2298 causa
657 2261 776 2297 efficiat
787 2266 946 2298 utmotus'
960 2262 1043 2297 illius
1057 2263 1166 2297 tandiu
1183 2261 1364 2310 perseveret
1378 2272 1387 2296 ἓ
1404 2272 1458 2294 aer
1481 2263 1569 2295 enim
1587 2272 1739 2295 movetur

364 2327 383 2346 a
393 2313 596 2361 sagitta-,crgo
612 2311 727 2358 aequali
743 2311 782 2346 ad
792 2309 949 2347 summum
961 2324 1052 2346 motu
1065 2340 1073 2354 ‚
1091 2325 1157 2346 non
1168 2310 1314 2345 celeriori
1325 2324 1332 2345 :
1343 2323 1409 2344 non
1424 2309 1526 2356 potest
1540 2311 1632 2357 igitur
1644 2308 1741 2356 sagit-

364 2373 430 2394 tam
442 2361 460 2395 Ξι
479 2373 569 2409 tergo
581 2360 991 2409 impellere.·Nen-,o'enim
1007 2360 1106 2397 alium
1120 2361 1226 2398 stristo
1251 2359 1323 2395 ense
1338 2358 1524 2402 'confodiet‚
1542 2359 1598 2406 qui
1625 2357 1741 2407 aequzli

365 2409 539 2444 velocitate
561 2411 646 2459 fugit
659 2441 668 2455 ‚
680 2422 743 2457 qua
759 2409 840 2446 alter
856 2411 1040 2459 insequitur,
