<?xml version="1.0" encoding="UTF-8"?>
<!DOCTYPE html PUBLIC "-//W3C//DTD XHTML 1.0 Transitional//EN"
    "http://www.w3.org/TR/xhtml1/DTD/xhtml1-transitional.dtd">
<html xmlns="http://www.w3.org/1999/xhtml" xml:lang="en" lang="en">
 <head>
  <title>
</title>
<meta http-equiv="Content-Type" content="text/html;charset=utf-8" />
  <meta name='ocr-system' content='tesseract 3.04.00' />
  <meta name='ocr-capabilities' content='ocr_page ocr_carea ocr_par ocr_line ocrx_word'/>
</head>
<body>
  <div class='ocr_page' id='page_1' title='image "./philosophiavetus02duhauoft_0164.png"; bbox 0 0 1878 2724; ppageno 0'>
   <div class='ocr_carea' id='block_1_1' title="bbox 315 139 1747 2421">
    <p class='ocr_par' dir='ltr' id='par_1_1' title="bbox 329 139 1664 242">
     <span class='ocr_line' id='line_1_1' title="bbox 331 139 1337 193; baseline -0.004 -11"><span class='ocrx_word' id='word_1_1' title='bbox 331 159 385 193; x_wconf 84' lang='lat'><strong>152</strong></span> <span class='ocrx_word' id='word_1_2' title='bbox 693 139 960 181; x_wconf 78' lang='lat' dir='ltr'><strong>PHYSICAE</strong></span> <span class='ocrx_word' id='word_1_3' title='bbox 992 140 1337 178; x_wconf 65' lang='lat' dir='ltr'>GENERALIS*</span> 
     </span>
     <span class='ocr_line' id='line_1_2' title="bbox 329 192 1664 242; baseline -0.001 -11"><span class='ocrx_word' id='word_1_4' title='bbox 329 195 438 231; x_wconf 87' lang='lat' dir='ltr'><strong>locum</strong></span> <span class='ocrx_word' id='word_1_5' title='bbox 448 192 646 229; x_wconf 80' lang='lat' dir='ltr'>descendant</span> <span class='ocrx_word' id='word_1_6' title='bbox 663 222 673 236; x_wconf 92' lang='lat'>‚</span> <span class='ocrx_word' id='word_1_7' title='bbox 682 205 738 228; x_wconf 83' lang='lat' dir='ltr'><strong>aut</strong></span> <span class='ocrx_word' id='word_1_8' title='bbox 756 192 895 241; x_wconf 86' lang='lat' dir='ltr'><strong>spatium</strong></span> <span class='ocrx_word' id='word_1_9' title='bbox 905 192 1042 226; x_wconf 87' lang='lat' dir='ltr'><strong>omnino</strong></span> <span class='ocrx_word' id='word_1_10' title='bbox 1057 204 1196 228; x_wconf 88' lang='lat' dir='ltr'><strong>vacuum</strong></span> <span class='ocrx_word' id='word_1_11' title='bbox 1208 205 1313 242; x_wconf 86' lang='lat' dir='ltr'>prope</span> <span class='ocrx_word' id='word_1_12' title='bbox 1321 200 1469 231; x_wconf 75' lang='lat' dir='ltr'>centrum</span> <span class='ocrx_word' id='word_1_13' title='bbox 1483 202 1664 232; x_wconf 81' lang='lat' dir='ltr'><strong>remaneat.</strong></span> 
     </span>
    </p>

    <p class='ocr_par' dir='ltr' id='par_1_2' title="bbox 315 240 1744 790">
     <span class='ocr_line' id='line_1_3' title="bbox 374 240 1735 294; baseline 0.001 -16"><span class='ocrx_word' id='word_1_14' title='bbox 374 242 605 293; x_wconf 71' lang='lat' dir='ltr'>Quamobrem</span> <span class='ocrx_word' id='word_1_15' title='bbox 623 255 691 277; x_wconf 90' lang='lat' dir='ltr'><strong>non</strong></span> <span class='ocrx_word' id='word_1_16' title='bbox 705 254 743 276; x_wconf 89' lang='lat' dir='ltr'><strong>ea</strong></span> <span class='ocrx_word' id='word_1_17' title='bbox 760 242 886 278; x_wconf 83' lang='lat' dir='ltr'><strong>videtur</strong></span> <span class='ocrx_word' id='word_1_18' title='bbox 897 240 952 277; x_wconf 86' lang='lat' dir='ltr'><strong>lex</strong></span> <span class='ocrx_word' id='word_1_19' title='bbox 964 252 1090 276; x_wconf 84' lang='lat' dir='ltr'><strong>naturae</strong></span> <span class='ocrx_word' id='word_1_20' title='bbox 1105 241 1192 276; x_wconf 75' lang='lat' dir='ltr'><strong>‘adeo</strong></span> <span class='ocrx_word' id='word_1_21' title='bbox 1211 255 1333 288; x_wconf 51' lang='lat' dir='ltr'><strong>certa,¹</strong></span> <span class='ocrx_word' id='word_1_22' title='bbox 1349 248 1384 280; x_wconf 88' lang='lat'>&amp;</span> <span class='ocrx_word' id='word_1_23' title='bbox 1399 242 1582 278; x_wconf 86' lang='lat' dir='ltr'><strong>universalis</strong></span> <span class='ocrx_word' id='word_1_24' title='bbox 1605 257 1735 294; x_wconf 88' lang='lat' dir='ltr'><strong>corpo-·</strong></span> 
     </span>
     <span class='ocr_line' id='line_1_4' title="bbox 318 289 1737 342; baseline 0.001 -14"><span class='ocrx_word' id='word_1_25' title='bbox 318 307 353 330; x_wconf 82' lang='lat' dir='ltr'><strong>ra</strong></span> <span class='ocrx_word' id='word_1_26' title='bbox 369 305 507 342; x_wconf 83' lang='lat' dir='ltr'><strong>quaeque</strong></span> <span class='ocrx_word' id='word_1_27' title='bbox 532 305 606 327; x_wconf 90' lang='lat' dir='ltr'><strong>cum</strong></span> <span class='ocrx_word' id='word_1_28' title='bbox 628 303 823 336; x_wconf 70' lang='lat' dir='ltr'><strong>moventur,</strong></span> <span class='ocrx_word' id='word_1_29' title='bbox 842 291 967 325; x_wconf 67' lang='lat' dir='ltr'><strong>rectam</strong></span> <span class='ocrx_word' id='word_1_30' title='bbox 990 289 1112 325; x_wconf 85' lang='lat' dir='ltr'><strong>lineam</strong></span> <span class='ocrx_word' id='word_1_31' title='bbox 1131 290 1307 336; x_wconf 60' lang='lat' dir='ltr'><strong>affectare,</strong></span> <span class='ocrx_word' id='word_1_32' title='bbox 1332 299 1366 330; x_wconf 89' lang='lat'>&amp;</span> <span class='ocrx_word' id='word_1_33' title='bbox 1381 293 1401 329; x_wconf 74' lang='grc' dir='ltr'>ὲ</span> <span class='ocrx_word' id='word_1_34' title='bbox 1416 304 1530 328; x_wconf 88' lang='lat' dir='ltr'><strong>centro</strong></span> <span class='ocrx_word' id='word_1_35' title='bbox 1549 306 1658 329; x_wconf 87' lang='lat' dir='ltr'><strong>motus</strong></span> <span class='ocrx_word' id='word_1_36' title='bbox 1676 293 1737 330; x_wconf 57' lang='lat' dir='ltr'><strong>sui&gt;</strong></span> 
     </span>
     <span class='ocr_line' id='line_1_5' title="bbox 317 339 1725 393; baseline 0.001 -14"><span class='ocrx_word' id='word_1_37' title='bbox 317 345 471 379; x_wconf 84' lang='lat' dir='ltr'><strong>recedere</strong></span> <span class='ocrx_word' id='word_1_38' title='bbox 482 371 492 385; x_wconf 91' lang='lat'>‚</span> <span class='ocrx_word' id='word_1_39' title='bbox 503 352 540 375; x_wconf 90' lang='lat' dir='ltr'><strong>ut</strong></span> <span class='ocrx_word' id='word_1_40' title='bbox 553 353 589 376; x_wconf 83' lang='lat' dir='ltr'><strong>ea</strong></span> <span class='ocrx_word' id='word_1_41' title='bbox 602 340 792 390; x_wconf 82' lang='lat' dir='ltr'>corporibus</span> <span class='ocrx_word' id='word_1_42' title='bbox 811 343 903 377; x_wconf 82' lang='lat' dir='ltr'><strong>omni</strong></span> <span class='ocrx_word' id='word_1_43' title='bbox 914 343 1076 390; x_wconf 83' lang='lat' dir='ltr'><strong>gravitate</strong></span> <span class='ocrx_word' id='word_1_44' title='bbox 1089 339 1251 376; x_wconf 85' lang='lat' dir='ltr'><strong>destitutis</strong></span> <span class='ocrx_word' id='word_1_45' title='bbox 1268 344 1454 380; x_wconf 78' lang='lat' dir='ltr'><strong>conveniat.</strong></span> <span class='ocrx_word' id='word_1_46' title='bbox 1467 342 1587 379; x_wconf 73' lang='lat' dir='ltr'><strong>Namfi</strong></span> <span class='ocrx_word' id='word_1_47' title='bbox 1604 357 1725 393; x_wconf 67' lang='lat' dir='ltr'><strong>corpm</strong></span> 
     </span>
     <span class='ocr_line' id='line_1_6' title="bbox 317 389 1743 441; baseline 0.002 -14"><span class='ocrx_word' id='word_1_48' title='bbox 317 395 363 428; x_wconf 76' lang='lat' dir='ltr'><strong>ira</strong></span> <span class='ocrx_word' id='word_1_49' title='bbox 378 395 407 427; x_wconf 89' lang='lat' dir='ltr'><strong>in</strong></span> <span class='ocrx_word' id='word_1_50' title='bbox 421 390 525 426; x_wconf 83' lang='lat' dir='ltr'><strong>fluido</strong></span> <span class='ocrx_word' id='word_1_51' title='bbox 543 392 753 427; x_wconf 77' lang='lat' dir='ltr'><strong>constituatur</strong></span> <span class='ocrx_word' id='word_1_52' title='bbox 766 421 777 437; x_wconf 85' lang='lat'>,</span> <span class='ocrx_word' id='word_1_53' title='bbox 794 402 832 427; x_wconf 88' lang='lat' dir='ltr'><strong>ut</strong></span> <span class='ocrx_word' id='word_1_54' title='bbox 840 394 932 426; x_wconf 80' lang='lat' dir='ltr'><strong>omni</strong></span> <span class='ocrx_word' id='word_1_55' title='bbox 960 389 1050 426; x_wconf 88' lang='lat' dir='ltr'><strong>velut</strong></span> <span class='ocrx_word' id='word_1_56' title='bbox 1068 389 1125 426; x_wconf 85' lang='lat' dir='ltr'><strong>suo</strong></span> <span class='ocrx_word' id='word_1_57' title='bbox 1141 391 1287 439; x_wconf 86' lang='lat' dir='ltr'><strong>pondere</strong></span> <span class='ocrx_word' id='word_1_58' title='bbox 1303 395 1469 441; x_wconf 83' lang='lat' dir='ltr'><strong>privetur,</strong></span> <span class='ocrx_word' id='word_1_59' title='bbox 1482 404 1551 428; x_wconf 85' lang='lat' dir='ltr'><strong>turn</strong></span> <span class='ocrx_word' id='word_1_60' title='bbox 1568 393 1590 429; x_wconf 70' lang='grc' dir='ltr'><strong>ἐι</strong></span> <span class='ocrx_word' id='word_1_61' title='bbox 1605 406 1723 430; x_wconf 84' lang='lat' dir='ltr'><strong>centro</strong></span> <span class='ocrx_word' id='word_1_62' title='bbox 1738 409 1743 414; x_wconf 54' lang='lat'><strong>·⁴</strong></span> 
     </span>
     <span class='ocr_line' id='line_1_7' title="bbox 315 439 1743 490; baseline 0.001 -12"><span class='ocrx_word' id='word_1_63' title='bbox 315 453 424 478; x_wconf 87' lang='lat' dir='ltr'><strong>motus</strong></span> <span class='ocrx_word' id='word_1_64' title='bbox 438 453 506 476; x_wconf 85' lang='lat' dir='ltr'><strong>non</strong></span> <span class='ocrx_word' id='word_1_65' title='bbox 519 441 658 476; x_wconf 86' lang='lat' dir='ltr'><strong>recedet.</strong></span> <span class='ocrx_word' id='word_1_66' title='bbox 675 442 776 490; x_wconf 84' lang='lat' dir='ltr'><strong>Qod</strong></span> <span class='ocrx_word' id='word_1_67' title='bbox 790 441 902 476; x_wconf 86' lang='lat' dir='ltr'><strong>videre</strong></span> <span class='ocrx_word' id='word_1_68' title='bbox 915 440 959 476; x_wconf 83' lang='lat' dir='ltr'><strong>est</strong></span> <span class='ocrx_word' id='word_1_69' title='bbox 970 442 1004 476; x_wconf 87' lang='lat' dir='ltr'><strong>in</strong></span> <span class='ocrx_word' id='word_1_70' title='bbox 1015 439 1089 476; x_wconf 83' lang='lat' dir='ltr'><strong>vase</strong></span> <span class='ocrx_word' id='word_1_71' title='bbox 1103 452 1187 487; x_wconf 80' lang='lat' dir='ltr'><strong>aqua</strong></span> <span class='ocrx_word' id='word_1_72' title='bbox 1203 440 1386 490; x_wconf 80' lang='lat' dir='ltr'><strong>pleno,cui</strong></span> <span class='ocrx_word' id='word_1_73' title='bbox 1402 440 1576 490; x_wconf 72' lang='lat' dir='ltr'><strong>glob&#39;uhim·</strong></span> <span class='ocrx_word' id='word_1_74' title='bbox 1590 455 1743 479; x_wconf 62' lang='lat' dir='ltr'><strong>cereum—⁴</strong></span> 
     </span>
     <span class='ocr_line' id='line_1_8' title="bbox 316 488 1744 541; baseline 0.003 -15"><span class='ocrx_word' id='word_1_75' title='bbox 316 502 508 527; x_wconf 79' lang='lat' dir='ltr'><strong>excavatum</strong></span> <span class='ocrx_word' id='word_1_76' title='bbox 535 488 575 525; x_wconf 87' lang='lat' dir='ltr'><strong>fic</strong></span> <span class='ocrx_word' id='word_1_77' title='bbox 592 503 684 540; x_wconf 82' lang='lat' dir='ltr'><strong>aptes</strong></span> <span class='ocrx_word' id='word_1_78' title='bbox 704 520 714 535; x_wconf 90' lang='lat'>‚</span> <span class='ocrx_word' id='word_1_79' title='bbox 733 503 770 527; x_wconf 87' lang='lat' dir='ltr'><strong>ut</strong></span> <span class='ocrx_word' id='word_1_80' title='bbox 795 490 927 538; x_wconf 84' lang='lat' dir='ltr'><strong>aequalis</strong></span> <span class='ocrx_word' id='word_1_81' title='bbox 949 489 985 526; x_wconf 82' lang='lat' dir='ltr'><strong>fit</strong></span> <span class='ocrx_word' id='word_1_82' title='bbox 1008 489 1162 539; x_wconf 84' lang='lat' dir='ltr'><strong>ponderis</strong></span> <span class='ocrx_word' id='word_1_83' title='bbox 1178 503 1253 527; x_wconf 90' lang='lat' dir='ltr'><strong>cum</strong></span> <span class='ocrx_word' id='word_1_84' title='bbox 1266 503 1350 539; x_wconf 86' lang='lat' dir='ltr'><strong>aqua</strong></span> <span class='ocrx_word' id='word_1_85' title='bbox 1373 489 1516 541; x_wconf 84' lang='lat' dir='ltr'><strong>ejusdem</strong></span> <span class='ocrx_word' id='word_1_86' title='bbox 1528 492 1744 539; x_wconf 60' lang='lat' dir='ltr'><strong>molisnumf</strong></span> 
     </span>
     <span class='ocr_line' id='line_1_9' title="bbox 316 539 1723 591; baseline 0 -16"><span class='ocrx_word' id='word_1_87' title='bbox 316 543 406 576; x_wconf 84' lang='lat' dir='ltr'><strong>enirn</strong></span> <span class='ocrx_word' id='word_1_88' title='bbox 421 552 458 576; x_wconf 90' lang='lat' dir='ltr'><strong>ut</strong></span> <span class='ocrx_word' id='word_1_89' title='bbox 471 544 532 577; x_wconf 81' lang='lat' dir='ltr'><strong>Vir</strong></span> <span class='ocrx_word' id='word_1_90' title='bbox 546 540 671 577; x_wconf 82' lang='lat' dir='ltr'><strong>Clariss-</strong></span> <span class='ocrx_word' id='word_1_91' title='bbox 685 540 856 585; x_wconf 84' lang='lat' dir='ltr'><strong>observat,</strong></span> <span class='ocrx_word' id='word_1_92' title='bbox 874 539 990 591; x_wconf 81' lang='lat' dir='ltr'>globus</span> <span class='ocrx_word' id='word_1_93' title='bbox 1004 551 1109 575; x_wconf 77' lang='lat' dir='ltr'><strong>motui</strong></span> <span class='ocrx_word' id='word_1_94' title='bbox 1122 551 1214 588; x_wconf 81' lang='lat' dir='ltr'><strong>aquae</strong></span> <span class='ocrx_word' id='word_1_95' title='bbox 1228 543 1264 576; x_wconf 89' lang='lat' dir='ltr'><strong>in</strong></span> <span class='ocrx_word' id='word_1_96' title='bbox 1285 539 1403 576; x_wconf 86' lang='lat' dir='ltr'><strong>orbern</strong></span> <span class='ocrx_word' id='word_1_97' title='bbox 1419 543 1551 590; x_wconf 70' lang='lat' dir='ltr'><strong>agitatae</strong></span> <span class='ocrx_word' id='word_1_98' title='bbox 1559 540 1605 577; x_wconf 79' lang='lat' dir='ltr'><strong>-fie</strong></span> <span class='ocrx_word' id='word_1_99' title='bbox 1626 542 1723 579; x_wconf 86' lang='lat' dir='ltr'><strong>obse-</strong></span> 
     </span>
     <span class='ocr_line' id='line_1_10' title="bbox 316 588 1722 639; baseline 0 -14"><span class='ocrx_word' id='word_1_100' title='bbox 316 603 436 639; x_wconf 82' lang='lat' dir='ltr'><strong>quetur</strong></span> <span class='ocrx_word' id='word_1_101' title='bbox 446 620 454 633; x_wconf 82' lang='grc'>,</span> <span class='ocrx_word' id='word_1_102' title='bbox 467 602 502 626; x_wconf 87' lang='lat' dir='ltr'><strong>ut</strong></span> <span class='ocrx_word' id='word_1_103' title='bbox 510 591 654 626; x_wconf 79' lang='lat' dir='ltr'><strong>eundem</strong></span> <span class='ocrx_word' id='word_1_104' title='bbox 665 590 800 639; x_wconf 72' lang='lat' dir='ltr'><strong>semperv</strong></span> <span class='ocrx_word' id='word_1_105' title='bbox 809 590 964 626; x_wconf 87' lang='lat' dir='ltr'><strong>circulum</strong></span> <span class='ocrx_word' id='word_1_106' title='bbox 976 588 1153 633; x_wconf 82' lang='lat' dir='ltr'><strong>describat,</strong></span> <span class='ocrx_word' id='word_1_107' title='bbox 1168 603 1275 639; x_wconf 88' lang='lat' dir='ltr'><strong>neque</strong></span> <span class='ocrx_word' id='word_1_108' title='bbox 1286 590 1307 626; x_wconf 71' lang='grc' dir='ltr'><strong>ἐι</strong></span> <span class='ocrx_word' id='word_1_109' title='bbox 1321 590 1490 627; x_wconf 77' lang='lat' dir='ltr'><strong>centroiui</strong></span> <span class='ocrx_word' id='word_1_110' title='bbox 1501 602 1610 627; x_wconf 84' lang='lat' dir='ltr'><strong>motus</strong></span> <span class='ocrx_word' id='word_1_111' title='bbox 1631 603 1722 628; x_wconf 70' lang='lat' dir='ltr'><strong>rece-</strong></span> 
     </span>
     <span class='ocr_line' id='line_1_11' title="bbox 317 638 1743 691; baseline 0.002 -17"><span class='ocrx_word' id='word_1_112' title='bbox 317 641 395 675; x_wconf 85' lang='lat' dir='ltr'><strong>dere</strong></span> <span class='ocrx_word' id='word_1_113' title='bbox 407 640 570 676; x_wconf 70' lang='lat' dir='ltr'><strong>moliatur.</strong></span> <span class='ocrx_word' id='word_1_114' title='bbox 585 642 685 678; x_wconf 86' lang='lat' dir='ltr'><strong>Unde</strong></span> <span class='ocrx_word' id='word_1_115' title='bbox 700 639 719 676; x_wconf 86' lang='lat' dir='ltr'><strong>si</strong></span> <span class='ocrx_word' id='word_1_116' title='bbox 733 641 812 691; x_wconf 81' lang='lat' dir='ltr'><strong>lapis</strong></span> <span class='ocrx_word' id='word_1_117' title='bbox 824 643 858 676; x_wconf 85' lang='lat' dir='ltr'><strong>in</strong></span> <span class='ocrx_word' id='word_1_118' title='bbox 875 640 978 676; x_wconf 85' lang='lat' dir='ltr'><strong>funda</strong></span> <span class='ocrx_word' id='word_1_119' title='bbox 991 641 1204 675; x_wconf 58' lang='lat' dir='ltr'><strong>circumactus</strong></span> <span class='ocrx_word' id='word_1_120' title='bbox 1218 642 1326 676; x_wconf 84' lang='lat' dir='ltr'><strong>omnis</strong></span> <span class='ocrx_word' id='word_1_121' title='bbox 1338 638 1416 676; x_wconf 65' lang='lat' dir='ltr'><strong>effen</strong></span> <span class='ocrx_word' id='word_1_122' title='bbox 1428 652 1542 689; x_wconf 82' lang='lat' dir='ltr'><strong>expers</strong></span> <span class='ocrx_word' id='word_1_123' title='bbox 1556 641 1723 691; x_wconf 83' lang='lat' dir='ltr'><strong>ponderis,</strong></span> <span class='ocrx_word' id='word_1_124' title='bbox 1740 673 1743 677; x_wconf 90' lang='lat'>.</span> 
     </span>
     <span class='ocr_line' id='line_1_12' title="bbox 316 688 1721 739; baseline 0.002 -15"><span class='ocrx_word' id='word_1_125' title='bbox 316 688 375 725; x_wconf 83' lang='lat' dir='ltr'><strong>ubi</strong></span> <span class='ocrx_word' id='word_1_126' title='bbox 393 689 413 725; x_wconf 73' lang='grc' dir='ltr'><strong>ἐι</strong></span> <span class='ocrx_word' id='word_1_127' title='bbox 427 689 529 726; x_wconf 84' lang='lat' dir='ltr'><strong>funda</strong></span> <span class='ocrx_word' id='word_1_128' title='bbox 545 689 667 726; x_wconf 80' lang='lat' dir='ltr'><strong>solutus</strong></span> <span class='ocrx_word' id='word_1_129' title='bbox 681 689 758 726; x_wconf 82' lang='lat' dir='ltr'><strong>effer</strong></span> <span class='ocrx_word' id='word_1_130' title='bbox 771 720 780 735; x_wconf 87' lang='lat'><strong>,</strong></span> <span class='ocrx_word' id='word_1_131' title='bbox 790 688 882 726; x_wconf 64' lang='lat' dir='ltr'><strong>nullo</strong></span> <span class='ocrx_word' id='word_1_132' title='bbox 898 690 1000 725; x_wconf 88' lang='lat' dir='ltr'><strong>modo</strong></span> <span class='ocrx_word' id='word_1_133' title='bbox 1011 701 1199 725; x_wconf 70' lang='lat' dir='ltr'><strong>moveretur</strong></span> <span class='ocrx_word' id='word_1_134' title='bbox 1212 691 1319 739; x_wconf 83' lang='lat' dir='ltr'><strong>:quod</strong></span> <span class='ocrx_word' id='word_1_135' title='bbox 1336 702 1386 724; x_wconf 85' lang='lat' dir='ltr'><strong>res</strong></span> <span class='ocrx_word' id='word_1_136' title='bbox 1403 689 1561 726; x_wconf 84' lang='lat' dir='ltr'><strong>levissima</strong></span> <span class='ocrx_word' id='word_1_137' title='bbox 1578 702 1633 727; x_wconf 86' lang='lat' dir='ltr'><strong>aut</strong></span> <span class='ocrx_word' id='word_1_138' title='bbox 1649 691 1721 728; x_wconf 80' lang='lat' dir='ltr'><strong>nul-</strong></span> 
     </span>
     <span class='ocr_line' id='line_1_13' title="bbox 317 737 1621 790; baseline 0.002 -16"><span class='ocrx_word' id='word_1_139' title='bbox 317 738 379 774; x_wconf 84' lang='lat' dir='ltr'><strong>lius</strong></span> <span class='ocrx_word' id='word_1_140' title='bbox 394 740 677 786; x_wconf 83' lang='lat' dir='ltr'><strong>ponderisnullum</strong></span> <span class='ocrx_word' id='word_1_141' title='bbox 691 742 853 789; x_wconf 82' lang='lat' dir='ltr'><strong>impetum</strong></span> <span class='ocrx_word' id='word_1_142' title='bbox 863 769 872 783; x_wconf 90' lang='lat'>‚</span> <span class='ocrx_word' id='word_1_143' title='bbox 886 751 943 775; x_wconf 84' lang='lat' dir='ltr'><strong>aut</strong></span> <span class='ocrx_word' id='word_1_144' title='bbox 958 737 1200 788; x_wconf 85' lang='lat' dir='ltr'><strong>impteffionem</strong></span> <span class='ocrx_word' id='word_1_145' title='bbox 1217 739 1238 775; x_wconf 74' lang='grc' dir='ltr'>ὲ</span> <span class='ocrx_word' id='word_1_146' title='bbox 1258 741 1453 790; x_wconf 76' lang='lat' dir='ltr'><strong>projiciente</strong></span> <span class='ocrx_word' id='word_1_147' title='bbox 1467 743 1621 789; x_wconf 74' lang='lat' dir='ltr'><strong>excipiat.</strong></span> 
     </span>
    </p>

    <p class='ocr_par' dir='ltr' id='par_1_3' title="bbox 317 788 1744 1037">
     <span class='ocr_line' id='line_1_14' title="bbox 360 788 1744 840; baseline 0.001 -16"><span class='ocrx_word' id='word_1_148' title='bbox 360 792 476 838; x_wconf 72' lang='lat' dir='ltr'><strong>Qare</strong></span> <span class='ocrx_word' id='word_1_149' title='bbox 486 789 592 837; x_wconf 87' lang='lat' dir='ltr'><strong>pulvis</strong></span> <span class='ocrx_word' id='word_1_150' title='bbox 609 792 740 840; x_wconf 80' lang='lat' dir='ltr'><strong>gravior</strong></span> <span class='ocrx_word' id='word_1_151' title='bbox 750 802 833 838; x_wconf 79' lang='lat' dir='ltr'><strong>aqua</strong></span> <span class='ocrx_word' id='word_1_152' title='bbox 855 791 888 825; x_wconf 89' lang='lat' dir='ltr'><strong>in</strong></span> <span class='ocrx_word' id='word_1_153' title='bbox 912 788 985 824; x_wconf 90' lang='lat' dir='ltr'><strong>vase</strong></span> <span class='ocrx_word' id='word_1_154' title='bbox 1002 789 1179 823; x_wconf 76' lang='lat' dir='ltr'><strong>celerrime</strong></span> <span class='ocrx_word' id='word_1_155' title='bbox 1196 790 1393 824; x_wconf 69' lang='lat' dir='ltr'><strong>circumacsto</strong></span> <span class='ocrx_word' id='word_1_156' title='bbox 1435 801 1477 823; x_wconf 79' lang='lat' dir='ltr'><strong>rae</strong></span> <span class='ocrx_word' id='word_1_157' title='bbox 1499 788 1555 824; x_wconf 85' lang='lat' dir='ltr'><strong>suo</strong></span> <span class='ocrx_word' id='word_1_158' title='bbox 1575 790 1722 839; x_wconf 86' lang='lat' dir='ltr'><strong>pondere</strong></span> <span class='ocrx_word' id='word_1_159' title='bbox 1740 802 1744 806; x_wconf 74' lang='grc'>’</span> 
     </span>
     <span class='ocr_line' id='line_1_15' title="bbox 317 802 1724 888; baseline -0.001 -13"><span class='ocrx_word' id='word_1_160' title='bbox 317 852 447 875; x_wconf 82' lang='lat' dir='ltr'><strong>morum</strong></span> <span class='ocrx_word' id='word_1_161' title='bbox 466 838 562 875; x_wconf 90' lang='lat' dir='ltr'><strong>illum</strong></span> <span class='ocrx_word' id='word_1_162' title='bbox 574 853 667 888; x_wconf 85' lang='lat' dir='ltr'><strong>aquae</strong></span> <span class='ocrx_word' id='word_1_163' title='bbox 681 839 871 875; x_wconf 81' lang='lat' dir='ltr'><strong>circularem</strong></span> <span class='ocrx_word' id='word_1_164' title='bbox 886 836 1188 886; x_wconf 79' lang='lat' dir='ltr'><strong>nonsubsequitur,</strong></span> <span class='ocrx_word' id='word_1_165' title='bbox 1199 837 1253 874; x_wconf 87' lang='lat' dir='ltr'><strong>sed</strong></span> <span class='ocrx_word' id='word_1_166' title='bbox 1264 839 1305 874; x_wconf 85' lang='lat' dir='ltr'><strong>ad</strong></span> <span class='ocrx_word' id='word_1_167' title='bbox 1316 837 1399 875; x_wconf 73' lang='lat' dir='ltr'><strong>vasis</strong></span> <span class='ocrx_word' id='word_1_168' title='bbox 1411 802 1513 874; x_wconf 51' lang='lat' dir='ltr'><strong>latera</strong></span> <span class='ocrx_word' id='word_1_169' title='bbox 1529 839 1724 888; x_wconf 78' lang='lat' dir='ltr'><strong>impellitur,-</strong></span> 
     </span>
     <span class='ocr_line' id='line_1_16' title="bbox 317 886 1728 937; baseline 0 -13"><span class='ocrx_word' id='word_1_170' title='bbox 317 889 406 936; x_wconf 88' lang='lat' dir='ltr'><strong>quod</strong></span> <span class='ocrx_word' id='word_1_171' title='bbox 427 901 534 924; x_wconf 80' lang='lat' dir='ltr'><strong>motus</strong></span> <span class='ocrx_word' id='word_1_172' title='bbox 548 889 601 924; x_wconf 83' lang='lat' dir='ltr'><strong>ille</strong></span> <span class='ocrx_word' id='word_1_173' title='bbox 614 892 647 925; x_wconf 87' lang='lat' dir='ltr'><strong>in</strong></span> <span class='ocrx_word' id='word_1_174' title='bbox 659 888 778 924; x_wconf 78' lang='lat' dir='ltr'><strong>orbem</strong></span> <span class='ocrx_word' id='word_1_175' title='bbox 787 890 917 937; x_wconf 83' lang='lat' dir='ltr'><strong>corpori</strong></span> <span class='ocrx_word' id='word_1_176' title='bbox 928 890 1022 937; x_wconf 84' lang='lat' dir='ltr'><strong>gravi</strong></span> <span class='ocrx_word' id='word_1_177' title='bbox 1034 887 1187 923; x_wconf 86' lang='lat' dir='ltr'><strong>naturalis</strong></span> <span class='ocrx_word' id='word_1_178' title='bbox 1206 889 1271 923; x_wconf 88' lang='lat' dir='ltr'><strong>dici</strong></span> <span class='ocrx_word' id='word_1_179' title='bbox 1286 902 1353 925; x_wconf 88' lang='lat' dir='ltr'><strong>non</strong></span> <span class='ocrx_word' id='word_1_180' title='bbox 1372 886 1481 937; x_wconf 81' lang='lat' dir='ltr'><strong>poffit.</strong></span> <span class='ocrx_word' id='word_1_181' title='bbox 1497 889 1564 923; x_wconf 85' lang='lat' dir='ltr'><strong>Sed</strong></span> <span class='ocrx_word' id='word_1_182' title='bbox 1583 900 1654 925; x_wconf 85' lang='lat' dir='ltr'><strong>non</strong></span> <span class='ocrx_word' id='word_1_183' title='bbox 1674 891 1728 926; x_wconf 84' lang='lat' dir='ltr'><strong>vi··</strong></span> 
     </span>
     <span class='ocr_line' id='line_1_17' title="bbox 318 936 1742 987; baseline 0.001 -15"><span class='ocrx_word' id='word_1_184' title='bbox 318 939 382 973; x_wconf 87' lang='lat' dir='ltr'><strong>deo</strong></span> <span class='ocrx_word' id='word_1_185' title='bbox 393 951 447 973; x_wconf 90' lang='lat' dir='ltr'><strong>cur</strong></span> <span class='ocrx_word' id='word_1_186' title='bbox 466 939 616 974; x_wconf 77' lang='lat' dir='ltr'><strong>aethereae</strong></span> <span class='ocrx_word' id='word_1_187' title='bbox 628 938 836 974; x_wconf 64' lang='lat' dir='ltr'><strong>substantiata</strong></span> <span class='ocrx_word' id='word_1_188' title='bbox 847 949 960 973; x_wconf 78' lang='lat' dir='ltr'><strong>natura</strong></span> <span class='ocrx_word' id='word_1_189' title='bbox 973 938 1118 986; x_wconf 78' lang='lat' dir='ltr'><strong>imprimi</strong></span> <span class='ocrx_word' id='word_1_190' title='bbox 1134 950 1201 974; x_wconf 82' lang='lat' dir='ltr'><strong>non</strong></span> <span class='ocrx_word' id='word_1_191' title='bbox 1217 940 1364 986; x_wconf 82' lang='lat' dir='ltr'><strong>potuerit</strong></span> <span class='ocrx_word' id='word_1_192' title='bbox 1378 950 1486 973; x_wconf 85' lang='lat' dir='ltr'><strong>motus</strong></span> <span class='ocrx_word' id='word_1_193' title='bbox 1503 936 1643 987; x_wconf 74' lang='lat' dir='ltr'><strong>simplex</strong></span> <span class='ocrx_word' id='word_1_194' title='bbox 1660 968 1671 984; x_wconf 90' lang='lat'>‚</span> <span class='ocrx_word' id='word_1_195' title='bbox 1684 944 1742 976; x_wconf 76' lang='lat' dir='ltr'><strong>‹Sc-1</strong></span> 
     </span>
     <span class='ocr_line' id='line_1_18' title="bbox 318 987 1143 1037; baseline -0.002 -14"><span class='ocrx_word' id='word_1_196' title='bbox 318 987 480 1023; x_wconf 85' lang='lat' dir='ltr'><strong>circularis</strong></span> <span class='ocrx_word' id='word_1_197' title='bbox 495 1001 589 1024; x_wconf 88' lang='lat' dir='ltr'><strong>:cum</strong></span> <span class='ocrx_word' id='word_1_198' title='bbox 606 1001 643 1024; x_wconf 92' lang='lat' dir='ltr'><strong>ea</strong></span> <span class='ocrx_word' id='word_1_199' title='bbox 654 987 691 1024; x_wconf 83' lang='lat' dir='ltr'><strong>sit</strong></span> <span class='ocrx_word' id='word_1_200' title='bbox 710 991 817 1023; x_wconf 89' lang='lat' dir='ltr'><strong>omnis</strong></span> <span class='ocrx_word' id='word_1_201' title='bbox 834 998 948 1037; x_wconf 83' lang='lat' dir='ltr'><strong>expers</strong></span> <span class='ocrx_word' id='word_1_202' title='bbox 964 988 1143 1033; x_wconf 72' lang='lat' dir='ltr'><strong>gravitatis.</strong></span> 
     </span>
    </p>

    <p class='ocr_par' dir='ltr' id='par_1_4' title="bbox 318 1026 1747 2421">
     <span class='ocr_line' id='line_1_19' title="bbox 365 1026 1721 1087; baseline 0 -15"><span class='ocrx_word' id='word_1_203' title='bbox 365 1040 482 1086; x_wconf 88' lang='lat' dir='ltr'><strong>Itaque</strong></span> <span class='ocrx_word' id='word_1_204' title='bbox 496 1050 633 1087; x_wconf 85' lang='lat' dir='ltr'><strong>corpora</strong></span> <span class='ocrx_word' id='word_1_205' title='bbox 643 1051 715 1085; x_wconf 83' lang='lat' dir='ltr'><strong>quae</strong></span> <span class='ocrx_word' id='word_1_206' title='bbox 730 1037 802 1073; x_wconf 79' lang='lat' dir='ltr'><strong>sunt</strong></span> <span class='ocrx_word' id='word_1_207' title='bbox 813 1039 922 1073; x_wconf 76' lang='lat' dir='ltr'><strong>omnia</strong></span> <span class='ocrx_word' id='word_1_208' title='bbox 934 1066 945 1081; x_wconf 87' lang='lat'>,</span> <span class='ocrx_word' id='word_1_209' title='bbox 961 1026 1074 1072; x_wconf 64' lang='lat' dir='ltr'><strong>saltem</strong></span> <span class='ocrx_word' id='word_1_210' title='bbox 1094 1038 1127 1071; x_wconf 90' lang='lat' dir='ltr'><strong>in</strong></span> <span class='ocrx_word' id='word_1_211' title='bbox 1142 1035 1206 1072; x_wconf 88' lang='lat' dir='ltr'><strong>hoc</strong></span> <span class='ocrx_word' id='word_1_212' title='bbox 1221 1035 1414 1072; x_wconf 81' lang='lat' dir='ltr'><strong>elementari</strong></span> <span class='ocrx_word' id='word_1_213' title='bbox 1429 1033 1557 1087; x_wconf 64' lang='lat' dir='ltr'><strong>globo;</strong></span> <span class='ocrx_word' id='word_1_214' title='bbox 1571 1048 1639 1072; x_wconf 92' lang='lat' dir='ltr'><strong>non</strong></span> <span class='ocrx_word' id='word_1_215' title='bbox 1664 1037 1721 1072; x_wconf 72' lang='lat' dir='ltr'><strong>vi.&#39;</strong></span> 
     </span>
     <span class='ocr_line' id='line_1_20' title="bbox 318 1084 1743 1137; baseline 0.001 -16"><span class='ocrx_word' id='word_1_216' title='bbox 318 1087 436 1122; x_wconf 85' lang='lat' dir='ltr'><strong>dentur</strong></span> <span class='ocrx_word' id='word_1_217' title='bbox 454 1086 577 1122; x_wconf 85' lang='lat' dir='ltr'><strong>habere</strong></span> <span class='ocrx_word' id='word_1_218' title='bbox 589 1090 623 1123; x_wconf 87' lang='lat' dir='ltr'><strong>in</strong></span> <span class='ocrx_word' id='word_1_219' title='bbox 641 1087 672 1122; x_wconf 90' lang='lat' dir='ltr'><strong>se</strong></span> <span class='ocrx_word' id='word_1_220' title='bbox 690 1090 888 1137; x_wconf 84' lang='lat' dir='ltr'><strong>principium</strong></span> <span class='ocrx_word' id='word_1_221' title='bbox 910 1085 953 1122; x_wconf 86' lang='lat' dir='ltr'><strong>sui</strong></span> <span class='ocrx_word' id='word_1_222' title='bbox 969 1098 1076 1122; x_wconf 85' lang='lat' dir='ltr'><strong>motus</strong></span> <span class='ocrx_word' id='word_1_223' title='bbox 1091 1084 1297 1122; x_wconf 87' lang='lat' dir='ltr'><strong>intrinsecum</strong></span> <span class='ocrx_word' id='word_1_224' title='bbox 1309 1116 1318 1130; x_wconf 93' lang='lat'>‚</span> <span class='ocrx_word' id='word_1_225' title='bbox 1339 1092 1373 1124; x_wconf 70' lang='grc' dir='ltr'><strong>δε</strong></span> <span class='ocrx_word' id='word_1_226' title='bbox 1389 1087 1536 1122; x_wconf 85' lang='lat' dir='ltr'><strong>naturale</strong></span> <span class='ocrx_word' id='word_1_227' title='bbox 1556 1101 1564 1122; x_wconf 93' lang='lat'>:</span> <span class='ocrx_word' id='word_1_228' title='bbox 1587 1086 1719 1137; x_wconf 84' lang='lat' dir='ltr'><strong>hocque</strong></span> <span class='ocrx_word' id='word_1_229' title='bbox 1739 1098 1743 1103; x_wconf 87' lang='grc'><strong>’</strong></span> 
     </span>
     <span class='ocr_line' id='line_1_21' title="bbox 319 1134 1744 1185; baseline 0 -14"><span class='ocrx_word' id='word_1_230' title='bbox 319 1140 377 1172; x_wconf 87' lang='lat' dir='ltr'><strong>uni</strong></span> <span class='ocrx_word' id='word_1_231' title='bbox 390 1137 688 1172; x_wconf 82' lang='lat' dir='ltr'><strong>materiaeaethereae</strong></span> <span class='ocrx_word' id='word_1_232' title='bbox 705 1136 919 1172; x_wconf 86' lang='lat' dir='ltr'><strong>tribuendum</strong></span> <span class='ocrx_word' id='word_1_233' title='bbox 930 1148 1020 1184; x_wconf 81' lang='lat' dir='ltr'><strong>,quae</strong></span> <span class='ocrx_word' id='word_1_234' title='bbox 1039 1148 1077 1170; x_wconf 89' lang='lat' dir='ltr'><strong>ex</strong></span> <span class='ocrx_word' id='word_1_235' title='bbox 1091 1134 1122 1170; x_wconf 90' lang='lat' dir='ltr'><strong>se</strong></span> <span class='ocrx_word' id='word_1_236' title='bbox 1137 1164 1148 1178; x_wconf 91' lang='lat'>‚</span> <span class='ocrx_word' id='word_1_237' title='bbox 1165 1141 1200 1172; x_wconf 86' lang='lat'>&amp;</span> <span class='ocrx_word' id='word_1_238' title='bbox 1218 1134 1488 1185; x_wconf 54' lang='lat' dir='ltr'><strong>ex‘impreffione</strong></span> <span class='ocrx_word' id='word_1_239' title='bbox 1506 1134 1549 1170; x_wconf 87' lang='lat' dir='ltr'><strong>ab</strong></span> <span class='ocrx_word' id='word_1_240' title='bbox 1570 1134 1720 1171; x_wconf 85' lang='lat' dir='ltr'><strong>Authore</strong></span> <span class='ocrx_word' id='word_1_241' title='bbox 1739 1147 1744 1152; x_wconf 92' lang='lat'>·</span> 
     </span>
     <span class='ocr_line' id='line_1_22' title="bbox 318 1184 1746 1236; baseline -0.001 -15"><span class='ocrx_word' id='word_1_242' title='bbox 318 1198 442 1221; x_wconf 85' lang='lat' dir='ltr'><strong>naturae</strong></span> <span class='ocrx_word' id='word_1_243' title='bbox 454 1197 588 1235; x_wconf 72' lang='lat' dir='ltr'><strong>accepta</strong></span> <span class='ocrx_word' id='word_1_244' title='bbox 600 1188 638 1222; x_wconf 64' lang='lat' dir='ltr'><strong>in&gt;</strong></span> <span class='ocrx_word' id='word_1_245' title='bbox 649 1185 768 1222; x_wconf 86' lang='lat' dir='ltr'><strong>orbern</strong></span> <span class='ocrx_word' id='word_1_246' title='bbox 780 1185 959 1236; x_wconf 83' lang='lat' dir='ltr'><strong>raptiffitne</strong></span> <span class='ocrx_word' id='word_1_247' title='bbox 972 1187 1087 1230; x_wconf 81' lang='lat' dir='ltr'><strong>cietur3</strong></span> <span class='ocrx_word' id='word_1_248' title='bbox 1102 1184 1228 1233; x_wconf 81' lang='lat' dir='ltr'><strong>reliqua</strong></span> <span class='ocrx_word' id='word_1_249' title='bbox 1237 1198 1375 1234; x_wconf 87' lang='lat' dir='ltr'><strong>corpora</strong></span> <span class='ocrx_word' id='word_1_250' title='bbox 1387 1187 1491 1235; x_wconf 83' lang='lat' dir='ltr'><strong>magis</strong></span> <span class='ocrx_word' id='word_1_251' title='bbox 1502 1185 1543 1220; x_wconf 87' lang='lat' dir='ltr'><strong>ad</strong></span> <span class='ocrx_word' id='word_1_252' title='bbox 1557 1186 1722 1233; x_wconf 82' lang='lat' dir='ltr'><strong>quietern,</strong></span> <span class='ocrx_word' id='word_1_253' title='bbox 1741 1214 1746 1220; x_wconf 88' lang='lat'><em>.</em></span> 
     </span>
     <span class='ocr_line' id='line_1_23' title="bbox 320 1234 1737 1284; baseline 0.001 -15"><span class='ocrx_word' id='word_1_254' title='bbox 320 1248 418 1282; x_wconf 85' lang='lat' dir='ltr'><strong>quam</strong></span> <span class='ocrx_word' id='word_1_255' title='bbox 435 1235 477 1269; x_wconf 90' lang='lat' dir='ltr'><strong>ad</strong></span> <span class='ocrx_word' id='word_1_256' title='bbox 489 1248 616 1271; x_wconf 81' lang='lat' dir='ltr'><strong>motum</strong></span> <span class='ocrx_word' id='word_1_257' title='bbox 626 1236 840 1284; x_wconf 79' lang='lat' dir='ltr'><strong>propendent</strong></span> <span class='ocrx_word' id='word_1_258' title='bbox 851 1264 860 1278; x_wconf 92' lang='lat'>‚</span> <span class='ocrx_word' id='word_1_259' title='bbox 874 1241 907 1272; x_wconf 89' lang='lat'>&amp;</span> <span class='ocrx_word' id='word_1_260' title='bbox 918 1246 1032 1269; x_wconf 84' lang='lat' dir='ltr'><strong>natura</strong></span> <span class='ocrx_word' id='word_1_261' title='bbox 1045 1234 1097 1269; x_wconf 85' lang='lat' dir='ltr'><strong>sua</strong></span> <span class='ocrx_word' id='word_1_262' title='bbox 1108 1234 1390 1272; x_wconf 83' lang='lat' dir='ltr'><strong>motuirefistunt:</strong></span> <span class='ocrx_word' id='word_1_263' title='bbox 1407 1236 1494 1270; x_wconf 89' lang='lat' dir='ltr'><strong>unde</strong></span> <span class='ocrx_word' id='word_1_264' title='bbox 1510 1236 1648 1270; x_wconf 79' lang='lat' dir='ltr'><strong>materia</strong></span> <span class='ocrx_word' id='word_1_265' title='bbox 1658 1247 1720 1271; x_wconf 84' lang='lat' dir='ltr'><strong>cae-</strong></span> <span class='ocrx_word' id='word_1_266' title='bbox 1730 1257 1737 1262; x_wconf 60' lang='lat'><strong>=-</strong></span> 
     </span>
     <span class='ocr_line' id='line_1_24' title="bbox 321 1281 1741 1332; baseline 0.001 -14"><span class='ocrx_word' id='word_1_267' title='bbox 321 1284 405 1318; x_wconf 82' lang='lat' dir='ltr'><strong>lestis</strong></span> <span class='ocrx_word' id='word_1_268' title='bbox 428 1285 624 1319; x_wconf 82' lang='lat' dir='ltr'><strong>noneadem</strong></span> <span class='ocrx_word' id='word_1_269' title='bbox 642 1287 676 1319; x_wconf 89' lang='lat' dir='ltr'><strong>vi</strong></span> <span class='ocrx_word' id='word_1_270' title='bbox 692 1313 701 1327; x_wconf 91' lang='lat'>‚</span> <span class='ocrx_word' id='word_1_271' title='bbox 719 1295 774 1319; x_wconf 85' lang='lat' dir='ltr'><strong>aut</strong></span> <span class='ocrx_word' id='word_1_272' title='bbox 786 1284 953 1319; x_wconf 85' lang='lat' dir='ltr'><strong>celeritate</strong></span> <span class='ocrx_word' id='word_1_273' title='bbox 967 1295 1053 1331; x_wconf 83' lang='lat' dir='ltr'><strong>‚qua</strong></span> <span class='ocrx_word' id='word_1_274' title='bbox 1062 1282 1127 1332; x_wconf 86' lang='lat' dir='ltr'><strong>ipsa</strong></span> <span class='ocrx_word' id='word_1_275' title='bbox 1141 1283 1268 1326; x_wconf 66' lang='lat' dir='ltr'><strong>fertur,</strong></span> <span class='ocrx_word' id='word_1_276' title='bbox 1293 1284 1422 1332; x_wconf 78' lang='lat' dir='ltr'><strong>reliqua</strong></span> <span class='ocrx_word' id='word_1_277' title='bbox 1444 1295 1582 1332; x_wconf 84' lang='lat' dir='ltr'><strong>corpora</strong></span> <span class='ocrx_word' id='word_1_278' title='bbox 1610 1281 1720 1320; x_wconf 84' lang='lat' dir='ltr'><strong>secum</strong></span> <span class='ocrx_word' id='word_1_279' title='bbox 1740 1296 1741 1299; x_wconf 76' lang='grc'>’</span> 
     </span>
     <span class='ocr_line' id='line_1_25' title="bbox 320 1331 1747 1383; baseline 0.001 -16"><span class='ocrx_word' id='word_1_280' title='bbox 320 1331 455 1381; x_wconf 84' lang='lat' dir='ltr'><strong>abripit.</strong></span> <span class='ocrx_word' id='word_1_281' title='bbox 477 1334 565 1369; x_wconf 84' lang='lat' dir='ltr'><strong>Hinc</strong></span> <span class='ocrx_word' id='word_1_282' title='bbox 583 1336 673 1368; x_wconf 84' lang='lat' dir='ltr'><strong>navis</strong></span> <span class='ocrx_word' id='word_1_283' title='bbox 690 1332 1022 1381; x_wconf 44' lang='lat' dir='ltr'><strong>oneraria‚quae«alte</strong></span> <span class='ocrx_word' id='word_1_284' title='bbox 1046 1334 1080 1368; x_wconf 91' lang='lat' dir='ltr'><strong>in</strong></span> <span class='ocrx_word' id='word_1_285' title='bbox 1100 1345 1218 1380; x_wconf 79' lang='lat' dir='ltr'><strong>aquam</strong></span> <span class='ocrx_word' id='word_1_286' title='bbox 1241 1333 1459 1383; x_wconf 81' lang='lat' dir='ltr'><strong>demergitur,</strong></span> <span class='ocrx_word' id='word_1_287' title='bbox 1480 1332 1599 1367; x_wconf 84' lang='lat' dir='ltr'><strong>tardius</strong></span> <span class='ocrx_word' id='word_1_288' title='bbox 1617 1332 1723 1368; x_wconf 76' lang='lat' dir='ltr'><strong>fertur</strong></span> <span class='ocrx_word' id='word_1_289' title='bbox 1738 1343 1747 1359; x_wconf 47' lang='grc' dir='ltr'><strong>ν’</strong></span> 
     </span>
     <span class='ocr_line' id='line_1_26' title="bbox 321 1380 1745 1432; baseline 0 -14"><span class='ocrx_word' id='word_1_290' title='bbox 321 1396 421 1430; x_wconf 79' lang='lat' dir='ltr'><strong>quam</strong></span> <span class='ocrx_word' id='word_1_291' title='bbox 436 1395 474 1417; x_wconf 87' lang='lat' dir='ltr'><strong>ea</strong></span> <span class='ocrx_word' id='word_1_292' title='bbox 488 1386 674 1430; x_wconf 78' lang='lat' dir='ltr'><strong>quaeminus</strong></span> <span class='ocrx_word' id='word_1_293' title='bbox 688 1395 846 1419; x_wconf 80' lang='lat' dir='ltr'><strong>oneratur</strong></span> <span class='ocrx_word' id='word_1_294' title='bbox 863 1396 870 1418; x_wconf 88' lang='lat'>:</span> <span class='ocrx_word' id='word_1_295' title='bbox 885 1380 1011 1418; x_wconf 78' lang='lat' dir='ltr'><strong>tametsi</strong></span> <span class='ocrx_word' id='word_1_296' title='bbox 1021 1381 1055 1418; x_wconf 80' lang='lat' dir='ltr'><strong>in</strong></span> <span class='ocrx_word' id='word_1_297' title='bbox 1074 1381 1288 1432; x_wconf 52' lang='lat' dir='ltr'><strong>illam‘major</strong></span> <span class='ocrx_word' id='word_1_298' title='bbox 1307 1395 1402 1430; x_wconf 84' lang='lat' dir='ltr'><strong>aquae</strong></span> <span class='ocrx_word' id='word_1_299' title='bbox 1421 1382 1526 1417; x_wconf 85' lang='lat' dir='ltr'><strong>moles</strong></span> <span class='ocrx_word' id='word_1_300' title='bbox 1556 1383 1722 1430; x_wconf 84' lang='lat' dir='ltr'><strong>impetum</strong></span> <span class='ocrx_word' id='word_1_301' title='bbox 1739 1395 1745 1403; x_wconf 69' lang='lat'>⁸</span> 
     </span>
     <span class='ocr_line' id='line_1_27' title="bbox 321 1429 1721 1479; baseline 0 -12"><span class='ocrx_word' id='word_1_302' title='bbox 321 1433 422 1468; x_wconf 75' lang='lat' dir='ltr'><strong>facit:</strong></span> <span class='ocrx_word' id='word_1_303' title='bbox 440 1431 492 1467; x_wconf 89' lang='lat' dir='ltr'><strong>sed</strong></span> <span class='ocrx_word' id='word_1_304' title='bbox 505 1446 577 1468; x_wconf 82' lang='lat' dir='ltr'><strong>cum</strong></span> <span class='ocrx_word' id='word_1_305' title='bbox 591 1434 684 1468; x_wconf 75' lang='lat' dir='ltr'><strong>navis</strong></span> <span class='ocrx_word' id='word_1_306' title='bbox 696 1431 803 1468; x_wconf 85' lang='lat' dir='ltr'><strong>obstet</strong></span> <span class='ocrx_word' id='word_1_307' title='bbox 822 1434 950 1476; x_wconf 84' lang='lat' dir='ltr'><strong>motui,</strong></span> <span class='ocrx_word' id='word_1_308' title='bbox 965 1444 1034 1479; x_wconf 84' lang='lat' dir='ltr'><strong>quo</strong></span> <span class='ocrx_word' id='word_1_309' title='bbox 1052 1430 1123 1479; x_wconf 83' lang='lat' dir='ltr'><strong>plus</strong></span> <span class='ocrx_word' id='word_1_310' title='bbox 1143 1429 1243 1467; x_wconf 86' lang='lat' dir='ltr'><strong>habet</strong></span> <span class='ocrx_word' id='word_1_311' title='bbox 1261 1430 1417 1476; x_wconf 55' lang='lat' dir='ltr'><strong>saburrae,</strong></span> <span class='ocrx_word' id='word_1_312' title='bbox 1431 1433 1611 1467; x_wconf 82' lang='lat' dir='ltr'><strong>autoneris</strong></span> <span class='ocrx_word' id='word_1_313' title='bbox 1626 1459 1636 1474; x_wconf 85' lang='lat'><strong>,</strong></span> <span class='ocrx_word' id='word_1_314' title='bbox 1656 1431 1721 1467; x_wconf 89' lang='lat' dir='ltr'><strong>hoc</strong></span> 
     </span>
     <span class='ocr_line' id='line_1_28' title="bbox 321 1479 1721 1530; baseline -0.001 -13"><span class='ocrx_word' id='word_1_315' title='bbox 321 1495 413 1529; x_wconf 80' lang='lat' dir='ltr'><strong>aquae</strong></span> <span class='ocrx_word' id='word_1_316' title='bbox 431 1482 607 1530; x_wconf 84' lang='lat' dir='ltr'><strong>profluenti</strong></span> <span class='ocrx_word' id='word_1_317' title='bbox 618 1485 723 1518; x_wconf 88' lang='lat' dir='ltr'><strong>minus</strong></span> <span class='ocrx_word' id='word_1_318' title='bbox 735 1481 935 1530; x_wconf 83' lang='lat' dir='ltr'><strong>obsequitur.</strong></span> <span class='ocrx_word' id='word_1_319' title='bbox 953 1483 1050 1518; x_wconf 84' lang='lat' dir='ltr'><strong>Sicin</strong></span> <span class='ocrx_word' id='word_1_320' title='bbox 1065 1480 1193 1516; x_wconf 81' lang='lat' dir='ltr'><strong>bilance</strong></span> <span class='ocrx_word' id='word_1_321' title='bbox 1203 1482 1354 1529; x_wconf 86' lang='lat' dir='ltr'><strong>utrinque</strong></span> <span class='ocrx_word' id='word_1_322' title='bbox 1376 1483 1501 1530; x_wconf 86' lang='lat' dir='ltr'><strong>magnis</strong></span> <span class='ocrx_word' id='word_1_323' title='bbox 1518 1479 1721 1530; x_wconf 82' lang='lat' dir='ltr'><strong>ponderibus</strong></span> 
     </span>
     <span class='ocr_line' id='line_1_29' title="bbox 321 1529 1746 1580; baseline -0.001 -14"><span class='ocrx_word' id='word_1_324' title='bbox 321 1543 456 1567; x_wconf 84' lang='lat' dir='ltr'><strong>onerata</strong></span> <span class='ocrx_word' id='word_1_325' title='bbox 469 1546 538 1568; x_wconf 91' lang='lat' dir='ltr'><strong>non</strong></span> <span class='ocrx_word' id='word_1_326' title='bbox 548 1531 645 1567; x_wconf 77' lang='lat' dir='ltr'><strong>facile</strong></span> <span class='ocrx_word' id='word_1_327' title='bbox 655 1532 783 1567; x_wconf 85' lang='lat' dir='ltr'><strong>tollitur</strong></span> <span class='ocrx_word' id='word_1_328' title='bbox 798 1530 1029 1580; x_wconf 83' lang='lat' dir='ltr'><strong>aequilibrium‚</strong></span> <span class='ocrx_word' id='word_1_329' title='bbox 1045 1530 1134 1578; x_wconf 87' lang='lat' dir='ltr'><strong>quod</strong></span> <span class='ocrx_word' id='word_1_330' title='bbox 1145 1542 1258 1578; x_wconf 84' lang='lat' dir='ltr'><strong>corpus</strong></span> <span class='ocrx_word' id='word_1_331' title='bbox 1268 1544 1335 1566; x_wconf 89' lang='lat' dir='ltr'><strong>non</strong></span> <span class='ocrx_word' id='word_1_332' title='bbox 1350 1529 1385 1566; x_wconf 86' lang='lat' dir='ltr'><strong>fit</strong></span> <span class='ocrx_word' id='word_1_333' title='bbox 1394 1531 1434 1565; x_wconf 93' lang='lat' dir='ltr'><strong>ad</strong></span> <span class='ocrx_word' id='word_1_334' title='bbox 1443 1541 1572 1566; x_wconf 90' lang='lat' dir='ltr'><strong>motum</strong></span> <span class='ocrx_word' id='word_1_335' title='bbox 1583 1536 1618 1567; x_wconf 93' lang='lat'>&amp;</span> <span class='ocrx_word' id='word_1_336' title='bbox 1626 1532 1723 1578; x_wconf 77' lang='lat' dir='ltr'><strong>quie-</strong></span> <span class='ocrx_word' id='word_1_337' title='bbox 1741 1542 1746 1546; x_wconf 84' lang='grc'><em>·</em></span> 
     </span>
     <span class='ocr_line' id='line_1_30' title="bbox 322 1578 1744 1630; baseline 0 -15"><span class='ocrx_word' id='word_1_338' title='bbox 322 1592 387 1615; x_wconf 89' lang='lat' dir='ltr'><strong>tem</strong></span> <span class='ocrx_word' id='word_1_339' title='bbox 401 1594 493 1628; x_wconf 83' lang='lat' dir='ltr'><strong>aeque</strong></span> <span class='ocrx_word' id='word_1_340' title='bbox 505 1580 692 1617; x_wconf 80' lang='lat' dir='ltr'><strong>indifferens</strong></span> <span class='ocrx_word' id='word_1_341' title='bbox 704 1611 712 1625; x_wconf 87' lang='lat'>,</span> <span class='ocrx_word' id='word_1_342' title='bbox 725 1587 761 1618; x_wconf 73' lang='grc' dir='ltr'><strong>δε</strong></span> <span class='ocrx_word' id='word_1_343' title='bbox 772 1594 812 1616; x_wconf 91' lang='lat' dir='ltr'><strong>eo</strong></span> <span class='ocrx_word' id='word_1_344' title='bbox 821 1583 923 1630; x_wconf 79' lang='lat' dir='ltr'><strong>magis</strong></span> <span class='ocrx_word' id='word_1_345' title='bbox 939 1583 1044 1616; x_wconf 89' lang='lat' dir='ltr'><strong>motui</strong></span> <span class='ocrx_word' id='word_1_346' title='bbox 1058 1578 1191 1615; x_wconf 75' lang='lat' dir='ltr'><strong>obsistat</strong></span> <span class='ocrx_word' id='word_1_347' title='bbox 1200 1609 1213 1629; x_wconf 28' lang='grc' dir='ltr'><strong>Ι,</strong></span> <span class='ocrx_word' id='word_1_348' title='bbox 1222 1583 1432 1629; x_wconf 61' lang='lat' dir='ltr'><strong>quo‘gravius</strong></span> <span class='ocrx_word' id='word_1_349' title='bbox 1453 1580 1506 1616; x_wconf 85' lang='lat' dir='ltr'><strong>est.</strong></span> <span class='ocrx_word' id='word_1_350' title='bbox 1518 1581 1567 1614; x_wconf 81' lang='lat' dir='ltr'><strong>Ac</strong></span> <span class='ocrx_word' id='word_1_351' title='bbox 1579 1592 1621 1615; x_wconf 90' lang='lat' dir='ltr'><strong>ne</strong></span> <span class='ocrx_word' id='word_1_352' title='bbox 1633 1579 1722 1615; x_wconf 84' lang='lat' dir='ltr'><strong>forte</strong></span> <span class='ocrx_word' id='word_1_353' title='bbox 1740 1591 1744 1595; x_wconf 76' lang='grc'><em>·</em></span> 
     </span>
     <span class='ocr_line' id='line_1_31' title="bbox 322 1628 1745 1680; baseline 0 -16"><span class='ocrx_word' id='word_1_354' title='bbox 322 1633 392 1678; x_wconf 80' lang='lat' dir='ltr'><strong>quis</strong></span> <span class='ocrx_word' id='word_1_355' title='bbox 405 1630 567 1665; x_wconf 86' lang='lat' dir='ltr'><strong>obtendat</strong></span> <span class='ocrx_word' id='word_1_356' title='bbox 578 1636 736 1680; x_wconf 85' lang='lat' dir='ltr'><strong>majorem</strong></span> <span class='ocrx_word' id='word_1_357' title='bbox 751 1633 784 1667; x_wconf 90' lang='lat' dir='ltr'><strong>in</strong></span> <span class='ocrx_word' id='word_1_358' title='bbox 794 1630 882 1667; x_wconf 85' lang='lat' dir='ltr'><strong>librae</strong></span> <span class='ocrx_word' id='word_1_359' title='bbox 893 1629 1033 1665; x_wconf 88' lang='lat' dir='ltr'><strong>brachiis</strong></span> <span class='ocrx_word' id='word_1_360' title='bbox 1045 1631 1215 1673; x_wconf 87' lang='lat' dir='ltr'><strong>attritum,</strong></span> <span class='ocrx_word' id='word_1_361' title='bbox 1239 1642 1294 1665; x_wconf 89' lang='lat' dir='ltr'><strong>aut</strong></span> <span class='ocrx_word' id='word_1_362' title='bbox 1312 1628 1504 1679; x_wconf 84' lang='lat' dir='ltr'><strong>preffionem</strong></span> <span class='ocrx_word' id='word_1_363' title='bbox 1532 1632 1565 1664; x_wconf 87' lang='lat' dir='ltr'><strong>in</strong></span> <span class='ocrx_word' id='word_1_364' title='bbox 1592 1640 1721 1673; x_wconf 84' lang='lat' dir='ltr'><strong>centro,</strong></span> <span class='ocrx_word' id='word_1_365' title='bbox 1739 1654 1745 1664; x_wconf 38' lang='lat'><strong>⁴.</strong></span> 
     </span>
     <span class='ocr_line' id='line_1_32' title="bbox 323 1678 1746 1729; baseline 0 -15"><span class='ocrx_word' id='word_1_366' title='bbox 323 1693 391 1728; x_wconf 76' lang='lat' dir='ltr'><strong>quo</strong></span> <span class='ocrx_word' id='word_1_367' title='bbox 414 1680 521 1716; x_wconf 84' lang='lat' dir='ltr'><strong>lances</strong></span> <span class='ocrx_word' id='word_1_368' title='bbox 547 1684 701 1728; x_wconf 86' lang='lat' dir='ltr'><strong>utrinque</strong></span> <span class='ocrx_word' id='word_1_369' title='bbox 722 1685 844 1728; x_wconf 82' lang='lat' dir='ltr'><strong>majora</strong></span> <span class='ocrx_word' id='word_1_370' title='bbox 868 1681 1013 1729; x_wconf 85' lang='lat' dir='ltr'><strong>pondera</strong></span> <span class='ocrx_word' id='word_1_371' title='bbox 1034 1678 1209 1723; x_wconf 79' lang='lat' dir='ltr'><strong>sustinent,</strong></span> <span class='ocrx_word' id='word_1_372' title='bbox 1222 1691 1323 1729; x_wconf 85' lang='lat' dir='ltr'><strong>genus</strong></span> <span class='ocrx_word' id='word_1_373' title='bbox 1343 1679 1648 1729; x_wconf 60' lang='lat' dir='ltr'><strong>librae&#39;excogitavit</strong></span> <span class='ocrx_word' id='word_1_374' title='bbox 1661 1681 1723 1716; x_wconf 76' lang='lat' dir='ltr'><strong>Vir</strong></span> <span class='ocrx_word' id='word_1_375' title='bbox 1743 1689 1746 1691; x_wconf 70' lang='grc'><strong>’</strong></span> 
     </span>
     <span class='ocr_line' id='line_1_33' title="bbox 324 1725 1720 1777; baseline -0.001 -12"><span class='ocrx_word' id='word_1_376' title='bbox 324 1729 446 1766; x_wconf 70' lang='lat' dir='ltr'><strong>Clariss.</strong></span> <span class='ocrx_word' id='word_1_377' title='bbox 459 1733 490 1765; x_wconf 89' lang='lat' dir='ltr'><strong>in</strong></span> <span class='ocrx_word' id='word_1_378' title='bbox 501 1743 569 1776; x_wconf 83' lang='lat' dir='ltr'><strong>quo</strong></span> <span class='ocrx_word' id='word_1_379' title='bbox 581 1730 663 1765; x_wconf 80' lang='lat' dir='ltr'><strong>nihil</strong></span> <span class='ocrx_word' id='word_1_380' title='bbox 676 1730 753 1764; x_wconf 82' lang='lat' dir='ltr'><strong>licet</strong></span> <span class='ocrx_word' id='word_1_381' title='bbox 764 1728 925 1777; x_wconf 83' lang='lat' dir='ltr'><strong>preffioni,</strong></span> <span class='ocrx_word' id='word_1_382' title='bbox 943 1729 1099 1776; x_wconf 85' lang='lat' dir='ltr'><strong>quodque</strong></span> <span class='ocrx_word' id='word_1_383' title='bbox 1117 1731 1151 1762; x_wconf 84' lang='lat' dir='ltr'><strong>in</strong></span> <span class='ocrx_word' id='word_1_384' title='bbox 1166 1731 1273 1775; x_wconf 85' lang='lat' dir='ltr'><strong>primo</strong></span> <span class='ocrx_word' id='word_1_385' title='bbox 1291 1725 1462 1764; x_wconf 59' lang='lat' dir='ltr'><strong>volumine</strong></span> <span class='ocrx_word' id='word_1_386' title='bbox 1483 1731 1720 1764; x_wconf 84' lang='lat' dir='ltr'><strong>Tentaminum</strong></span> 
     </span>
     <span class='ocr_line' id='line_1_34' title="bbox 325 1775 1742 1827; baseline 0 -14"><span class='ocrx_word' id='word_1_387' title='bbox 325 1779 467 1813; x_wconf 80' lang='lat' dir='ltr'><strong>dilucide</strong></span> <span class='ocrx_word' id='word_1_388' title='bbox 485 1779 637 1827; x_wconf 79' lang='lat' dir='ltr'><strong>explicat.</strong></span> <span class='ocrx_word' id='word_1_389' title='bbox 668 1782 708 1814; x_wconf 77' lang='lat' dir='ltr'><strong>Et</strong></span> <span class='ocrx_word' id='word_1_390' title='bbox 727 1791 837 1813; x_wconf 84' lang='lat' dir='ltr'><strong>tamen</strong></span> <span class='ocrx_word' id='word_1_391' title='bbox 862 1778 953 1812; x_wconf 79' lang='lat' dir='ltr'><strong>idem</strong></span> <span class='ocrx_word' id='word_1_392' title='bbox 976 1779 1008 1812; x_wconf 88' lang='lat' dir='ltr'><strong>in</strong></span> <span class='ocrx_word' id='word_1_393' title='bbox 1033 1777 1093 1812; x_wconf 84' lang='lat' dir='ltr'><strong>hac</strong></span> <span class='ocrx_word' id='word_1_394' title='bbox 1114 1775 1198 1810; x_wconf 84' lang='lat' dir='ltr'><strong>libra</strong></span> <span class='ocrx_word' id='word_1_395' title='bbox 1216 1777 1307 1823; x_wconf 90' lang='lat' dir='ltr'><strong>quod</strong></span> <span class='ocrx_word' id='word_1_396' title='bbox 1330 1779 1363 1811; x_wconf 91' lang='lat' dir='ltr'><strong>in</strong></span> <span class='ocrx_word' id='word_1_397' title='bbox 1391 1779 1512 1812; x_wconf 84' lang='lat' dir='ltr'><strong>caeteris</strong></span> <span class='ocrx_word' id='word_1_398' title='bbox 1527 1777 1646 1812; x_wconf 83' lang='lat' dir='ltr'><strong>accidit</strong></span> <span class='ocrx_word' id='word_1_399' title='bbox 1660 1806 1671 1821; x_wconf 86' lang='lat'>,</span> <span class='ocrx_word' id='word_1_400' title='bbox 1684 1788 1720 1813; x_wconf 88' lang='lat' dir='ltr'><strong>ut</strong></span> <span class='ocrx_word' id='word_1_401' title='bbox 1739 1787 1742 1789; x_wconf 71' lang='grc'><strong>’</strong></span> 
     </span>
     <span class='ocr_line' id='line_1_35' title="bbox 326 1824 1719 1876; baseline -0.002 -14"><span class='ocrx_word' id='word_1_402' title='bbox 326 1827 546 1876; x_wconf 72' lang='lat' dir='ltr'><strong>aequilibrium</strong></span> <span class='ocrx_word' id='word_1_403' title='bbox 561 1827 623 1867; x_wconf 82' lang='lat' dir='ltr'><strong>hoc</strong></span> <span class='ocrx_word' id='word_1_404' title='bbox 641 1825 803 1863; x_wconf 81' lang='lat' dir='ltr'><strong>difficilius</strong></span> <span class='ocrx_word' id='word_1_405' title='bbox 817 1825 969 1870; x_wconf 82' lang='lat' dir='ltr'><strong>tollatur,</strong></span> <span class='ocrx_word' id='word_1_406' title='bbox 989 1839 1055 1874; x_wconf 80' lang='lat' dir='ltr'><strong>quo</strong></span> <span class='ocrx_word' id='word_1_407' title='bbox 1075 1824 1221 1860; x_wconf 82' lang='lat' dir='ltr'><strong>lancibus</strong></span> <span class='ocrx_word' id='word_1_408' title='bbox 1232 1830 1354 1875; x_wconf 76' lang='lat' dir='ltr'><strong>majora</strong></span> <span class='ocrx_word' id='word_1_409' title='bbox 1365 1827 1576 1875; x_wconf 83' lang='lat' dir='ltr'><strong>imponuntur</strong></span> <span class='ocrx_word' id='word_1_410' title='bbox 1592 1828 1719 1874; x_wconf 81' lang='lat' dir='ltr'><strong>ponde-</strong></span> 
     </span>
     <span class='ocr_line' id='line_1_36' title="bbox 325 1874 1741 1924; baseline -0.001 -12"><span class='ocrx_word' id='word_1_411' title='bbox 325 1890 369 1913; x_wconf 83' lang='lat' dir='ltr'><strong>ra.</strong></span> <span class='ocrx_word' id='word_1_412' title='bbox 389 1877 469 1912; x_wconf 88' lang='lat' dir='ltr'><strong>Illud</strong></span> <span class='ocrx_word' id='word_1_413' title='bbox 482 1879 592 1924; x_wconf 84' lang='lat' dir='ltr'><strong>itaque</strong></span> <span class='ocrx_word' id='word_1_414' title='bbox 604 1889 735 1912; x_wconf 83' lang='lat' dir='ltr'><strong>maneat</strong></span> <span class='ocrx_word' id='word_1_415' title='bbox 750 1874 965 1912; x_wconf 76' lang='lat' dir='ltr'><strong>inconcuffum</strong></span> <span class='ocrx_word' id='word_1_416' title='bbox 978 1904 987 1919; x_wconf 89' lang='lat'>,</span> <span class='ocrx_word' id='word_1_417' title='bbox 999 1887 1137 1924; x_wconf 86' lang='lat' dir='ltr'><strong>corpora</strong></span> <span class='ocrx_word' id='word_1_418' title='bbox 1145 1887 1286 1922; x_wconf 78' lang='lat' dir='ltr'><strong>quaeque</strong></span> <span class='ocrx_word' id='word_1_419' title='bbox 1302 1904 1309 1916; x_wconf 90' lang='lat'>,</span> <span class='ocrx_word' id='word_1_420' title='bbox 1329 1874 1349 1910; x_wconf 87' lang='lat' dir='ltr'>fi</span> <span class='ocrx_word' id='word_1_421' title='bbox 1364 1875 1718 1911; x_wconf 81' lang='lat' dir='ltr'><strong>materiamaetheream</strong></span> <span class='ocrx_word' id='word_1_422' title='bbox 1738 1889 1741 1903; x_wconf 79' lang='lat'>;</span> 
     </span>
     <span class='ocr_line' id='line_1_37' title="bbox 325 1923 1717 1976; baseline 0 -16"><span class='ocrx_word' id='word_1_423' title='bbox 325 1929 489 1976; x_wconf 79' lang='lat' dir='ltr'><strong>exceperis</strong></span> <span class='ocrx_word' id='word_1_424' title='bbox 500 1955 510 1970; x_wconf 85' lang='lat'>,</span> <span class='ocrx_word' id='word_1_425' title='bbox 532 1928 570 1961; x_wconf 84' lang='lat' dir='ltr'><strong>ad</strong></span> <span class='ocrx_word' id='word_1_426' title='bbox 584 1939 716 1963; x_wconf 87' lang='lat' dir='ltr'><strong>motum</strong></span> <span class='ocrx_word' id='word_1_427' title='bbox 733 1929 839 1962; x_wconf 85' lang='lat' dir='ltr'><strong>minus</strong></span> <span class='ocrx_word' id='word_1_428' title='bbox 862 1923 926 1961; x_wconf 80' lang='lat' dir='ltr'><strong>effe</strong></span> <span class='ocrx_word' id='word_1_429' title='bbox 941 1926 1113 1975; x_wconf 82' lang='lat' dir='ltr'><strong>expedita,</strong></span> <span class='ocrx_word' id='word_1_430' title='bbox 1129 1924 1204 1960; x_wconf 89' lang='lat' dir='ltr'><strong>huic</strong></span> <span class='ocrx_word' id='word_1_431' title='bbox 1215 1923 1388 1961; x_wconf 60' lang='lat' dir='ltr'><strong>obluctari.</strong></span> <span class='ocrx_word' id='word_1_432' title='bbox 1404 1928 1518 1976; x_wconf 82' lang='lat' dir='ltr'><strong>Qare</strong></span> <span class='ocrx_word' id='word_1_433' title='bbox 1534 1935 1571 1960; x_wconf 88' lang='lat' dir='ltr'><strong>ut</strong></span> <span class='ocrx_word' id='word_1_434' title='bbox 1584 1937 1622 1959; x_wconf 86' lang='lat' dir='ltr'><strong>ea</strong></span> <span class='ocrx_word' id='word_1_435' title='bbox 1641 1927 1717 1972; x_wconf 87' lang='lat' dir='ltr'><strong>qui-</strong></span> 
     </span>
     <span class='ocr_line' id='line_1_38' title="bbox 326 1973 1741 2025; baseline 0 -14"><span class='ocrx_word' id='word_1_436' title='bbox 326 1977 402 2011; x_wconf 88' lang='lat' dir='ltr'><strong>dem</strong></span> <span class='ocrx_word' id='word_1_437' title='bbox 414 1978 547 2011; x_wconf 81' lang='lat' dir='ltr'><strong>materia</strong></span> <span class='ocrx_word' id='word_1_438' title='bbox 568 1975 706 2025; x_wconf 77' lang='lat' dir='ltr'><strong>globum</strong></span> <span class='ocrx_word' id='word_1_439' title='bbox 722 1976 958 2012; x_wconf 78' lang='lat' dir='ltr'><strong>elementarem</strong></span> <span class='ocrx_word' id='word_1_440' title='bbox 977 1976 1145 2024; x_wconf 75' lang='lat' dir='ltr'><strong>exagitet,</strong></span> <span class='ocrx_word' id='word_1_441' title='bbox 1165 1979 1197 2010; x_wconf 61' lang='grc' dir='ltr'>ἃ</span> <span class='ocrx_word' id='word_1_442' title='bbox 1222 1986 1372 2022; x_wconf 84' lang='lat' dir='ltr'><strong>penetret</strong></span> <span class='ocrx_word' id='word_1_443' title='bbox 1385 2004 1394 2018; x_wconf 79' lang='lat'>,</span> <span class='ocrx_word' id='word_1_444' title='bbox 1413 1974 1511 2023; x_wconf 81' lang='lat' dir='ltr'><strong>longe</strong></span> <span class='ocrx_word' id='word_1_445' title='bbox 1529 1973 1664 2009; x_wconf 87' lang='lat' dir='ltr'><strong>celerius</strong></span> <span class='ocrx_word' id='word_1_446' title='bbox 1683 1976 1719 2011; x_wconf 85' lang='lat' dir='ltr'><strong>in</strong></span> <span class='ocrx_word' id='word_1_447' title='bbox 1737 1992 1741 2004; x_wconf 63' lang='grc' dir='ltr'><strong>ε</strong></span> 
     </span>
     <span class='ocr_line' id='line_1_39' title="bbox 326 2024 1735 2074; baseline -0.001 -14"><span class='ocrx_word' id='word_1_448' title='bbox 326 2025 442 2060; x_wconf 88' lang='lat' dir='ltr'><strong>orbem</strong></span> <span class='ocrx_word' id='word_1_449' title='bbox 465 2028 569 2074; x_wconf 72' lang='lat' dir='ltr'><strong>agitur</strong></span> <span class='ocrx_word' id='word_1_450' title='bbox 580 2038 677 2074; x_wconf 81' lang='lat' dir='ltr'><strong>quam</strong></span> <span class='ocrx_word' id='word_1_451' title='bbox 691 2025 753 2061; x_wconf 83' lang='lat' dir='ltr'><strong>alia</strong></span> <span class='ocrx_word' id='word_1_452' title='bbox 764 2038 899 2073; x_wconf 85' lang='lat' dir='ltr'><strong>quaeque</strong></span> <span class='ocrx_word' id='word_1_453' title='bbox 914 2038 1067 2074; x_wconf 84' lang='lat' dir='ltr'><strong>corpora:</strong></span> <span class='ocrx_word' id='word_1_454' title='bbox 1081 2036 1118 2059; x_wconf 86' lang='lat' dir='ltr'><strong>ut</strong></span> <span class='ocrx_word' id='word_1_455' title='bbox 1133 2035 1246 2058; x_wconf 86' lang='lat' dir='ltr'><strong>ventus</strong></span> <span class='ocrx_word' id='word_1_456' title='bbox 1257 2026 1313 2072; x_wconf 85' lang='lat' dir='ltr'><strong>qui</strong></span> <span class='ocrx_word' id='word_1_457' title='bbox 1325 2024 1398 2060; x_wconf 89' lang='lat' dir='ltr'><strong>vela</strong></span> <span class='ocrx_word' id='word_1_458' title='bbox 1414 2024 1531 2073; x_wconf 86' lang='lat' dir='ltr'><strong>implet</strong></span> <span class='ocrx_word' id='word_1_459' title='bbox 1543 2052 1551 2066; x_wconf 92' lang='lat'><em>‚</em></span> <span class='ocrx_word' id='word_1_460' title='bbox 1576 2036 1645 2058; x_wconf 85' lang='lat' dir='ltr'><strong>non</strong></span> <span class='ocrx_word' id='word_1_461' title='bbox 1662 2035 1719 2058; x_wconf 88' lang='lat' dir='ltr'><strong>ea-</strong></span> <span class='ocrx_word' id='word_1_462' title='bbox 1732 2046 1735 2048; x_wconf 98' lang='lat'>-</span> 
     </span>
     <span class='ocr_line' id='line_1_40' title="bbox 326 2072 1739 2124; baseline 0 -15"><span class='ocrx_word' id='word_1_463' title='bbox 326 2076 401 2110; x_wconf 86' lang='lat' dir='ltr'><strong>dem</strong></span> <span class='ocrx_word' id='word_1_464' title='bbox 417 2074 584 2110; x_wconf 86' lang='lat' dir='ltr'><strong>celeritate</strong></span> <span class='ocrx_word' id='word_1_465' title='bbox 607 2089 726 2111; x_wconf 77' lang='lat' dir='ltr'><strong>navem</strong></span> <span class='ocrx_word' id='word_1_466' title='bbox 745 2087 940 2124; x_wconf 79' lang='lat' dir='ltr'><strong>promovet,</strong></span> <span class='ocrx_word' id='word_1_467' title='bbox 959 2087 1024 2122; x_wconf 86' lang='lat' dir='ltr'><strong>qua</strong></span> <span class='ocrx_word' id='word_1_468' title='bbox 1041 2073 1105 2123; x_wconf 86' lang='lat' dir='ltr'><strong>ipse</strong></span> <span class='ocrx_word' id='word_1_469' title='bbox 1121 2076 1259 2123; x_wconf 79' lang='lat' dir='ltr'><strong>agitatur</strong></span> <span class='ocrx_word' id='word_1_470' title='bbox 1270 2103 1279 2116; x_wconf 91' lang='lat'>‚</span> <span class='ocrx_word' id='word_1_471' title='bbox 1300 2076 1368 2109; x_wconf 87' lang='lat' dir='ltr'><strong>imo</strong></span> <span class='ocrx_word' id='word_1_472' title='bbox 1384 2080 1417 2111; x_wconf 92' lang='lat'>&amp;</span> <span class='ocrx_word' id='word_1_473' title='bbox 1435 2074 1500 2122; x_wconf 87' lang='lat' dir='ltr'><strong>ipse</strong></span> <span class='ocrx_word' id='word_1_474' title='bbox 1517 2073 1536 2109; x_wconf 64' lang='lat' dir='ltr'><strong>xa</strong></span> <span class='ocrx_word' id='word_1_475' title='bbox 1552 2072 1632 2108; x_wconf 85' lang='lat' dir='ltr'><strong>velis</strong></span> <span class='ocrx_word' id='word_1_476' title='bbox 1649 2085 1718 2109; x_wconf 82' lang='lat' dir='ltr'><strong>non</strong></span> <span class='ocrx_word' id='word_1_477' title='bbox 1732 2083 1739 2093; x_wconf 75' lang='lat'><em>³</em></span> 
     </span>
     <span class='ocr_line' id='line_1_41' title="bbox 325 2123 1717 2172; baseline -0.002 -13"><span class='ocrx_word' id='word_1_478' title='bbox 325 2125 533 2160; x_wconf 84' lang='lat' dir='ltr'><strong>mediocriter</strong></span> <span class='ocrx_word' id='word_1_479' title='bbox 545 2126 734 2161; x_wconf 72' lang='lat' dir='ltr'><strong>retardatur.</strong></span> <span class='ocrx_word' id='word_1_480' title='bbox 753 2127 805 2160; x_wconf 86' lang='lat' dir='ltr'><strong>Sic</strong></span> <span class='ocrx_word' id='word_1_481' title='bbox 824 2124 879 2159; x_wconf 82' lang='lat' dir='ltr'><strong>ubi</strong></span> <span class='ocrx_word' id='word_1_482' title='bbox 896 2123 986 2159; x_wconf 83' lang='lat' dir='ltr'><strong>scobs</strong></span> <span class='ocrx_word' id='word_1_483' title='bbox 1006 2124 1112 2172; x_wconf 70' lang='lat' dir='ltr'><strong>lignea</strong></span> <span class='ocrx_word' id='word_1_484' title='bbox 1131 2125 1162 2157; x_wconf 84' lang='lat' dir='ltr'><strong>in</strong></span> <span class='ocrx_word' id='word_1_485' title='bbox 1181 2137 1299 2170; x_wconf 75' lang='lat' dir='ltr'><strong>aquam</strong></span> <span class='ocrx_word' id='word_1_486' title='bbox 1318 2123 1391 2159; x_wconf 79' lang='lat' dir='ltr'><strong>vase</strong></span> <span class='ocrx_word' id='word_1_487' title='bbox 1409 2134 1599 2158; x_wconf 81' lang='lat' dir='ltr'><strong>contentam</strong></span> <span class='ocrx_word' id='word_1_488' title='bbox 1612 2124 1717 2170; x_wconf 80' lang='lat' dir='ltr'><strong>conji-</strong></span> 
     </span>
     <span class='ocr_line' id='line_1_42' title="bbox 325 2170 1716 2222; baseline -0.002 -14"><span class='ocrx_word' id='word_1_489' title='bbox 325 2178 421 2217; x_wconf 81' lang='lat' dir='ltr'><strong>citur,</strong></span> <span class='ocrx_word' id='word_1_490' title='bbox 438 2185 521 2222; x_wconf 70' lang='lat' dir='ltr'><strong>aqua</strong></span> <span class='ocrx_word' id='word_1_491' title='bbox 534 2177 567 2209; x_wconf 84' lang='lat' dir='ltr'><strong>in</strong></span> <span class='ocrx_word' id='word_1_492' title='bbox 582 2174 697 2209; x_wconf 81' lang='lat' dir='ltr'><strong>orbern</strong></span> <span class='ocrx_word' id='word_1_493' title='bbox 713 2174 913 2217; x_wconf 76' lang='lat' dir='ltr'><strong>baculo,aut</strong></span> <span class='ocrx_word' id='word_1_494' title='bbox 924 2187 1021 2209; x_wconf 84' lang='lat' dir='ltr'><strong>manu</strong></span> <span class='ocrx_word' id='word_1_495' title='bbox 1033 2171 1154 2222; x_wconf 66' lang='lat' dir='ltr'><strong>agitata</strong></span> <span class='ocrx_word' id='word_1_496' title='bbox 1171 2203 1179 2217; x_wconf 83' lang='lat'>‚</span> <span class='ocrx_word' id='word_1_497' title='bbox 1192 2173 1297 2210; x_wconf 57' lang='lat' dir='ltr'><strong>vulvis</strong></span> <span class='ocrx_word' id='word_1_498' title='bbox 1315 2174 1378 2209; x_wconf 85' lang='lat' dir='ltr'><strong>hoc</strong></span> <span class='ocrx_word' id='word_1_499' title='bbox 1393 2174 1514 2208; x_wconf 64' lang='lat' dir='ltr'><strong>rudius</strong></span> <span class='ocrx_word' id='word_1_500' title='bbox 1532 2183 1629 2220; x_wconf 61' lang='lat' dir='ltr'><strong>gyros</strong></span> <span class='ocrx_word' id='word_1_501' title='bbox 1644 2170 1716 2206; x_wconf 87' lang='lat' dir='ltr'><strong>suos</strong></span> 
     </span>
     <span class='ocr_line' id='line_1_43' title="bbox 325 2219 1711 2272; baseline -0.002 -15"><span class='ocrx_word' id='word_1_502' title='bbox 325 2223 484 2268; x_wconf 77' lang='lat' dir='ltr'><strong>absolvit,</strong></span> <span class='ocrx_word' id='word_1_503' title='bbox 503 2237 569 2271; x_wconf 85' lang='lat' dir='ltr'><strong>quo</strong></span> <span class='ocrx_word' id='word_1_504' title='bbox 584 2224 688 2259; x_wconf 81' lang='lat' dir='ltr'><strong>fundo</strong></span> <span class='ocrx_word' id='word_1_505' title='bbox 701 2223 778 2259; x_wconf 78' lang='lat' dir='ltr'><strong>vasis</strong></span> <span class='ocrx_word' id='word_1_506' title='bbox 794 2225 837 2258; x_wconf 85' lang='lat' dir='ltr'><strong>est</strong></span> <span class='ocrx_word' id='word_1_507' title='bbox 850 2226 984 2272; x_wconf 81' lang='lat' dir='ltr'><strong>propior</strong></span> <span class='ocrx_word' id='word_1_508' title='bbox 997 2241 1006 2266; x_wconf 88' lang='lat'><strong>·,</strong></span> <span class='ocrx_word' id='word_1_509' title='bbox 1022 2237 1096 2258; x_wconf 80' lang='lat' dir='ltr'><strong>nam</strong></span> <span class='ocrx_word' id='word_1_510' title='bbox 1115 2222 1162 2257; x_wconf 81' lang='lat' dir='ltr'><strong>ibi</strong></span> <span class='ocrx_word' id='word_1_511' title='bbox 1176 2222 1347 2264; x_wconf 57' lang='lat' dir='ltr'><strong>asperitate</strong></span> <span class='ocrx_word' id='word_1_512' title='bbox 1361 2224 1501 2271; x_wconf 66' lang='lat' dir='ltr'><strong>partium</strong></span> <span class='ocrx_word' id='word_1_513' title='bbox 1513 2219 1593 2256; x_wconf 64' lang='lat' dir='ltr'><strong>vasis</strong></span> <span class='ocrx_word' id='word_1_514' title='bbox 1608 2231 1711 2254; x_wconf 86' lang='lat' dir='ltr'><strong>retar-</strong></span> 
     </span>
     <span class='ocr_line' id='line_1_44' title="bbox 326 2269 1714 2322; baseline 0.001 -16"><span class='ocrx_word' id='word_1_515' title='bbox 326 2273 428 2309; x_wconf 65' lang='lat' dir='ltr'><strong>datur.</strong></span> <span class='ocrx_word' id='word_1_516' title='bbox 441 2277 550 2309; x_wconf 81' lang='lat' dir='ltr'><strong>Partes</strong></span> <span class='ocrx_word' id='word_1_517' title='bbox 561 2275 694 2321; x_wconf 84' lang='lat' dir='ltr'><strong>quidem</strong></span> <span class='ocrx_word' id='word_1_518' title='bbox 704 2274 845 2322; x_wconf 78' lang='lat' dir='ltr'><strong>pulveris</strong></span> <span class='ocrx_word' id='word_1_519' title='bbox 857 2273 997 2308; x_wconf 75' lang='lat' dir='ltr'><strong>leviores</strong></span> <span class='ocrx_word' id='word_1_520' title='bbox 1008 2285 1099 2315; x_wconf 67' lang='lat' dir='ltr'><strong>acuite</strong></span> <span class='ocrx_word' id='word_1_521' title='bbox 1119 2272 1212 2321; x_wconf 76' lang='lat' dir='ltr'><strong>ipfius</strong></span> <span class='ocrx_word' id='word_1_522' title='bbox 1228 2274 1440 2308; x_wconf 65' lang='lat' dir='ltr'><strong>directionem</strong></span> <span class='ocrx_word' id='word_1_523' title='bbox 1465 2277 1499 2308; x_wconf 67' lang='grc' dir='ltr'><strong>δέ</strong></span> <span class='ocrx_word' id='word_1_524' title='bbox 1521 2281 1647 2305; x_wconf 83' lang='lat' dir='ltr'><strong>motum</strong></span> <span class='ocrx_word' id='word_1_525' title='bbox 1665 2269 1714 2304; x_wconf 77' lang='lat' dir='ltr'><strong>se-</strong></span> 
     </span>
     <span class='ocr_line' id='line_1_45' title="bbox 327 2317 1715 2371; baseline -0.001 -18"><span class='ocrx_word' id='word_1_526' title='bbox 327 2334 465 2367; x_wconf 70' lang='lat' dir='ltr'><strong>quimtnr</strong></span> <span class='ocrx_word' id='word_1_527' title='bbox 478 2353 486 2365; x_wconf 86' lang='lat'>,</span> <span class='ocrx_word' id='word_1_528' title='bbox 510 2337 610 2371; x_wconf 83' lang='lat' dir='ltr'><strong>atque</strong></span> <span class='ocrx_word' id='word_1_529' title='bbox 621 2323 711 2359; x_wconf 69' lang='lat' dir='ltr'><strong>eosd1²</strong></span> <span class='ocrx_word' id='word_1_530' title='bbox 719 2339 752 2359; x_wconf 89' lang='lat' dir='ltr'><strong>m</strong></span> <span class='ocrx_word' id='word_1_531' title='bbox 763 2325 831 2359; x_wconf 74' lang='lat' dir='ltr'><strong>fere</strong></span> <span class='ocrx_word' id='word_1_532' title='bbox 844 2323 980 2358; x_wconf 81' lang='lat' dir='ltr'><strong>circulos</strong></span> <span class='ocrx_word' id='word_1_533' title='bbox 990 2321 1173 2357; x_wconf 75' lang='lat' dir='ltr'><strong>describunt</strong></span> <span class='ocrx_word' id='word_1_534' title='bbox 1190 2336 1198 2356; x_wconf 90' lang='lat'><strong>·.</strong></span> <span class='ocrx_word' id='word_1_535' title='bbox 1217 2336 1287 2365; x_wconf 57' lang='grc' dir='ltr'><strong>(ωε</strong></span> <span class='ocrx_word' id='word_1_536' title='bbox 1297 2334 1404 2356; x_wconf 73' lang='lat' dir='ltr'><strong>autem</strong></span> <span class='ocrx_word' id='word_1_537' title='bbox 1416 2321 1551 2356; x_wconf 71' lang='lat' dir='ltr'><strong>fundum</strong></span> <span class='ocrx_word' id='word_1_538' title='bbox 1562 2317 1638 2353; x_wconf 76' lang='lat' dir='ltr'><strong>vafis</strong></span> <span class='ocrx_word' id='word_1_539' title='bbox 1650 2321 1715 2355; x_wconf 83' lang='lat' dir='ltr'><strong>im-</strong></span> 
     </span>
     <span class='ocr_line' id='line_1_46' title="bbox 328 2370 1714 2421; baseline -0.001 -17"><span class='ocrx_word' id='word_1_540' title='bbox 328 2371 450 2405; x_wconf 77' lang='lat' dir='ltr'><strong>mobile</strong></span> <span class='ocrx_word' id='word_1_541' title='bbox 461 2375 624 2420; x_wconf 68' lang='lat' dir='ltr'><strong>attingunt</strong></span> <span class='ocrx_word' id='word_1_542' title='bbox 636 2403 644 2416; x_wconf 84' lang='lat'>,</span> <span class='ocrx_word' id='word_1_543' title='bbox 659 2386 786 2409; x_wconf 86' lang='lat' dir='ltr'><strong>motum</strong></span> <span class='ocrx_word' id='word_1_544' title='bbox 796 2386 887 2421; x_wconf 81' lang='lat' dir='ltr'><strong>aquae</strong></span> <span class='ocrx_word' id='word_1_545' title='bbox 900 2386 968 2408; x_wconf 85' lang='lat' dir='ltr'><strong>non</strong></span> <span class='ocrx_word' id='word_1_546' title='bbox 979 2372 1150 2420; x_wconf 76' lang='lat' dir='ltr'><strong>sequuntur</strong></span> <span class='ocrx_word' id='word_1_547' title='bbox 1163 2402 1171 2415; x_wconf 83' lang='lat'>‚</span> <span class='ocrx_word' id='word_1_548' title='bbox 1185 2370 1235 2406; x_wconf 83' lang='lat' dir='ltr'><strong>sed</strong></span> <span class='ocrx_word' id='word_1_549' title='bbox 1253 2374 1285 2406; x_wconf 76' lang='lat' dir='ltr'><strong>{n</strong></span> <span class='ocrx_word' id='word_1_550' title='bbox 1305 2370 1391 2419; x_wconf 76' lang='lat' dir='ltr'><strong>spira:</strong></span> <span class='ocrx_word' id='word_1_551' title='bbox 1406 2370 1543 2405; x_wconf 83' lang='lat' dir='ltr'><strong>modum</strong></span> <span class='ocrx_word' id='word_1_552' title='bbox 1555 2380 1714 2403; x_wconf 82' lang='lat' dir='ltr'><strong>contortae</strong></span> 
     </span>
    </p>
   </div>
   <div class='ocr_carea' id='block_1_2' title="bbox 329 2417 1714 2516">
    <p class='ocr_par' dir='ltr' id='par_1_5' title="bbox 329 2417 1714 2516">
     <span class='ocr_line' id='line_1_47' title="bbox 329 2417 1714 2501; baseline -0.001 -48"><span class='ocrx_word' id='word_1_553' title='bbox 329 2420 458 2455; x_wconf 70' lang='lat' dir='ltr'><strong>tandem</strong></span> <span class='ocrx_word' id='word_1_554' title='bbox 477 2423 508 2456; x_wconf 84' lang='lat' dir='ltr'><strong>in</strong></span> <span class='ocrx_word' id='word_1_555' title='bbox 522 2435 668 2459; x_wconf 87' lang='lat' dir='ltr'><strong>centrum</strong></span> <span class='ocrx_word' id='word_1_556' title='bbox 683 2423 889 2473; x_wconf 80' lang='lat' dir='ltr'><strong>colliguntur.</strong></span> <span class='ocrx_word' id='word_1_557' title='bbox 902 2424 991 2460; x_wconf 88' lang='lat' dir='ltr'><strong>Idem</strong></span> <span class='ocrx_word' id='word_1_558' title='bbox 1005 2434 1135 2459; x_wconf 82' lang='lat' dir='ltr'><strong>cernere</strong></span> <span class='ocrx_word' id='word_1_559' title='bbox 1145 2422 1187 2458; x_wconf 87' lang='lat' dir='ltr'><strong>est</strong></span> <span class='ocrx_word' id='word_1_560' title='bbox 1214 2424 1249 2457; x_wconf 90' lang='lat' dir='ltr'><strong>in</strong></span> <span class='ocrx_word' id='word_1_561' title='bbox 1263 2423 1300 2457; x_wconf 83' lang='lat' dir='ltr'><strong>iis</strong></span> <span class='ocrx_word' id='word_1_562' title='bbox 1315 2422 1406 2458; x_wconf 80' lang='lat' dir='ltr'><strong>venti</strong></span> <span class='ocrx_word' id='word_1_563' title='bbox 1426 2417 1610 2501; x_wconf 56' lang='lat' dir='ltr'><strong>turbinibuls</strong></span> <span class='ocrx_word' id='word_1_564' title='bbox 1623 2447 1632 2459; x_wconf 90' lang='lat'>,</span> <span class='ocrx_word' id='word_1_565' title='bbox 1655 2419 1714 2463; x_wconf 88' lang='lat' dir='ltr'><strong>qui</strong></span> 
     </span>
     <span class='ocr_line' id='line_1_48' title="bbox 1544 2478 1714 2516; baseline 0 -14"><span class='ocrx_word' id='word_1_566' title='bbox 1544 2481 1587 2516; x_wconf 85' lang='lat' dir='ltr'><strong>pu</strong></span> <span class='ocrx_word' id='word_1_567' title='bbox 1601 2478 1714 2503; x_wconf 67' lang='lat' dir='ltr'><strong>verena</strong></span> 
     </span>
    </p>
   </div>
   <div class='ocr_carea' id='block_1_3' title="bbox 1828 0 1878 1311">
    <p class='ocr_par' dir='ltr' id='par_1_6' title="bbox 1828 0 1878 1311">
     <span class='ocr_line' id='line_1_49' title="bbox 1828 0 1878 1311; baseline 0 0"><span class='ocrx_word' id='word_1_568' title='bbox 1828 0 1878 1311; x_wconf 95' lang='lat' dir='ltr'><strong> </strong></span> 
     </span>
    </p>
   </div>
  </div>
 </body>
</html>
