1878 2724
405 136 467 174 504
999 116 1024 152 P
1041 116 1076 152 H
1095 117 1126 152 Y
1143 117 1164 152 S
1186 116 1202 152 Ῑ
1228 115 1260 152 C
1279 119 1318 153 AE
1850 159 1851 165 ἵ

406 182 493 222 gear.
504 168 715 212 Calidiot,ut
724 176 837 215 putat,
857 162 980 200 cerebri
991 175 1059 200 tem
1084 166 1280 214 eriesjudicii
1294 164 1480 201 firmitatem
1501 165 1646 210 evertit;
1672 163 1803 213 specie-‘3

393 228 466 256 rum
476 230 605 267 quoque
619 217 755 265 agitatio
768 220 822 258 ,&
833 212 918 262 quasi
927 213 1049 249 effetve
1064 214 1168 249 centia
1177 214 1420 249 inconstantiam
1437 242 1447 257 ‚
1463 213 1677 251 &levitatem
1696 215 1796 250 indu-
1850 214 1851 223 ¹

396 272 452 305 cit.
470 271 543 304 Nec
553 267 684 299 demum
701 275 818 311 magna
833 265 956 311 ingenii
968 261 1124 297 subtilitas
1136 292 1147 307 ‚
1163 268 1197 299 ὅ(
1208 262 1397 311 perspicacia
1421 275 1491 297 cum
1510 265 1616 298 tcnaci
1631 265 1799 301 memoria,

414 317 494 352 acile
508 315 674 348 convenit.
687 312 768 347 lllud
788 313 875 347 enim
898 311 1007 346 siccam
1020 339 1029 354 ‚
1048 311 1115 346 haec
1128 312 1294 347 humidam
1308 310 1431 346 cerebri
1451 312 1712 359 complexionem
1728 325 1804 360 po--·
1848 317 1852 326 '

399 364 501 400 stulat,
516 361 609 399 Nihil
621 373 728 397 autem
736 361 859 409 judicio
876 360 980 395 obstat
993 362 1091 409 magis
1107 360 1205 408 quam
1218 361 1333 396 humor
1351 359 1538 396 exuberans.
1561 362 1646 394 Hinc
1661 363 1786 408 pueris,

399 415 457 460 qui
474 413 577 447 nimio
588 410 722 446 humore
734 407 883 444 diffluunt
899 438 908 453 ‚
925 410 1191 453 felixmemoria,
1205 409 1361 457 judioium
1377 408 1694 455 nullutn-Siquidem
1709 410 1792 444 den-

400 461 493 497 fiores
508 472 547 494 va
573 472 666 494 orum
676 457 801 493 nebulae
819 462 937 493 mentis
948 458 1129 493 claritatem
1141 458 1329 493 obicurant:
1347 469 1382 492 ut
1392 456 1493 492 flante
1510 457 1612 492 austro
1624 458 1806 494 nonidem³
1851 467 1854 472 ’

402 510 449 545 est
460 473 609 544 sideribus
624 507 772 557 splendor
790 536 800 551 ‚
823 507 889 542 ac‘s
907 511 1011 542 irante
1025 507 1176 554 aquilone
1193 521 1200 541 :
1223 506 1278 541 llle
1291 506 1413 541 cor-lum
1425 505 1566 541 nubibus
1581 503 1727 550 obducit,
1741 507 1802 542 hie·
1852 544 1854 552 s

401 558 540 595 siccitate
551 556 601 592 sua
618 557 823 592 serenitatem
834 521 939 592 affgrt.
952 557 1051 592 Unde
1066 558 1173 592 ventri
1183 554 1284 591 obeso
1294 568 1365 591 cum
1376 555 1545 591 intellectu
1563 554 1648 591 male
1672 567 1803 592 conver-

402 609 473 650 nit3
488 618 547 642 nec
558 604 894 655 sanguinei-acutiores
913 604 973 640 esse
990 604 1116 641 solent..
1391 648 1394 653 β
1483 649 1488 653 ¹
1800 647 1804 651 .

440 655 541 703 Qod
555 653 575 689 si
586 667 664 704 ergo
671 657 721 689 vis
730 656 935 703 imaginatrix
943 655 1129 689 dominetur
1138 682 1148 697 ‚
1161 655 1215 690 vix
1229 651 1311 688 ullus
1327 652 1423 688 nobis
1436 652 1476 687 ad
1490 653 1720 688 reconditiores
1730 652 1795 688 dis.

403 706 557 753 ciplinas,
577 716 648 751 quae
668 703 833 739 intellectu
848 732 858 747 ,
881 710 914 740 ὃ(
929 703 1048 752 judicio
1066 705 1283 751 percipiuntur
1301 707 1320 746 (
1337 701 1514 751 cujusmodi
1527 702 1570 736 est
1581 702 1764 752 Theologia
1782 729 1810 747 ,A
1855 702 1856 718 ³

404 767 475 801 quae
487 755 579 789 via&
594 765 721 788 ratione
733 753 888 796 traditur)
912 753 1016 787 aditus
1031 751 1153 786 futurus
1177 752 1218 786 est
1234 767 1241 788 :
1258 750 1322 786 Sed
1338 751 1408 784 aliae
1425 751 1586 785 tentandae
1605 751 1674 786 sunt
1689 763 1806 797 artes,-

402 815 472 850 quae
483 803 582 850 magis
596 803 718 850 ingenii
729 801 892 835 celeritate
912 801 1062 837 constant.
1076 801 1239 848 roitca
1257 812 1315 835 nos
1337 800 1375 833 ad
1388 800 1609 846 eloquentiam
1621 828 1631 843 ,
1646 812 1700 835 aut
1715 803 1796 849 po'e'.

407 853 505 886 ticam
516 862 591 894 ‚aut
602 850 847 886 mathematicas
862 847 1006 885 scientias
1017 862 1076 892 ‚rut
1094 851 1174 884 varii
1189 861 1281 884 erunt
1295 847 1408 882 caloris
1426 848 1539 897 gradus
1552 877 1562 892 ,
1577 848 1796 886 conferemus.

404 901 468 936 Ars
480 901 601 947 quippe
615 898 678 947 ipsa
689 899 815 933 dicendi
828 899 1072 946 imaginatione,
1084 902 1118 934 ὃ(
1129 896 1492 944 memoria-potissimum
1506 899 1690 932 continetur
1701 910 1808 935 uiam.

405 950 566 991 invenire,
581 949 762 982 orationem
776 945 912 981 artificio
924 946 1064 993 quodam
1078 975 1087 988 ‚
1103 952 1136 982 δε
1148 946 1347 994 expolitione
1361 946 1561 993 distinguere3
1575 947 1721 990 movere,
1736 947 1796 982 de-

405 997 548 1039 lestare,
561 1008 655 1044 agere
674 1008 747 1030 cum
762 996 920 1043 dignitate
946 1000 979 1031 δε
1008 996 1193 1038 venustate,
1215 1006 1311 1041 atque
1334 994 1393 1028 alia
1412 998 1480 1041 ejus
1501 997 1627 1041 generis
1642 994 1769 1031 infinita
1782 1025 1808 1039 ,v

405 1046 496 1094 ipsius
509 1042 819 1092 imaginatticisfiint
833 1055 931 1091 opera
942 1057 950 1078 :
961 1055 998 1076 ac
1006 1041 1063 1077 nisi
1071 1045 1141 1089 quis
1159 1045 1323 1091 ingenium
1338 1041 1485 1090 praesenS,
1495 1048 1527 1078 &
1538 1042 1625 1089 quasi
1638 1045 1795 1080 innume-

406 1106 476 1129 rato
493 1093 614 1129 habeat
632 1121 642 1136 ,
659 1105 724 1128 non
736 1094 857 1139 poterit
869 1104 906 1126 ex
918 1103 1064 1139 tempore
1077 1091 1183 1126 dicere
1196 1120 1206 1135 ,
1227 1091 1372 1126 altercari
1384 1119 1393 1134 ‚
1403 1089 1568 1134 lacessere,
1582 1103 1686 1140 neque
1700 1095 1725 1127 is
1732 1105 1797 1134 un-

406 1155 504 1190 quam
522 1140 811 1177 Oratorislaudem
825 1138 1050 1187 consequetur.
1070 1142 1151 1175 Haec
1164 1140 1235 1176 sane
1255 1141 1355 1175 animi
1371 1139 1548 1175 mobilitas·
1563 1140 1703 1176 calorem
1721 1170 1732 1186 ‚
1761 1147 1809 1180 &.

408 1191 553 1240 spiritum
575 1189 797 1238 postulattac
808 1187 930 1224 necesse
952 1189 993 1223 est
1017 1199 1054 1224 ut
1065 1201 1172 1225 rerum
1184 1191 1352 1238 imagines,
1369 1200 1445 1236 quae.
1455 1187 1591 1223 cerebro
1604 1191 1796 1238 imprimun-

409 1251 460 1275 tur
472 1267 483 1283 ‚
503 1238 617 1273 caloris
632 1241 665 1273 vi
677 1235 922 1286 quodammodo
935 1235 1092 1273 ebulliant
1105 1266 1116 1280 ‚
1133 1241 1257 1274 animus
1272 1238 1350 1285 quid
1361 1238 1533 1272 dicendum
1550 1235 1601 1282 sit,
1622 1240 1727 1274 statim·
1743 1252 1797 1275 te-

408 1290 513 1337 petiat
524 1299 650 1334 ,atque
661 1289 790 1322 inventa
809 1298 847 1320 ex
868 1285 981 1321 ordine
993 1284 1149 1334 disponat.
1169 1287 1269 1335 Qod
1283 1285 1304 1321 fi
1317 1288 1471 1334 imagines
1481 1284 1542 1320 illae
1559 1289 1717 1322 continuo
1732 1291 1810 1323 im..-

409 1349 489 1385 petu
503 1350 567 1371 non
580 1337 741 1378 ferantur,
754 1347 791 1369 ac
803 1334 926 1383 semper
943 1335 1081 1370 nostram
1096 1348 1213 1370 vocem
1229 1336 1369 1370 formata
1394 1340 1427 1372 &
1442 1335 1525 1370 ante·
1536 1337 1658 1382 provisa
1672 1339 1798 1386 cogita-

410 1388 458 1422 tio
484 1387 621 1433 excipiat
637 1413 647 1429 ,
667 1383 723 1432 qui
745 1383 812 1418 fieri
842 1385 983 1432 poterit,
1002 1395 1037 1418 ut
1060 1384 1135 1419 dum
1155 1386 1299 1432 proxima
1329 1385 1461 1419 dicimus
1481 1413 1492 1428 ,
1510 1383 1661 1420 ulteriora
1678 1386 1796 1421 statua-

408 1444 498 1471 mus?
520 1435 609 1469 Hinc
629 1447 694 1469 non
705 1435 844 1481 imperiti
864 1430 987 1476 modo,
1011 1430 1062 1467 sed
1087 1435 1186 1468 etiarn
1214 1432 1354 1480 quisunt
1368 1433 1521 1468 tardiores
1545 1446 1581 1468 ac
1601 1433 1808 1482 frigidiores‚·.

407 1496 480 1518 cum
504 1484 571 1527 ira,
594 1495 648 1517 aut
668 1493 805 1531 pacato,
825 1487 858 1518 ὅ(
880 1480 1053 1528 tranquillo
1070 1481 1141 1516 sunt
1156 1484 1267 1518 animo
1280 1510 1288 1525 ,
1321 1493 1473 1530 magnam
1498 1480 1577 1529 saepe
1600 1482 1740 1519 habent>
1755 1496 1809 1519 ex-

408 1543 558 1580 tempore
572 1532 700 1566 dicendi
717 1530 918 1566 facultatem.
935 1529 999 1565 Sed
1017 1530 1071 1565 ubi
1088 1533 1132 1565 ira
1150 1531 1404 1574 excandescunt,
1421 1531 1558 1574 tardior,
1572 1537 1604 1568 &
1617 1533 1796 1580 praepedita

408 1582 632 1629 pronuntiatio
646 1578 842 1627 subsequitur
860 1594 876 1615 :v
886 1592 962 1614 narn
974 1581 1022 1614 vis
1036 1581 1236 1628 imaginatrix
1251 1582 1386 1616 nimium
1406 1578 1614 1615 effervescens
1627 1609 1637 1625 ,
1651 1594 1727 1617 non·
1737 1579 1810 1618 fibi·

408 1642 470 1664 con
476 1630 534 1664 stat
546 1644 553 1665 :
569 1628 620 1664 sed
635 1628 883 1663 tumultuarium
893 1633 926 1665 ὅ(
937 1628 1108 1663 fortuitum
1119 1629 1299 1664 sermonem
1308 1629 1392 1663 male
1404 1630 1575 1665 contexit.-

446 1680 500 1712 Sic
518 1679 661 1714 videmus
678 1690 753 1721 eos,
772 1680 829 1724 qni
849 1677 1078 1725 magisjudicio
1089 1677 1217 1720 valent,
1234 1680 1357 1725 quique
1377 1679 1438 1712 toti
1447 1679 1485 1712 -in
1505 1677 1682 1726 disciplinas
1696 1677 1794 1714 subli-

411 1729 529 1762 miores
544 1726 735 1762 incumbunt
751 1754 760 1768 ‚
780 1727 934 1760 tardiores
943 1726 982 1760 ad
993 1726 1163 1762 dicendum
1178 1727 1316 1763 existere.
1327 1726 1488 1774 Frigidius
1504 1728 1592 1761 enim
1604 1755 1614 1770 ,
1627 1738 1661 1761 ut
1669 1727 1794 1763 dietum

410 1775 455 1810 est
468 1804 477 1818 ‚
492 1774 596 1810 sortiti
617 1775 687 1810 sunt
707 1786 998 1823 temperamentum
1014 1803 1023 1817 ,
1044 1776 1130 1822 quod
1156 1776 1597 1823 imaginationis-impetum,
1625 1780 1657 1813 &
1682 1775 1794 1824 linguae

409 1823 503 1871 ipsius
521 1824 651 1859 inhibet
668 1822 900 1858 mobilitatem.
921 1825 1019 1858 Vocis
1036 1826 1132 1858 etiam
1147 1836 1264 1872 organa
1278 1824 1384 1858 calore
1398 1821 1547 1866 dilataris,
1571 1830 1605 1861 &
1622 1824 1792 1860 moderato

412 1873 546 1907 humore
556 1872 646 1907 leniri
657 1883 806 1919 oportet,
820 1871 888 1918 quo
899 1884 964 1905 vox
976 1871 1038 1918 ipsa
1052 1871 1086 1906 sit
1097 1871 1360 1908 liberalis.Unde
1375 1873 1407 1905 in
1425 1870 1552 1905 senibus
1565 1885 1629 1907 vox
1643 1871 1794 1908 imbecil-

410 1920 442 1955 la
456 1936 464 1962 ς
479 1925 512 1956 ὅ(
525 1919 596 1955 raro
610 1919 773 1954 summisin
789 1919 994 1967 Philosophia
1003 1947 1012 1962 ‚
1026 1931 1078 1954 aut
1091 1919 1271 1968 Theologia
1281 1922 1376 1963 viris,
1395 1921 1452 1965 qui
1463 1917 1624 1968 frigidam,
1637 1919 1794 1958 &tficcam

410 1970 497 2004 nafiri
512 1967 580 2003 sunt
590 1971 800 2015 temperiem,
812 1981 874 2002 vox
891 1967 991 2002 suavis
1002 1971 1170 2017 contingit.
1191 1969 1316 2003 Contra
1338 1965 1445 2003 musici
1459 1967 1647 2017 plerumque
1664 1998 1673 2013 ,
1694 1972 1794 2019 &qui

410 2017 563 2052 calidiore
578 2016 647 2051 sunt
659 2028 917 2063 temperamento
927 2045 936 2059 ,
946 2018 1176 2065 imaginatione
1186 2016 1332 2067 pollent,
1342 2019 1432 2066 iique
1445 2028 1561 2053 vocem
1576 2018 1721 2063 facilem,
1730 2032 1792 2056 ex-

410 2066 574 2114 planatam
586 2095 595 2110 ‚
618 2065 802 2101 flexibilem
819 2064 888 2100 sunt
904 2064 1076 2102 consecuti.

446 2116 494 2149 Ac
504 2126 590 2149 certe
606 2116 800 2161 tripartitam
812 2114 899 2148 illam
918 2113 1060 2149 sensuum
1078 2117 1270 2152 interiorum
1278 2116 1465 2152 divisionem
1484 2130 1551 2153 non
1568 2118 1703 2151 omnino
1716 2119 1792 2165 reji-

410 2165 473 2199 cio.
495 2162 586 2197 Aliud
603 2163 646 2197 est
665 2165 751 2198 enirn
763 2166 995 2211 imaginatione
1013 2163 1136 2209 aliquid
1153 2164 1304 2214 effingere
1320 2184 1328 2210 3
1352 2166 1433 2200 aliud
1453 2166 1493 2201 de
1511 2165 1603 2201 rebus
1621 2165 1790 2213 judicare;

411 2211 496 2246 aliud
516 2211 653 2258 denique
667 2214 819 2255 inventa,
838 2213 1015 2259 &judicata
1036 2217 1202 2248 memoriae
1219 2215 1446 2249 commendare
1463 2229 1471 2249 :
1498 2227 1558 2250 nec
1583 2214 1716 2249 dubium
1746 2215 1806 2253 est,

411 2262 490 2306 quin
504 2259 648 2308 plerique
661 2262 892 2307 imaginatione
903 2260 1048 2308 polleant
1063 2291 1072 2305 ‚
1089 2264 1144 2309 qui
1162 2263 1282 2310 judicio
1301 2269 1333 2299 &
1352 2266 1507 2297 memoria
1522 2264 1589 2298 fere
1609 2263 1788 2298 destituun-

413 2319 471 2344 tur.
484 2311 602 2356 Neque
618 2321 725 2344 tamen
741 2309 816 2344 licet
827 2309 1013 2344 concludere
1025 2309 1079 2345 has
1093 2314 1173 2346 vires
1187 2311 1237 2346 vel
1247 2314 1330 2347 inter
1348 2311 1376 2345 se
1388 2343 1397 2354 ,
1413 2312 1461 2344 vel
1472 2312 1512 2346 ab
1525 2312 1586 2360 ipsa
1602 2315 1789 2353 animamon

411 2359 610 2404 cogitatione
625 2370 748 2397 tantum
756 2387 766 2405 ,
778 2356 952 2396 sed-natura
964 2386 976 2405 ,
988 2364 1022 2396 δι
1035 2359 1135 2409 reipsa
1144 2361 1313 2411 distingui..
1323 2362 1411 2400 Nam
1431 2360 1451 2397 si
1468 2360 1594 2398 diversis
1607 2360 1788 2444 functiokpi-

1749 2419 1784 2445 US
