1878 2724
380 126 455 198 4ige
473 155 762 198 intermittendum
772 151 914 192 febrium
930 166 1042 190 natura
1055 165 1093 190 ut
1110 150 1313 205 Philosophia
1335 149 1433 203 paulo
1442 150 1571 189 uberius
1583 146 1759 192 dicendum

356 212 454 248 nobis
472 209 547 247 effer
562 237 573 254 ‚
588 208 607 244 fi
624 208 666 242 de
681 208 718 242 iis
729 204 852 253 aliquid
862 206 942 241 certi
959 203 1056 240 nobis
1074 202 1224 252 liqueret.
1248 202 1312 237 Sed
1324 215 1398 238 cum
1412 215 1480 238 non
1498 205 1604 239 minus
1616 202 1759 240 abstrusae

355 261 423 304 flur,
436 272 533 307 quam
554 258 642 294 aestus
657 256 754 291 maris
766 255 968 302 reciprocus,
979 255 1073 289 citius
1083 264 1193 289 earum
1202 250 1326 287 causam
1338 251 1495 287 sustuleris
1513 280 1524 296 ,
1537 264 1637 299 quam
1660 264 1758 291 natu-

355 323 423 344 ram
435 307 634 357 perspet‘AEam
648 303 770 341 habeas
783 308 816 341 &
828 305 1002 353 cognitam.
1031 305 1114 350 Qae
1131 313 1241 337 tamen
1257 301 1277 338 a
1303 302 1452 338 Dostore
1465 301 1572 351 Anglo
1582 329 1592 344 ,
1608 313 1646 337 ut
1661 301 1759 337 nobis

356 358 490 406 quidem
504 358 652 400 videtur,
669 359 704 392 &
719 353 819 389 docto
835 357 869 391 ὃ(
880 363 1019 402 experto
1037 379 1047 396 ,
1064 352 1178 400 scripta
1196 350 1285 395 sunt,
1300 354 1408 401 paucis
1422 352 1691 400 complectemur.
1710 354 1760 387 Eae

355 407 490 456 quidem
506 405 616 442 febres
629 410 650 442 a
662 405 825 439 continuis
842 403 884 438 de
901 402 1022 451 quibus
1039 401 1165 437 dietum
1183 401 1251 444 est,
1268 401 1330 436 hoc
1346 399 1501 436 differunt
1517 401 1628 448 :quod
1645 411 1760 436 natura

355 458 388 492 in
409 454 503 491 febre
519 456 673 492 continua
689 465 755 488 uno
767 457 802 489 &
827 452 945 488 eodem
963 463 1078 488 tenore
1097 450 1345 500 depurationem
1365 447 1520 499 sanguinis
1536 455 1570 488 ε(
1591 451 1761 486 noxiarum

355 504 586 555 particularum
611 501 829 552 expulsionem
849 501 1052 552 aggrediatur
1074 516 1083 544 ς
1108 501 1143 536 in
1159 499 1253 535 febre
1274 501 1514 535 intermittente
1532 498 1624 534 velut
1637 500 1762 548 partitis

356 553 483 590 vicibus
504 555 635 590 noxiam
650 558 683 590 &
699 550 852 587 febrilem
869 553 1038 586 materiam
1053 550 1212 585 eliminet.
1251 551 1287 585 ln
1309 551 1465 584 continua
1483 547 1577 584 febre
1594 546 1710 584 alienis
1729 553 1765 586 δι’.

356 605 462 640 noxiis
484 601 680 653 corpusculis
697 611 808 650 turget
825 598 921 636 malfa
938 598 1096 649 sanguinis
1108 628 1119 643 ,
1134 600 1166 635 in
1187 597 1282 634 febre
1301 600 1540 634 intermittente
1562 596 1688 647 singulis
1701 609 1761 647 pa-

358 652 516 701 roxysmis
529 652 748 701 quodcunque
763 651 805 685 ad
829 649 1043 685 secretionem
1059 660 1208 697 paratum
1226 647 1272 683 est
1284 676 1295 693 ,
1317 650 1533 697 expungitur:
1553 645 1605 682 sed
1626 648 1760 683 interim

356 713 492 737 manent
503 701 611 737 morbi
628 700 718 736 velut
730 698 864 743 semina,
873 711 944 747 quae
957 698 1080 734 fru6his
1095 697 1165 733 suos
1177 698 1263 733 statis
1281 696 1483 746 temporibus
1496 698 1694 737 emittunt.-

397 752 434 786 In
451 750 560 786 morbi
577 751 674 786 initio
686 748 819 784 horrore
832 748 976 796 quodam
990 776 1000 792 ,
1013 759 1067 783 aut
1082 747 1203 796 frigore
1215 758 1323 783 totum
1339 758 1454 795 corpus
1471 747 1653 782 concutitur
1670 761 1680 790 3
1697 742 1762 781 five

358 802 384 834 is
399 800 513 836 horror
525 812 564 835 ex
579 797 782 834 aversatione
800 798 941 846 quadam
963 808 1085 832 naturae
1104 799 1254 840 irritatae,
1276 808 1311 831 ut
1328 795 1523 844 plerumque
1541 797 1657 832 evenit
1685 806 1762 831 cum

358 851 528 898 purgantia
539 849 758 883 medicamina
769 847 922 882 sumimus
937 863 946 890 3
958 845 1021 881 five
1031 859 1066 881 ut
1076 846 1157 881 mihi
1173 845 1210 881 fit
1220 844 1403 881 verosimile
1413 873 1424 888 ,
1443 856 1550 893 partes
1567 841 1710 881 nervosae
1727 848 1763 881 δε

361 896 592 933 membranosae
602 897 779 931 acrimonia
795 894 1021 943 particularum
1039 894 1207 930 febrilium
1226 896 1355 929 irritatae
1380 893 1468 928 hunc
1484 893 1652 928 horrorem
1671 895 1763 928 incu-

360 949 442 982 tiant
455 974 465 990 ‚
490 958 526 981 ut
538 948 571 981 iu
582 943 767 981 mulieribus
781 943 948 992 hystericis
959 942 1152 992 plerumque
1163 944 1336 991 contingit.
1370 941 1582 992 chnque
1607 939 1643 976 fit
1668 941 1762 990 hujus

360 995 501 1031 horroris
511 1005 566 1029 aut
576 993 706 1042 frigoris
715 993 804 1027 causa
818 1008 828 1035 ·‚
839 993 871 1026 id
879 1002 1001 1026 certum
1011 992 1054 1027 est
1063 1021 1072 1036 ,
1086 994 1143 1039 qui
1154 1003 1194 1027 ex
1211 990 1299 1026 febri
1312 994 1552 1026 intermittente
1562 992 1761 1035 moriuntur,

362 1055 419 1079 eos
431 1055 515 1092 pene
526 1054 643 1078 omnes
652 1044 685 1077 in
697 1040 765 1090 ipso
779 1041 914 1076 horrore
933 1041 1078 1076 interire.

404 1094 588 1128 Horrorem
604 1092 724 1138 excipit
741 1089 1000 1134 effervestentia‚
1022 1102 1087 1138 qua
1096 1087 1221 1124 febrilis
1235 1088 1377 1123 materiae
1388 1098 1495 1137 partes
1507 1097 1584 1122 ante
1595 1087 1762 1136 disiunctae

360 1147 395 1180 &
409 1154 484 1177 cum
501 1140 654 1191 sanguine
668 1138 809 1175 confusae
822 1138 977 1188 paulatim
988 1142 1154 1181 co'e'unt‚&
1164 1138 1205 1173 ad
1216 1136 1431 1172 secretionem
1446 1135 1656 1185 disponuntur
1668 1150 1676 1172 ε
1688 1149 1762 1185 quae

361 1191 581 1239 utplurimum
597 1189 654 1225 sub
675 1188 858 1238 paroxysmi
879 1187 980 1224 finem
1000 1200 1056 1237 per
1081 1187 1209 1223 sudores
1222 1185 1377 1222 efficitur:
1397 1198 1463 1222 tum
1486 1188 1575 1222 enim
1592 1185 1713 1235 sanguis
1725 1198 1762 1222 ut

361 1240 416 1275 alii
434 1239 503 1275 fere
520 1239 661 1288 liquores
672 1241 843 1274 materiam
855 1236 1019 1273 subactam
1033 1265 1043 1281 ,
1057 1249 1093 1272 ur
1104 1236 1248 1285 spumam
1261 1235 1429 1279 inutilem,
1446 1247 1502 1270 aut
1512 1246 1665 1270 tartareas
1676 1235 1762 1271 feces

363 1289 521 1325 eliminat.
548 1291 667 1337 Neque
688 1287 869 1324 abhorrent
885 1285 906 1322 ἓν.
924 1286 1089 1322 verisimili
1110 1285 1230 1321 Borelli
1244 1285 1284 1320 de
1306 1282 1450 1320 febrium
1473 1286 1763 1321 intermittentium

361 1337 456 1374 caulis
467 1340 728 1386 conjecturaeAEas
742 1335 941 1387 potissimum
955 1338 987 1371 in
996 1335 1155 1385 glandulis
1166 1337 1267 1382 quaeri
1277 1337 1483 1383 oportere.1n
1498 1334 1547 1369 his
1559 1336 1647 1369 enim
1658 1334 1765 1383 plures

362 1386 490 1424 nervuli
503 1386 691 1436 sparguntur
703 1416 712 1429 ,
734 1392 767 1423 &
782 1385 854 1421 vasa
871 1387 977 1421 omnis
990 1387 1124 1435 generis.
1151 1386 1226 1419 Fors
1237 1384 1280 1418 est
1291 1396 1326 1418 ut
1335 1383 1467 1430 quidam
1487 1382 1594 1418 succus
1615 1382 1636 1419 ὲ
1653 1385 1762 1419 nervis

364 1439 397 1472 in
414 1436 582 1486 glandulas
598 1436 638 1471 ad
656 1433 779 1485 insigne
791 1435 927 1483 aliquod
937 1447 1017 1482 opus
1028 1433 1262 1483 perficiendum
1276 1433 1470 1469 traducatur.
1485 1433 1534 1467 Ac
1545 1431 1680 1468 subinde
1691 1431 1764 1468 fieri

364 1486 472 1536 potest
482 1497 515 1520 ut
524 1483 654 1520 occlusis
662 1484 888 1534 glandularum
899 1482 1179 1528 meatibus‚succus
1189 1482 1245 1517 ille
1260 1484 1291 1517 in
1302 1483 1410 1517 nervis
1421 1483 1475 1517 diu
1484 1480 1624 1516 servatus
1633 1484 1665 1516 in
1674 1493 1764 1517 natu·

364 1549 434 1571 ram
445 1534 578 1570 animali
587 1534 727 1570 alienam
744 1534 923 1583 degeneret
939 1550 948 1577 3
963 1534 1116 1582 autpravi
1126 1531 1209 1568 succi
1219 1533 1252 1567 in
1288 1530 1426 1566 landulis
1437 1531 1644 1574 collesti,aut
1661 1530 1765 1566 aliun-

365 1586 408 1619 de
424 1585 554 1619 advecti
566 1613 576 1627 ,
592 1589 628 1621 &
640 1586 729 1620 noxii
747 1587 781 1619 in
798 1595 916 1620 nervos
926 1583 1127 1632 pervadant,
1145 1587 1180 1619 &
1191 1544 1362 1616 cerebrum
1378 1576 1535 1616 afficiant.
1553 1579 1707 1628 Cumque
1724 1579 1763 1614 il-

365 1633 395 1669 la
409 1632 586 1668 obstructio
598 1632 707 1668 sensim
725 1633 781 1669 fiat
792 1662 803 1677 ,
823 1632 1029 1681 paroxysmus
1057 1644 1114 1681 per
1125 1632 1238 1681 gradus
1255 1629 1439 1665 intenditur.
1470 1632 1586 1665 Serum
1603 1628 1763 1678 sanguinis

365 1683 523 1731 stipticam
543 1681 622 1730 saepe
633 1682 708 1717 hinc
719 1694 868 1718 naturam
877 1683 1017 1729 acquirit
1032 1695 1039 1717 :
1053 1681 1138 1716 unde
1160 1685 1193 1717 &
1212 1682 1299 1729 rigor
1316 1680 1418 1714 oritur
1433 1707 1443 1722 ‚
1464 1684 1498 1716 &
1517 1677 1619 1728 pulsus
1633 1689 1764 1713 contra-

367 1732 447 1769 etus.
458 1734 640 1779 Utcunque
655 1744 692 1766 ea
712 1744 762 1766 res
779 1730 834 1776 sit,
853 1730 1092 1766 obstructioues
1112 1728 1259 1765 vasorum
1276 1734 1309 1765 &
1324 1727 1402 1762 sales
1416 1729 1507 1763 noxii
1522 1757 1531 1772 ‚
1549 1729 1604 1776 qui
1625 1726 1765 1776 plerum-

366 1793 432 1829 que
445 1783 526 1816 iniis
538 1779 662 1816 morbis
680 1781 908 1824 dominantur,
927 1780 1071 1828 expediri
1089 1778 1191 1814 solent
1208 1789 1263 1813 aut
1280 1779 1454 1825 temperari
1472 1775 1548 1811 cibo
1565 1782 1598 1814 &
1614 1787 1696 1824 potu
1711 1787 1763 1811 te.

367 1834 471 1867 nui&
484 1827 615 1876 aquoso.
629 1831 694 1864 Vix
712 1828 789 1864 sales
805 1829 941 1877 separari
954 1826 1082 1876 polsunt
1096 1827 1137 1862 ab
1158 1826 1348 1863 humoribus
1361 1854 1370 1869 ‚
1389 1825 1444 1860 nisi
1458 1826 1561 1860 dulcia
1582 1823 1763 1859 adhibean-

369 1890 419 1913 tur
428 1879 584 1913 menstrua
595 1889 606 1920 ,*
621 1889 677 1912 aut
693 1877 807 1912 salibus
825 1876 978 1924 oppositis
993 1877 1187 1910 edomentur
1205 1890 1213 1910 :
1234 1888 1274 1909 eo
1289 1874 1357 1908 fere
1371 1874 1470 1908 modo
1488 1886 1556 1920 quo
1565 1884 1694 1907 acetum
1717 1873 1766 1907 di-

369 1927 524 1962 stillatum
534 1924 672 1973 plumbo
681 1925 816 1960 affusum
831 1924 994 1961 dulcescit.
1013 1926 1064 1959 Sic
1076 1923 1179 1973 pulvis
1195 1934 1379 1959 cancrorum
1391 1951 1402 1967 ,
1417 1933 1472 1957 aut
1482 1934 1584 1957 cornu
1595 1923 1684 1958 cervi
1695 1923 1764 1956 aci-

370 1977 507 2010 ditarem
528 1974 698 2009 humorum
714 1974 841 2009 tollunt·
1543 1966 1556 1978 ⁶

402 2028 437 2060 in
454 2022 661 2059 cadaveribus
676 2036 716 2058 ex
729 2021 875 2058 febribus
886 2033 956 2058 turn
973 2023 1136 2057 continuis
1147 2049 1156 2064 ,
1182 2031 1250 2055 tum
1261 2018 1550 2056 intermittentibus
1560 2020 1696 2054 mortuis
1708 2020 1762 2054 vix

368 2074 477 2110 ullain
490 2073 640 2120 sanguine
655 2075 794 2108 mutatio
802 2072 918 2106 accidit
930 2089 940 2116 ·,
951 2073 1054 2117 inquit
1067 2072 1166 2106 Autor
1182 2069 1392 2113 laudatu5,sed
1413 2068 1570 2119 glandulae
1583 2079 1666 2117 pene
1684 2066 1766 2103 sem-

372 2137 429 2173 per
441 2123 526 2158 clurae
545 2121 616 2156 sunt
629 2150 639 2165 ,
653 2133 709 2157 aut
728 2119 886 2157 schirrosae
899 2149 909 2163 ,
923 2134 979 2156 aut
990 2119 1082 2155 flavae
1093 2149 1102 2163 ‚
1112 2131 1168 2154 aut
1190 2119 1318 2163 lividae3
1333 2119 1429 2165 idque
1445 2117 1612 2166 ptaesertim
1632 2119 1666 2151 in
1689 2128 1762 2153 me.

372 2173 522 2209 senterio.
535 2169 632 2206 Laesio
646 2169 757 2205 tabida
767 2175 799 2207 &
813 2168 969 2218 pustulosa
988 2172 1095 2218 potius
1114 2169 1156 2203 est
1168 2168 1303 2204 effeetus
1319 2167 1419 2203 febris
1435 2195 1443 2211 ,
1460 2167 1560 2214 quam
1575 2165 1672 2201 causa.
1682 2179 1704 2201 ο

413 2221 528 2256 febres
546 2231 655 2255 autem
669 2221 920 2255 intermittentes
935 2218 986 2253 seu
996 2218 1125 2253 alternis
1140 2217 1255 2252 diebus
1265 2247 1274 2261 ‚
1298 2216 1349 2252 seu
1362 2218 1458 2252 tertio
1472 2228 1605 2263 quoque
1620 2216 1693 2258 die,
1709 2225 1764 2249 aut

372 2273 472 2308 etiam
482 2270 631 2318 quotidie
649 2280 814 2304 recurrant
825 2296 833 2310 ,
850 2267 985 2316 duplicis
1002 2265 1199 2315 potissimum
1211 2266 1279 2302 sunt
1287 2267 1422 2316 generis.
1440 2264 1515 2300 Aliae
1528 2264 1596 2299 suut
1606 2262 1762 2306 vernales,

373 2317 443 2355 aliae
455 2318 664 2355 autumnales,
675 2318 742 2353 lllae
756 2318 947 2365 plerumque
965 2319 1029 2363 jam
1041 2316 1061 2352 ἔι
1077 2315 1184 2352 mense
1199 2315 1372 2351 Februario
1387 2344 1397 2358 ,
1419 2320 1451 2351 &
1474 2313 1646 2360 aliquando
1665 2310 1763 2346 citius

373 2371 531 2418 incipiunt
547 2367 615 2403 :hae
626 2377 735 2404 autem
748 2367 886 2417 Augusto
897 2395 907 2410 ,
921 2371 955 2404 δε
974 2367 1137 2402 interdum
1151 2365 1244 2414 Julio
1266 2364 1375 2401 mense
1389 2363 1492 2400 solent
1509 2362 1671 2398 invadere.
1697 2361 1762 2396 111ae
