1878 2724
131 213 405 262 Pleriqueaufern
418 213 499 249 cutis
508 212 641 250 affeetus
651 226 690 249 ex
698 212 857 263 glandulis
874 243 885 258 ‚
904 224 960 248 aut
982 208 1058 248 vasis
1077 222 1185 248 earum
1207 216 1391 250 excretotiis
1411 180 1457 251 ’τ’
1471 181 1491 249 ⁵.

92 263 201 301 &eunt
212 277 221 300 z
233 274 269 299 ut
276 261 379 298 rubrae
397 261 531 298 maculae
542 275 621 309 quas
631 262 798 311 ephelides
812 273 933 297 vocant
947 290 956 305 ‚
978 272 1114 309 quaeque
1127 272 1197 296 tum
1215 261 1335 298 faciem
1354 276 1410 299 aut
1459 278 1491 300 a-

94 323 160 351 tius
173 311 341 354 inficiunt,
367 324 440 346 cum
454 310 511 346 soli
524 309 593 346 sunt
607 310 766 360 expositae.
780 313 868 347 Tum
884 314 972 346 enirn
990 321 1094 358 partes
1107 308 1309 348 biliosae-una
1329 325 1400 353 cum
1420 313 1490 350 sero

93 359 143 399 ab
154 362 279 395 arteriis
292 362 325 395 in
335 358 503 408 glandulas
513 360 640 408 perlatae
651 387 661 402 ‚
672 365 706 397 &
721 359 825 394 seroso
838 360 972 395 humore
984 358 1140 393 destituta:
1158 360 1191 394 in
1210 370 1283 395 cute
1301 373 1491 398 remanent:

92 419 137 449 ait
154 408 230 444 satis
243 407 461 456 probabiliter:
475 407 784 458 explicathillifius
807 423 816 446 :
833 409 920 456 quod
932 406 1090 455 ejusmodi
1100 408 1229 442 maculae
1247 410 1280 444 in
1299 412 1337 443 iis
1353 410 1410 445 lint
1428 411 1493 446 fre.

91 459 286 505 quentiores
298 486 308 500 ‚
325 469 464 504 quorum
479 460 561 492 cutis
573 458 615 492 est
626 457 755 492 mollior
772 468 852 500 „aut
867 458 984 499 rarior,
1008 457 1127 503 quique
1144 455 1236 491 flav-is
1254 457 1323 493 sunt
1346 459 1491 507 capillis:

95 508 223 542 namin
238 508 278 541 iis
295 506 381 541 aestus
394 505 466 540 solis
492 505 663 541 humorem
684 504 820 542 bilosum
835 533 847 548 ‚
867 517 1007 552 eumque
1031 505 1224 541 tarefaetum
1245 518 1285 541 eo
1304 505 1402 555 usque
1418 521 1492 557 per..

97 553 192 598 ducit
203 583 213 599 ‚
228 557 285 601 qui
295 553 314 590 ὲ
326 553 618 589 cuticula-densiore
634 553 758 592 sistitur.
1153 599 1157 600 ⁷
1388 599 1390 601 v

133 605 212 642 Nec
225 602 364 639 diffimili
373 604 501 638 tatione
515 602 676 651 psora‚aut
689 602 809 638 scabies
821 612 860 636 ex
870 599 1001 650 lympha
1012 603 1044 637 in
1054 601 1211 651 glandulis
1224 607 1305 640 cutis
1319 605 1403 640 male
1411 604 1492 642 affe-

93 653 153 688 θα
164 654 274 687 oritur.
294 653 371 686 Sive
379 662 543 699 corruptus
561 657 594 688 δε
610 653 765 699 impurior
773 650 912 699 sanguis,
927 656 961 687 ὃς
981 649 1115 685 solutior
1126 655 1157 686 in
1168 653 1327 700 glandulis
1339 656 1420 689 cutis
1433 668 1493 691 ex..

94 711 265 737 crementa
276 699 431 748 deponat,
443 712 518 746 quae
526 699 689 736 fermento
700 698 753 735 suo
767 711 841 734 cum
852 699 947 733 succis
959 711 1016 746 per
1034 700 1148 735 eadem
1160 700 1231 735 loca
1257 701 1492 738 transeuntibus

98 747 314 787 effervescunt
324 777 334 792 ‚
350 753 385 785 &
398 747 627 797 coagulantur3
642 747 704 783 five
721 748 838 783 humor
851 747 1008 795 glandulis
1019 759 1189 782 contentus
1200 751 1365 799 restagnet
1374 756 1407 788 &
1421 765 1494 787 cor-

95 808 267 845 rumpatur
277 800 378 842 ,ut-in
393 799 432 831 iis
446 797 619 844 qui‘vitam
634 808 735 845 agunt
748 794 887 830 desidem
902 824 910 838 ‚
921 807 976 829 aut
986 798 1043 842 qui
1057 795 1182 831 soetidis
1200 797 1279 832 locis
1295 800 1492 837 concludun-

97 857 166 883 tur.
177 848 267 882 Hinc
278 848 365 881 enim
376 845 564 894 perspiratio
580 843 766 880 insensibilis
781 845 934 891 impedita
942 843 1099 891 sanguinis
1109 846 1237 880 niallam
1247 851 1412 894 pervertit.
1429 851 1493 886 Seu

95 895 244 942 denique
259 893 455 930 fermentum
473 893 554 929 illud
567 892 762 929 virulentum
780 894 933 939 contagio
953 892 1095 937 quodam
1115 892 1157 927 ab
1175 893 1244 927 aliis
1266 896 1395 930 infectis
1418 911 1493 945 pto-

96 943 179 978 deat
191 971 201 986 ,
219 947 253 980 δε
269 941 527 977 meatibuscutis
538 951 711 988 exceptum
728 938 863 976 fetosum
873 940 1041 974 humorem
1051 939 1212 988 glandulis
1220 954 1412 980 contentum
1422 974 1432 989 ,
1451 949 1493 982 ad

96 990 419 1028 fermentescendum
429 989 610 1040 proclivem
628 989 735 1024 statim
746 1000 922 1037 pervertat.
948 989 1032 1022 Non
1057 987 1150 1023 aliter
1170 1002 1269 1037 atque
1287 994 1321 1026 iri
1339 995 1492 1030 cerevisiae

81 1046 88 1054 ²
97 1038 238 1075 {loribus
249 1041 407 1075 cernimus
420 1067 431 1082 ,
447 1051 585 1086 quorum
595 1049 666 1085 pars
676 1037 730 1074 vel
739 1039 874 1072 minima
883 1049 977 1072 novae
988 1041 1022 1073 ὅ(
1030 1037 1177 1073 nondum
1189 1037 1393 1077 fermentatae
1403 1044 1490 1079 infu-

98 1087 153 1130 sa,
171 1089 275 1124 statim
289 1100 361 1122 eam
378 1088 578 1131 fermentat,
595 1091 629 1124 ὅ(
641 1089 798 1121 acriorem
815 1083 930 1121 efficit⁸
1049 1130 1052 1131 ⁷

136 1138 226 1172 Rem
241 1135 378 1171 veroita
386 1134 447 1171 effe
458 1148 531 1171 cum
542 1148 580 1170 ex
592 1136 671 1170 cutis
681 1133 807 1170 fabrica
818 1164 828 1179 ,
844 1146 912 1171 tuni
932 1148 974 1173 ex
989 1135 1052 1186 ipsa
1066 1138 1201 1173 nimium
1219 1142 1383 1176 communi
1394 1146 1492 1191 expe—

95 1187 216 1222 xientia
234 1184 368 1219 constat:
392 1187 481 1220 Hinc
493 1186 551 1232 qui
565 1195 660 1218 carne
673 1182 748 1219 salsa
760 1213 769 1227 ,
783 1195 838 1219 aut
854 1183 947 1220 fumo
970 1187 1113 1222 indurata
1130 1185 1272 1223 crebrius
1294 1188 1466 1226 vescuntur
1478 1220 1488 1236 ‚

90 1234 178 1274 ‘huic
190 1233 401 1269 incommodo
416 1232 487 1268 sunt
503 1232 659 1267 obnoxii:
681 1232 770 1280 quod
783 1235 883 1267 acrior
896 1232 1020 1282 sanguis
1030 1245 1233 1269 recrementa
1254 1234 1306 1270 sua
1329 1239 1362 1272 in
1381 1251 1489 1275 cutem

91 1283 241 1318 emittat.
262 1282 465 1328 Qaesautem
478 1280 622 1329 sanguini
636 1281 822 1330 &lymphae
840 1281 1026 1317 aciditatem
1037 1285 1169 1318 nimiam
1180 1311 1191 1325 ‚
1207 1283 1264 1318 vel
1278 1287 1489 1323 acrimoniam

95 1330 297 1373 detrahunt,
309 1329 601 1378 autbenigniorem
611 1332 641 1363 ei
658 1340 835 1373 texturam,
851 1335 884 1366 δέ
901 1329 1042 1366 oleosam
1055 1330 1201 1366 tribuunt
1214 1360 1223 1374 ‚
1239 1343 1275 1366 ut
1303 1332 1402 1370 sulfur
1423 1339 1487 1372 im-

95 1381 211 1429 primis
228 1407 239 1422 ,
251 1384 284 1415 &
296 1383 360 1426 ejus
372 1389 543 1426 praepatata
556 1378 637 1421 ,haec
650 1381 685 1414 vi
696 1379 833 1426 quadam
846 1377 990 1426 specifica
1001 1391 1072 1414 eum
1088 1382 1246 1428 pruritum
1257 1381 1377 1420 sanant.
1405 1387 1488 1421 Prae.

96 1426 248 1476 cipiebat
260 1425 342 1462 olim
355 1427 407 1464 Cl.
418 1426 548 1475 Sylvius
556 1438 595 1461 >ut
604 1427 743 1462 mixtura
760 1439 798 1461 ex
809 1426 928 1462 sulfure
941 1456 950 1470 ‚
968 1430 1055 1463 nitro
1070 1456 1080 1470 ‚
1104 1433 1137 1465 &
1147 1426 1265 1477 butyro
1277 1435 1399 1468 recenti
1418 1448 1488 1469 ma-

93 1478 305 1523 nuum'carpi
322 1483 356 1513 ὅ(
369 1476 510 1524 poplites
521 1475 730 1522 illinerentura
741 1474 842 1522 Qod
860 1476 880 1511 ὲ.
897 1475 1002 1511 multis
1018 1490 1085 1512 non
1094 1476 1157 1512 fine
1171 1475 1225 1511 suo
1244 1490 1305 1512 con
1320 1483 1421 1518 modo
1434 1484 1484 1518 fa.

96 1527 193 1562 &um
209 1527 369 1559 novimus.
389 1527 440 1559 Sic
452 1533 562 1572 praeter
576 1523 637 1559 alia
652 1523 737 1560 bene
750 1524 868 1568 multa,
881 1537 952 1572 quae
967 1527 1001 1559 in
1018 1523 1100 1560 hanc
1113 1538 1181 1560 rein
1202 1491 1378 1575 praescrhiit
1390 1533 1484 1567 Vvil.

95 1573 184 1611 lifius
197 1600 207 1614 ‚
226 1572 305 1607 illud
323 1575 366 1609 est
383 1573 575 1609 facillimum
588 1601 596 1615 ,
621 1584 657 1608 ut
674 1571 832 1608 indusium
851 1572 1100 1619 aquaefontanae
1118 1587 1190 1609 eum
1208 1575 1340 1621 pulvere
1361 1575 1484 1615 sulfuris

95 1622 288 1666 incoehim,
303 1627 338 1659 &
350 1620 543 1658 exsiccatum
560 1634 616 1670 per
631 1618 758 1671 aliquot
769 1621 836 1657 dies
851 1622 1008 1660 induatur.
1026 1623 1090 1659 Sed
1102 1623 1144 1658 de
1161 1624 1263 1660 taetus
1277 1638 1399 1674 organo
1426 1629 1484 1665 ha.

94 1673 226 1708 alenus.

625 1718 987 1763 CAPUrlu

554 1797 609 1836 De
614 1802 743 1851 gustatu
755 1802 794 1841 &⁵
806 1806 893 1840 illius
905 1819 1032 1856 organa.

93 1865 323 1954 GUstatus
347 1876 504 1915 organum
525 1866 557 1901 in
576 1866 703 1915 papillis
721 1872 846 1904 nerveis
869 1883 941 1918 quae
970 1871 1123 1907 summam
1146 1871 1269 1921 linguae'
1280 1873 1481 1924 superficiem

185 1920 381 1965 exasperant
392 1943 402 1958 ‚
417 1912 478 1949 effe
488 1914 698 1951 constitutum
707 1945 716 1961 ,
727 1929 763 1953 ut
774 1918 1038 1955 verisimillimum
1046 1918 1249 1958 arbitramur.
1266 1926 1355 1959 Nam
1367 1928 1469 1974 gustus

93 1977 133 2001 ut
148 1965 189 2000 ab
212 1962 393 2000 Arist-orele
403 1962 465 1997 fuit
474 1962 678 2009 observatum
690 1993 701 2009 ,
717 1965 761 2001 est
775 1968 921 2014 quaedam
933 1971 1033 2005 τειᾶιιε
1049 1968 1167 2017 species
1179 1999 1190 2014 ‚
1211 1972 1412 2022 &utriusque
1422 1958 1482 2010 obi

93 2016 214 2062 jethim
232 2012 371 2048 sensorio
383 2011 554 2045 admoveri
566 2011 665 2047 debet
675 2026 683 2048 ε
694 2014 817 2049 tametsi
831 2028 879 2051 res
893 2017 999 2065 sapida
1011 2018 1104 2052 altius
1115 2018 1255 2067 linguam
1267 2019 1350 2056 subit
1360 2052 1369 2067 ‚
1381 2037 1481 2071 quam

95 2075 145 2098 res
160 2062 276 2097 metuis
289 2071 445 2097 manum:
466 2058 521 2092 illa
537 2061 658 2106 quippe
670 2073 793 2097 meatus
805 2063 921 2112 linguae
933 2068 1189 2113 penetratJHinc
1200 2067 1301 2103 subita
1314 2069 1481 2119 spirituum

97 2111 265 2146 refectioa
277 2112 345 2144 vini
360 2107 587 2160 libarnine‚&
599 2107 667 2154 post
679 2107 811 2157 longam
829 2113 971 2149 inediam
992 2127 1058 2149 non
1080 2117 1165 2163 prius
1179 2115 1287 2166 lingua
1305 2122 1370 2154 vini
1392 2121 1481 2169 spiri-

98 2169 169 2194 tum
183 2188 191 2201 ‚
212 2170 266 2193 aut
291 2165 484 2206 generoium
504 2153 664 2201 liquorem
690 2160 823 2207 attingit
835 2188 844 2203 ,
857 2173 954 2207 quam
969 2175 1068 2198 novas
1086 2166 1118 2198 in
1134 2163 1227 2199 nobis
1242 2168 1324 2202 vires
1337 2173 1480 2216 experia-

95 2219 177 2244 mur.
194 2208 295 2254 Qod
312 2209 423 2254 utique
439 2204 477 2241 fit
495 2205 572 2251 quia
586 2201 693 2250 liquor
704 2219 874 2254 penetrans
892 2221 1025 2246 nerveas
1041 2212 1174 2260 papillas
1191 2213 1426 2264 subit‚hincq=.ie
1439 2221 1480 2254 ad

94 2268 215 2292 nervos
227 2255 309 2300 ipsos
325 2267 409 2303 pene
421 2257 453 2289 in
471 2255 807 2301 momentovpetvadit.
817 2259 852 2293 Id
865 2270 943 2294 vero
953 2257 1010 2294 fiet
1021 2264 1160 2308 apertius
1169 2274 1242 2297 cum
1255 2276 1353 2311 pauca
1367 2268 1407 2301 de
1417 2268 1479 2304 lin.

94 2317 168 2353 guae
178 2305 328 2339 structura
344 2305 527 2339 dixerimus,
721 2348 724 2350 q

134 2355 182 2388 Ae
212 2355 350 2400 primum
370 2352 476 2401 lingua
493 2350 649 2386 musculus
672 2351 722 2386 estr
736 2352 824 2389 fibris
836 2357 1013 2392 innumeris
1024 2358 1185 2395 instructus
1197 2371 1266 2407 quae
1287 2360 1407 2398 summa
1420 2377 1478 2400 va⁴

95 2403 212 2444 rietate
235 2400 449 2488 diffsponulnlmt
466 2429 485 2447 ,ff
500 2411 543 2437 ut>
555 2399 646 2450 {leiti
666 2401 701 2447 in
713 2414 827 2447 primes
844 2416 952 2455 partes
969 2403 1075 2456 poffit.
1091 2409 1210 2444 Praeter
1226 2413 1381 2448 extimam
1391 2413 1493 2449 illius-

261 2490 271 2498 λ
284 2463 352 2499 pm.
405 2473 415 2502 ζ
681 2476 683 2481 .
1202 2460 1231 2497 Α
1242 2471 1260 2494 a
1271 2471 1289 2494 a
1300 2471 1320 2499 a
