1878 2724
353 119 764 161 TRACTATUS
809 117 1145 156 SECUNDUS.
1438 138 1486 169 ¹5⁷

82 187 174 224 aquae
185 185 313 210 motum
328 173 481 221 sequitur.
506 170 567 206 Sed
578 168 711 205 ulterius
727 170 976 219 progrediamur
989 197 1000 212 ,
1018 175 1051 206 &
1069 182 1138 217 quzc
1153 167 1189 204 lit
1204 167 1293 203 caufi
1311 170 1482 209 accelerati

81 225 190 262 motus
211 226 359 273 gravium
379 222 610 272 expendamus.
633 221 681 256 Sit
696 220 791 268 igitur

651 317 798 354 Secunda
812 316 983 363 Conclusa».

117 418 199 455 Illud
214 418 286 454 satis
299 418 340 453 est
358 415 526 452 verisimile
542 415 667 451 causam
684 415 856 452 accelerari
868 416 979 452 mott'is
991 416 1139 465 gravium
1151 414 1264 451 saltem
1279 419 1419 453 maxima
1433 430 1470 453 ex

80 481 173 518 parte
184 498 193 511 ‚
207 467 268 503 ess'e
279 467 380 503 medii
390 465 609 502 resistentiam.

122 517 256 553 Probari
270 515 375 566 potest
386 513 543 550 conclusio
560 516 628 562 ipsa
646 512 861 564 experientia.
878 515 969 550 Nam
983 516 1014 549 in
1026 515 1176 552 machina
1187 518 1392 566 pneumatica
1401 528 1470 551 cor-

80 579 161 617 pora
178 565 232 601 vel
249 563 406 601 leviffima
420 563 588 599 celerrime
605 574 781 601 moventur
799 591 810 606 ‚
833 567 866 599 ὅ(
883 562 1099 611 aequabiliter.
1122 568 1194 601 Imo
1223 567 1276 599 vix
1300 562 1470 613 plumbum

80 614 217 651 celerius
238 614 378 657 decidit,
398 612 499 660 quam
524 612 658 662 pluma:
679 625 757 663 ergo
769 615 877 647 omnis
891 612 1116 660 inaequalitas,
1140 619 1175 651 δε
1193 611 1384 649 acceleratio
1402 613 1472 649 des.

81 665 194 700 census
204 675 242 698 ex
252 663 354 698 medii
366 661 542 697 relistentia
559 665 637 698 oriri
651 664 792 698 videtur.
809 660 936 698 Verum
950 662 983 696 id
999 666 1212 699 accuratiores
1227 660 1472 699 observationes

79 713 216 762 postulat
231 741 241 756 ,
258 723 366 759 neque
383 723 417 746 ut
428 722 553 747 certum
571 711 698 748 definiri
713 710 824 761 potest.

84 774 87 777 ·
115 760 267 806 Confirm.
280 763 496 809 Qaecunque
511 760 546 797 fit
560 762 652 797 causa
662 772 768 797 motus
783 762 934 809 gravium
947 789 957 803 ‚
977 771 1032 796 aut
1047 759 1229 803 intrinseca,
1245 766 1301 794 aut
1316 761 1470 803 extraria;

77 823 134 848 aut
151 813 261 846 innata
275 813 435 860 gravitaS‚
451 822 507 846 aut
522 810 645 846 crebrae
656 808 873 860 percuffiones
893 837 904 851 ,
918 813 952 846 δε
965 808 1052 857 quasi
1072 812 1153 846 iCtus
1170 810 1189 845 a
1210 807 1317 844 subtili
1335 820 1473 858 corpore

78 873 113 896 re
138 861 230 896 eriri:
251 859 306 895 ubi
321 859 408 896 nulla
419 862 479 895 erit
495 860 666 896 refistentia
678 890 687 904 ,
705 861 760 895 vix
773 870 883 894 motus
899 858 965 893 ulla
980 858 1183 908 inaequalitas
1200 857 1262 893 effe
1273 858 1376 906 porest
1390 873 1397 895 :
1413 868 1473 893 nec

78 875 203 946 subtilis
217 911 272 943 a‘c't
290 921 405 958 corpus
428 909 576 945 deorsum
588 912 728 959 premit,
754 906 810 944 nisi
821 919 979 955 quatenus
996 910 1028 943 in
1046 920 1154 957 partes
1175 907 1261 943 illius
1276 907 1391 942 solidas
1409 910 1473 942 im-

77 961 197 1008 pingit.
209 959 308 994 Unde
323 959 439 993 eadem
453 961 486 993 vi
499 959 592 1007 pellit
601 971 716 1008 corpus
732 956 807 993 leve
819 985 829 1001 ‚
846 969 882 992 ut
899 956 1043 1006 plumam
1055 986 1064 1000 ‚
1083 970 1206 1005 quanta
1223 969 1277 992 cor
1292 953 1338 992 'us
1351 956 1473 992 solidis-

77 1008 202 1044 fimum.
223 1009 311 1043 Nam
326 1006 347 1041 si
360 1009 391 1042 in
403 1007 461 1042 illo
475 1009 644 1056 pauciores
658 1007 729 1044 sunt
769 1015 852 1042 artes
864 1035 875 1051 ‚
892 1007 998 1041 minus
1019 1006 1052 1040 id
1069 1005 1178 1042 resistit
1215 970 1355 1042 ressi‘oni.

113 1057 217 1092 Unde
226 1085 236 1100 ‚
248 1067 284 1091 ut
297 1056 460 1092 nonnullis
470 1058 597 1093 videtur
607 1088 617 1102 ,
630 1070 670 1093 ex
682 1058 747 1105 dup
763 1058 803 1091 ici
820 1057 928 1103 capite
944 1055 1018 1090 duci
1055 1056 1137 1091 otest
1150 1019 1313 1091 delcensus
1325 1056 1473 1104 gravium

78 1103 427 1153 acceleratioprimum
440 1117 478 1140 ex
494 1108 527 1141 vi
537 1104 814 1154 impress'a,deinde
824 1104 975 1150 expnedii
989 1069 1080 1153 §pilius
1091 1104 1332 1152 elaterio,quod
1345 1115 1473 1139 motum

79 1155 100 1190 Ta
120 1156 290 1204 potentia,
309 1152 361 1188 seu
377 1155 396 1189 a
413 1157 445 1189 vi
476 1154 644 1203 impulfiva
670 1153 866 1202 produ&um
885 1151 1065 1189 conservat.
1096 1152 1179 1201 Qc')
1192 1155 1341 1203 potentia
1354 1155 1474 1188 mottix

79 1202 200 1238 diutius
212 1202 402 1251 applicatur,
421 1202 483 1237 hoc
496 1208 600 1252 major
609 1205 651 1238 est
663 1214 781 1238 motus,
793 1203 848 1236 Sic
856 1201 1000 1236 tudicula
1013 1203 1196 1238 v.BilIard.
1210 1205 1311 1248 major
1326 1203 1405 1236 ictus
1418 1203 1474 1236 im·

79 1254 231 1301 primitur
241 1280 250 1295 ,
264 1249 332 1298 quo
346 1250 472 1299 longius
487 1251 532 1285 est
545 1251 748 1287 manubrium
757 1279 768 1295 ‚
780 1254 814 1288 &
823 1248 1080 1286 flexibilius:tum
1094 1252 1183 1285 enim
1204 1250 1327 1289 diutius
1341 1248 1476 1299 globum

79 1304 265 1337 comitatur.
273 1302 363 1336 Hinc
381 1303 519 1350 remiges
531 1300 659 1337 facilius
677 1303 845 1336 triremem
858 1310 1080 1347 promovent,
1100 1298 1155 1334 ubi
1174 1304 1236 1347 jam
1247 1310 1337 1335 mota
1362 1298 1470 1334 fuerit.

79 1352 194 1398 Atque
214 1361 250 1385 ut
263 1362 328 1385 uno
350 1348 454 1384 verbo
465 1349 561 1405 plura
579 1349 800 1399 completam,
819 1358 928 1384 motus
946 1348 1046 1397 longe
1072 1347 1197 1383 facilius
1215 1351 1249 1383 in
1270 1347 1386 1383 mobili
1408 1354 1476 1395 jam

79 1410 175 1435 moto
183 1399 388 1447 producitur,
400 1398 543 1446 quamin
557 1400 677 1434 eodem
686 1401 838 1434 immoto.
855 1397 971 1444 Qare
989 1397 1067 1432 illud
1086 1397 1195 1433 multis
1211 1396 1411 1432 verisimilius
1427 1400 1477 1432 vi-

80 1447 212 1483 debitur
222 1446 491 1483 accelerationem
500 1450 645 1498 gravium
664 1460 703 1482 ex
718 1449 800 1482 aeris
815 1445 951 1481 elaterio
972 1450 1081 1494 potius
1104 1447 1266 1482 deducere
1282 1475 1291 1490 ,
1319 1445 1421 1494 quam
1436 1459 1476 1482 ex

80 1496 240 1545 qualitate
258 1494 427 1544 impreffa:
454 1496 475 1532 fi
488 1499 520 1532 id
534 1510 647 1532 verum
666 1495 704 1532 sit
718 1527 727 1540 ,
745 1506 873 1532 motum
885 1497 1031 1544 gravium
1052 1499 1083 1531 in
1101 1509 1206 1531 vacuo
1222 1495 1402 1544 Boyliano‚
1424 1495 1477 1531 seu

81 1548 114 1581 in
136 1546 284 1580 machina
301 1549 505 1593 pneumatica
519 1559 586 1581 non
613 1545 791 1580 accelerari.
807 1546 882 1579 fors
895 1545 995 1578 etiam
1008 1545 1051 1578 est
1063 1556 1098 1579 ut
1116 1544 1171 1578 illa
1183 1543 1346 1579 descensus
1361 1546 1393 1579 in
1404 1557 1476 1579 cor-

81 1607 161 1642 pore
177 1596 269 1642 gravi
281 1593 470 1628 acceleratio
481 1606 589 1640 neque
605 1606 644 1628 ex
657 1593 819 1642 qualitate
831 1590 977 1639 impreffa
990 1620 1000 1635 ,
1011 1603 1119 1639 neque
1132 1605 1170 1627 ex
1183 1595 1265 1626 aeris
1286 1592 1422 1627 elaterio
1437 1593 1475 1628 sit

81 1643 257 1691 repetenda
269 1671 278 1685 ‚
291 1641 343 1676 sed
354 1654 393 1676 ex
409 1644 532 1677 iteratis
543 1641 667 1678 subtilis
683 1643 828 1678 materiae
845 1638 1111 1689 percussionibus,
1125 1641 1160 1675 ld
1171 1640 1253 1676 vero
1267 1641 1476 1677 manifestum

81 1704 165 1739 puto
177 1721 185 1734 ‚
195 1689 319 1725 causam
329 1690 418 1725 illam
428 1694 587 1727 internam
601 1690 661 1727 effe
671 1705 737 1727 non
751 1689 847 1738 poffe.
862 1690 952 1724 Cum
965 1691 1052 1725 enim
1062 1692 1111 1724 vis
1125 1689 1178 1724 illa
1195 1691 1347 1732 interior,
1369 1689 1389 1725 fi
1402 1703 1476 1738 quae

80 1740 118 1775 fit
132 1769 141 1783 ,
159 1741 276 1775 eodem
288 1739 413 1787 semper
432 1741 532 1775 modo
551 1743 680 1789 corpori
697 1739 880 1788 applicetur
892 1737 986 1781 (five
1008 1737 1043 1773 fit
1070 1738 1209 1786 qualitas
1221 1739 1367 1786 quaedam
1381 1768 1390 1782 ‚
1412 1739 1477 1775 sive

80 1789 186 1824 forma
200 1787 414 1823 substantialis
430 1818 438 1832 ,
455 1791 553 1836 aequis
569 1787 772 1837 temporibus
782 1798 874 1834 aequa
886 1786 984 1836 spatia
1001 1799 1178 1836 percurret.
1203 1788 1294 1822 Idem
1308 1800 1325 1822 c
1336 1791 1405 1823 nim
1423 1789 1475 1823 ef-

83 1837 170 1873 ficiet
180 1851 216 1873 ac
225 1835 342 1886 globus
373 1837 471 1885 plano
500 1838 712 1874 Horizontali
731 1835 894 1886 impofitus
910 1864 920 1879 ,
942 1838 1000 1883 qui
1017 1849 1112 1871 manu
1130 1839 1310 1872 comitante
1336 1850 1403 1873 non
1420 1849 1476 1871 ac-

80 1886 256 1930 celeratur,
278 1885 330 1921 sed
347 1887 461 1934 :equali
474 1891 802 1936 motupromovetur.
825 1886 938 1932 Qare
963 1884 1055 1922 causa
1070 1885 1164 1933 hujus
1178 1885 1349 1922 accelerati
1368 1886 1477 1923 motus

85 1935 132 1969 est
146 1937 288 1970 exterior
301 1963 311 1978 ‚
335 1947 540 1984 quaecunque
552 1936 606 1972 illa
616 1935 672 1980 fit,
687 1949 756 1972 non
764 1937 915 1972 interior.
1310 1950 1312 1952 ·

588 2034 815 2071 CAPUT
867 2035 935 2072 IV.

164 2130 218 2162 De
230 2139 316 2163 motu
331 2132 485 2178 gravium
495 2133 597 2174 juxta
614 2143 811 2168 numerorum
823 2134 996 2184 imparium
1015 2133 1210 2186 progrcffum
1221 2132 1409 2169 accelerato.

184 2228 237 2262 Oc
249 2230 364 2274 urique
388 2229 472 2262 inter
489 2227 654 2262 illustriora
668 2228 781 2263 nostrae
805 2233 908 2266 aetatis
930 2234 1063 2267 inventa
1080 2228 1199 2266 merito
1218 2226 1330 2263 haberi
1350 2228 1477 2278 potest,

186 2276 285 2323 idque
303 2288 340 2310 ut
354 2276 416 2310 alia
429 2277 531 2311 multa
555 2276 678 2323 ingenii
697 2276 742 2311 sui
761 2291 975 2315 monumenta
991 2280 1148 2315 Galilaeus
1165 2276 1402 2312 demonstravit.

128 2324 208 2358 lllud
223 2327 334 2372 itaque
350 2325 492 2373 primum
507 2325 602 2360 nobis
615 2325 822 2373 probandum
841 2329 884 2363 est
899 2357 908 2371 ‚
934 2341 1049 2377 corpus
1068 2337 1165 2376 grave
1183 2328 1266 2360 inter
1281 2325 1477 2361 descenden-

84 2374 167 2408 dum
182 2401 192 2416 ‚
214 2372 235 2407 si
256 2376 358 2422 prima
379 2377 533 2423 temporis
547 2386 638 2423 parte
663 2387 763 2410 unum
794 2377 912 2423 pedem
934 2378 1100 2419 confecit,
1122 2374 1238 2409 eodem
1263 2373 1313 2408 sed
1333 2377 1480 2424 proximo

1227 2427 1255 2457 V
1281 2427 1313 2469 iij
