1878 2724
43 210 94 247 nis
110 203 201 258 ipfius
211 215 318 255 partes
333 202 424 240 duae:
439 214 577 252 quarum
586 215 651 239 una
668 202 844 253 oblongior
860 232 870 247 ,
896 208 931 240 &
953 203 1106 245 rotunda,
1125 211 1229 249 eaque
1255 198 1297 234 est
1316 173 1430 235 radidis

29 256 134 308 ‚ipsius
146 255 356 305 primordium
371 253 518 290 tunde&
534 252 674 288 radicula
683 253 746 287 dici
758 253 872 301 potest.
893 255 968 289 Pars
985 252 1084 287 altera
1095 251 1247 300 germinis
1268 250 1367 297 priori
1389 250 1433 284 est

39 307 236 354 ‘conjunstffi
251 314 386 351 quaeque
403 300 461 337 fibi
475 300 623 338 foffulam
637 301 726 338 velut
751 302 879 337 thecam
894 331 904 345 ,
934 307 969 339 δε
986 300 1154 336 modulum
1164 301 1196 334 in
1214 297 1300 334 lobis
1317 300 1432 334 utrim-

30 373 38 391 ς
69 366 110 391 ue
127 354 273 403 aptavit,
293 363 395 399 eaque
409 356 475 400 jam
492 350 538 386 est
549 354 583 387 in
595 363 700 386 ramos
715 379 725 394 ,
739 355 773 387 &
791 350 871 386 folia
887 350 1091 386 conformata
1103 378 1112 392 ‚
1138 349 1223 384 unde
1238 353 1269 384 ἃ
1290 346 1434 396 plumula

43 366 86 440 :iu
99 404 216 438 eodem
228 401 375 437 Authore
394 402 562 437 vocitatur.
573 403 656 437 Haec
669 402 781 447 utique
792 412 862 448 pars
879 400 926 435 est
944 400 1082 448 superior
1096 398 1214 447 planta:
1228 399 1260 431 in
1282 408 1387 431 ramos
1399 400 1435 433 &

31 449 127 493 {folia
141 452 272 487 interim
288 447 417 493 diffusa,
432 462 566 497 quaeque
579 462 636 498 per
649 451 776 497 apicem
793 447 876 483 fabae
889 449 936 483 est
954 460 1102 496 eruptura
1119 461 1127 483 :
1143 449 1174 481 in
1190 445 1349 494 plerisque
1367 445 1434 480 aliis

45 499 220 537 seminibus
238 510 371 548 germen
385 498 486 547 ipsum
502 510 592 546 parte
604 499 749 533 acutiore
760 496 886 533 seminis
899 499 1094 532 continetur.
1113 499 1234 543 Neque
1248 495 1279 528 id
1296 497 1328 529 in
1346 497 1436 529 omni

69 562 147 585 rano
166 559 358 598 perpetuum
375 548 422 582 est
440 577 451 592 ,
478 559 513 582 ut
531 549 565 582 in
580 548 660 582 duos
683 545 777 586 lobos
789 546 961 582 dividatur.
986 548 1073 583 Nam
1098 548 1130 580 in
1150 541 1314 580 nonnullis
1331 543 1436 590 plures

35 562 114 635 ⁴sunt
130 597 233 633 lobuli
246 625 256 641 ,
266 608 302 632 ut
311 599 344 632 in
355 597 510 632 nasturtio
522 599 672 644 aquatico
681 624 692 640 ,
706 593 927 642 vulobcreffln
940 597 992 630 :in
1001 595 1070 628 aliis
1080 594 1160 629 nulli
1173 594 1260 637 sunt,
1279 604 1315 627 ut
1330 594 1361 627 in
1378 593 1438 626 tri-

34 649 124 686 ἑι’ἱεο.
142 649 178 682 In
193 645 292 695 figura
306 645 448 694 apposita
465 645 543 680 duos
559 645 642 681 fabae
653 645 742 681 sedtae
760 626 854 679 leos
868 646 926 679 BB
941 646 1057 679 intueri
1073 645 1147 678 licet
1161 659 1171 686 3
1188 645 1216 677 A
1236 644 1284 684 C,
1301 641 1344 676 est
1365 655 1438 690 ger-

36 708 142 740 ‚men3
158 698 186 732 A
199 699 250 738 D,
267 695 408 729 radicula
418 707 489 742 quae
500 696 534 729 in
548 693 644 730 fibras
656 698 838 731 innumeras
852 695 877 730 B
887 694 912 728 B
923 691 1079 743 spargitur
1088 701 1109 739 2·
1119 692 1150 729 C
1159 692 1203 730 est
1215 690 1357 742 plumula
1374 695 1440 740 jam

38 748 80 782 jn
95 745 177 781 folia
187 745 326 780 didusta.
348 744 432 778 Vide
442 743 503 792 fig.
520 757 542 778 1-
557 742 677 778 tabellae
700 757 730 785 ι).

72 802 74 804 ’
87 795 241 832 Detracta
259 793 313 827 illa
323 792 463 827 cuticula
478 820 487 834 ,
498 791 588 841 ipfius
600 791 684 828 faba:
696 822 707 837 ,
720 804 777 828 aut
784 792 875 842 grani
885 788 1086 841 partrichfm
1096 804 1101 815 *
1111 791 1156 831 ia
1167 791 1376 841 conspeffiim
1388 805 1442 829 ve-

47 846 97 881 nit
106 872 116 888 ‚
128 843 216 891 quod
232 840 444 890 microscopio
453 841 552 876 visum
565 842 715 877 medulloe
724 841 816 892 ipsius
825 840 948 891 planta-,¹
960 841 1054 881 iufra
1070 842 1202 889 targidae
1214 854 1280 876 non
1292 841 1440 878 dissimile

38 904 196 942 ⁴apparet.
206 890 352 927 Perillud
363 892 535 926 innumerae
551 889 657 934 fibrae,
676 902 830 938 tanquam
852 890 974 933 radices
988 889 1158 926 :iminales
1177 888 1400 927 diffunduntur
1417 893 1442 926 Β

44 935 98 987 B,
116 953 191 991 que
203 942 238 978 in
258 951 405 975 truncum
420 938 565 975 radiculae
577 942 605 975 A
616 942 649 976 D
666 939 867 976 confluentes
878 964 894 982 ,.
909 939 973 973 tres
985 938 1076 974 velut
1093 943 1230 988 majores
1248 951 1353 976 ramos
1372 940 1443 976 effi-

44 995 162 1032 ma
179 989 386 1042 &qudem
395 987 467 1024 sunt
482 987 633 1024 laterales
645 1017 656 1033 ‚
677 992 711 1024 in
725 1000 896 1036 utrumque
912 986 1025 1023 lobum
1037 987 1146 1037 sparsi,
1167 993 1201 1026 &
1215 989 1338 1024 medius
1357 991 1443 1025 inter

35 1067 37 1069 .
69 1040 73 1043 ⁷
89 1045 91 1047 '
183 1032 552 1089 mezcaabit.
568 1037 710 1074 Parench
737 1050 790 1073 ma
800 1035 959 1080 vero,seu
972 1049 1042 1085 pars
1057 1038 1223 1073 candidior
1240 1066 1249 1080 ,
1266 1042 1298 1074 &
1312 1039 1444 1075 mollior

12 1108 15 1112 ·
40 1044 243 1131 ms*
267 1085 271 1091 ⁴
295 1094 299 1130 j
336 1089 342 1096 ‘
365 1080 388 1112 7³
403 1126 405 1128 ,
443 1086 657 1130 'sszaedkulae
670 1051 745 1134 ipsi,
766 1092 799 1122 &
834 1086 924 1121 lumae
933 1097 1106 1121 commune
1117 1086 1165 1121 est
1190 1100 1199 1128 ;
1222 1085 1350 1122 uberius
1372 1090 1446 1136 qui,

54 1127 229 1175 der'nest-i'ii
245 1130 473 1186 1⁴⁸2}qu
478 1137 656 1185 raphaia.
671 1135 760 1172 cum
777 1099 852 1170 faga
864 1133 1062 1170 transversim
1079 1135 1219 1177 secatur,
1243 1134 1333 1184 plura
1354 1137 1447 1174 velut

54 1188 176 1236 puncta
185 1188 219 1222 in
230 1185 344 1220 eadem
354 1178 440 1220 linea
451 1180 620 1221 constituta
630 1213 645 1230 ‚⁴
657 1196 735 1233 quae
747 1183 815 1220 fiint
828 1195 971 1219 extrema
984 1183 1096 1219 harum
1110 1185 1253 1219 radicum
1267 1213 1277 1228 ,
1295 1186 1447 1236 distingui

52 1236 151 1272 facile
163 1233 288 1284 possunt
302 1263 313 1278 ,
331 1245 404 1268 cum
418 1232 476 1269 smt
488 1233 600 1270 diversi
617 1234 638 1270 ὲ
652 1234 906 1282 parenchymare
926 1231 1042 1268 colotis
1062 1249 1071 1276 3
1086 1235 1237 1281 pauciora
1256 1232 1325 1269 sunt
1343 1247 1447 1285 prope

55 1284 153 1322 bafim
166 1283 265 1333 ipsam
277 1281 363 1317 fabae
375 1311 385 1326 ‚
398 1288 432 1320 &
442 1283 618 1318 radiculam
630 1313 640 1327 ,
655 1288 690 1320 ὃ(
701 1282 741 1319 eo
751 1283 841 1331 plura
850 1312 860 1326 ,
876 1282 944 1330 quo
958 1285 1108 1317 extremis
1124 1280 1209 1317 fabae
1229 1281 1298 1318 sunt
1315 1287 1447 1334 propio-

54 1347 99 1370 ra.
117 1337 153 1370 in
162 1332 269 1368 multis
284 1330 456 1367 seminibus
471 1331 517 1367 hae
531 1331 618 1368 fibrae
639 1345 706 1368 non
728 1343 918 1374 cernuntur,
935 1330 988 1366 vel
1006 1333 1083 1378 quia
1098 1330 1166 1366 sunt
1181 1333 1347 1380 pauciores
1360 1361 1369 1376 ‚
1394 1335 1448 1368 vcl

12 1413 17 1415 s
55 1385 130 1432 quia
143 1381 213 1418 sunt
225 1381 471 1430 parenchymati
487 1380 541 1429 ipsi
552 1381 749 1418 concolores,
767 1384 880 1428 Itaque
893 1379 979 1416 fibrae
992 1380 1056 1415 illae
1067 1392 1124 1429 per
1145 1392 1252 1415 totum
1263 1382 1448 1431 parenchy-

52 1445 109 1468 >ma
120 1430 261 1480 dispersae
271 1428 342 1465 sunt
353 1430 449 1466 velut:
460 1430 679 1480 originales,&
691 1429 864 1466 seminariae
880 1430 1020 1473 radices,
1035 1441 1133 1477 atque
1147 1429 1249 1478 ipsum
1264 1431 1447 1481 patenchy-

57 1494 112 1518 ma
129 1481 177 1516 est'
186 1480 282 1516 instar
296 1490 384 1515 terrae
394 1492 434 1514 ex
443 1492 506 1527 qua
517 1480 637 1515 radices
651 1478 778 1515 succum
786 1481 956 1515 nutritium
974 1478 1121 1515 trahunt:
1140 1478 1190 1513 hae
1201 1480 1232 1514 in
1245 1489 1391 1515 truncum
1402 1493 1452 1515 ra-

57 1529 170 1566 diculae
183 1531 383 1575 coc'ungquae
393 1530 425 1563 in
437 1527 501 1577 ipsa
511 1531 722 1577 generatione
736 1529 858 1563 radices
867 1529 899 1563 in
912 1538 1031 1563 terram
1040 1527 1140 1575 ipsam
1154 1529 1346 1563 emittit.Sic
1360 1531 1450 1565 enim

59 1578 100 1616 fit
112 1581 217 1628 prima
228 1577 346 1628 plantae
357 1579 610 1627 vegetatio,quae
625 1577 722 1625 paulo
734 1575 830 1611 fufius
848 1577 892 1610 est
907 1576 1102 1625 explicanda.

3 1669 9 1673 ,
84 1631 199 1676 Itaque
216 1639 350 1676 granum
363 1638 452 1661 terrae
461 1625 663 1661 commiffum
673 1625 809 1661 humore
827 1637 883 1673 per
893 1628 1068 1660 exteriores
1078 1624 1282 1661 membranas
1293 1624 1451 1662 subeunte

57 1676 215 1726 paulatim
229 1674 422 1718 intumescit,
439 1675 581 1722 dumque
594 1674 712 1710 humor
727 1677 879 1710 extrarius
895 1675 929 1709 in
945 1676 983 1709 iis
998 1673 1195 1710 membranis
1212 1674 1403 1723 percolatur,
1415 1681 1451 1714 &

1 1745 16 1767 ᾗ,
61 1725 217 1769 filtrum,
237 1726 345 1774 purior
358 1723 415 1767 fit,
430 1728 465 1760 &
483 1723 682 1767 defecatior,
695 1722 783 1771 isque
805 1724 891 1759 intra
905 1725 1026 1759 tunicas
1051 1722 1194 1760 admissus
1217 1723 1366 1760 nonnihil
1387 1724 1452 1760 fer-

61 1773 232 1811 mentescit
245 1787 253 1810 :
267 1785 328 1809 nec
343 1772 477 1808 dubium
487 1773 529 1807 est
545 1776 624 1821 quin
639 1772 789 1808 foramen
799 1772 879 1808 illud
893 1774 925 1807 in
940 1771 1005 1808 bafi
1021 1784 1168 1821 aptatum
1185 1772 1258 1807 huic
1275 1772 1453 1809 fermenta-

8 1819 19 1845 ¹.
63 1825 146 1858 'tioni
163 1822 282 1858 serviat
297 1836 306 1858 z
321 1819 397 1857 cum
409 1834 447 1856 ea
459 1824 513 1856 vix
527 1821 597 1857 fieri
613 1819 708 1871 poffit
725 1820 783 1858 nifi
802 1833 876 1857 aere
888 1819 1046 1856 subeunte
1057 1849 1066 1864 ‚
1085 1832 1120 1856 ut
1136 1823 1169 1856 in
1190 1824 1268 1857 vino
1282 1825 1452 1860 cernimus.

61 1867 166 1915 Unde
181 1870 320 1907 fifabam
330 1875 396 1919 jam
410 1869 596 1906 exsiccatam
609 1882 700 1919 aquae
717 1871 813 1919 paulo
824 1869 944 1905 diutius
958 1869 1140 1905 immersam
1152 1898 1163 1914 ,
1184 1880 1254 1905 tum
1273 1873 1453 1907 exrradhm

8 1963 10 1966 y
63 1921 98 1959 di
122 1922 170 1956 ito
180 1919 323 1970 presseris
334 1949 343 1964 ,
358 1920 465 1955 multae
475 1931 513 1955 ex
529 1933 567 1955 ea
580 1932 680 1955 aereae
694 1919 823 1954 bullulae
838 1931 894 1968 per
906 1918 938 1954 id
952 1919 1100 1956 foramen
1117 1930 1298 1968 erumpent.
1317 1921 1417 1971 Qd
1433 1920 1454 1955 s1

62 1966 99 2008 'sa
124 1982 164 2012 a,
179 1981 237 2004 aut
248 1969 336 2004 aliud
346 1967 456 2003 semen
473 1969 595 2004 nudum
607 1968 702 2013 effer,
716 1968 794 2004 dum
810 1979 900 2004 terrae
920 1971 1154 2013 committitur,
1173 1980 1234 2003 nec
1250 1967 1309 2004 suis
1323 1969 1456 2005 involu-

66 2020 126 2054 cris
134 2019 276 2061 tectum,
286 2018 400 2052 humor
408 2016 490 2051 ultra
506 2017 606 2064 quam
616 2030 672 2066 par
690 2016 766 2052 effer
776 2017 907 2053 uberior
919 2046 930 2061 ‚
951 2029 1006 2053 aut
1019 2018 1165 2061 crudior,
1181 2030 1241 2053 nec
1255 2016 1326 2053 satis
1339 2030 1454 2068 expur-

14 2089 16 2091 »
65 2078 158 2116 gatus
169 2066 348 2102 accederet.
370 2067 482 2110 Quare
496 2068 637 2101 exterior
645 2078 755 2101 cortex
765 2067 857 2103 instar
876 2065 1011 2115 goffypii
1027 2065 1201 2102 subtilioris
1216 2066 1345 2102 succum
1358 2066 1456 2103 trans-

66 2117 169 2153 mittit
177 2144 187 2158 ,
197 2117 255 2162 qui
265 2114 354 2149 velut
363 2114 506 2161 quodam
516 2113 588 2149 vase
602 2113 764 2150 conclusus
785 2126 939 2162 tanquam
949 2118 1062 2151 vinum
1074 2117 1109 2152 in
1115 2115 1208 2151 dolio
1221 2115 1454 2152 fermentescit.

101 2163 145 2202 ⁴2⁰.
159 2167 275 2200 Succus
287 2165 304 2199 ὲ
318 2175 397 2198 terra
408 2162 534 2198 haustus
544 2175 602 2206 per
613 2166 785 2199 exteriores
802 2163 1010 2201 membranas
1023 2164 1158 2200 filtratus
1167 2193 1177 2209 ‚
1198 2170 1233 2202 &
1253 2165 1286 2199 in
1306 2164 1390 2200 fabae
1404 2167 1457 2201 in·

66 2212 183 2257 {teriori
192 2211 328 2248 cuticula
341 2211 443 2246 adhuc
452 2224 640 2260 expurgatus
652 2213 751 2261 ipsum
761 2213 978 2263 parenchyma
988 2212 1091 2258 subit,
1110 2215 1168 2262 qui
1184 2216 1217 2249 in
1235 2212 1316 2248 illius
1337 2212 1456 2261 globu-

7 2297 9 2299 .
70 2261 111 2298 1³³²
141 2261 278 2297 velutin
295 2262 433 2296 totidem
447 2260 609 2308 glandulis
630 2262 812 2310 percolatur
824 2292 834 2306 ,
858 2274 896 2296 ac
916 2275 1017 2298 novas
1034 2262 1168 2298 subinde
1182 2264 1266 2296 vires
1282 2289 1293 2304 ,
1318 2273 1374 2296 aut
1392 2263 1456 2297 tin.

17 2307 28 2335 ἓ·
73 2313 190 2355 ἁμῆς,
203 2324 240 2346 ur
258 2325 331 2346 cum
342 2310 508 2358 Chymicis
524 2309 637 2357 loquar
646 2340 656 2355 ‚
669 2313 702 2346 in
712 2311 828 2347 eodem
843 2312 1096 2361 parenchyrnate
1108 2308 1232 2345 delibat
1242 2324 1250 2346 :
1260 2320 1331 2345 tum
1346 2309 1457 2347 sensim

0 2358 5 2366 ⁷
74 2362 109 2395 in
120 2359 252 2396 fibrillas
271 2358 332 2395 sese
344 2358 492 2395 insinuat:
508 2372 546 2393 ex
562 2362 599 2393 iis
616 2362 647 2395 in
661 2360 864 2409 majusculas,
879 2361 1011 2395 tandem
1023 2363 1057 2395 in
1069 2371 1173 2394 ramos
1185 2357 1281 2407 ipsos,
1291 2371 1327 2393 ac
1337 2360 1457 2408 postte.

75 2422 131 2445 mo
140 2411 173 2446 in
183 2407 414 2493 tyruncumilseu
424 2411 457 2446 in
477 2407 650 2446 radiculam
658 2409 852 2460 perducitur.
869 2410 949 2447 Haec
963 2408 1113 2448 uberiore
1121 2406 1215 2495 suffio
1228 2408 1352 2458 turgida
1359 2408 1458 2457 capil-

219 2471 277 2494 om.
366 2486 384 2494 ,.
1202 2470 1235 2493 m
1246 2470 1280 2493 m
