1878 2724
260 130 293 175 ὗε
432 170 434 173 ,
637 117 904 161 P'HYSsC-JE
935 116 1269 161 ‘GENERA'LI‘S

265 176 388 213 viribus
400 175 500 209 dividi
518 171 643 224 poffiint
657 204 666 218 ‚
680 187 780 222 quam
794 173 857 208 sese
876 184 993 209 mutuo
1003 187 1173 222 penetrare
1187 189 1281 211 :nam
1297 172 1590 223 impenetrabilitas
1613 178 1644 225 ip
1655 181 1672 206 -’

268 227 299 262 sa
318 239 356 261 ex
370 225 532 260 soliditate
546 226 622 257 oriri
634 226 760 257 videtur
774 238 781 258 :
801 235 901 270 atque
917 234 953 256 ut
969 226 1005 257 iis
1018 224 1128 271 placet
1143 253 1154 268 ‚
1171 228 1256 258 ratio
1268 226 1413 272 corporis
1428 237 1494 260 tam
1508 223 1608 274 posita
1621 224 1669 260 est

270 279 305 312 in
318 288 354 310 ea
367 277 490 309 unitate
503 302 512 316 ‚
527 279 558 309 ἃ
573 274 786 319 continuitate
797 301 806 315 ,
819 284 918 320 quam
928 273 962 305 in
977 272 1162 307 extensione
1180 287 1188 308 :
1202 272 1255 307 sed
1267 274 1307 307 de
1327 275 1374 308 his
1388 275 1506 322 postea.

313 328 342 358 C
343 323 463 369 (infirm.
484 324 608 356 iterum.
637 320 838 370 Progreffiim
852 323 886 356 in
907 320 1074 366 infin-itum
1090 320 1214 368 ubique
1229 334 1294 364 ‚·ut
1309 335 1422 358 contra
1440 335 1559 359 naturae
1583 323 1675 358 insti-

275 386 379 410 tutum
392 377 431 407 ὃ(
460 369 693 418 iniposl'ibilcm
708 373 862 420 rejiciunt
890 367 1126 419 Peripatetici:-
1141 374 1220 419 ergo
1236 370 1449 407 in=divifione
1473 374 1647 421 corporum
1663 376 1677 416 ,'

276 422 440 460 sistendum
451 432 584 467 quoque
599 421 725 455 videtur
739 425 771 455 in
786 422 905 466 atomis
921 449 930 463 ,
944 432 1017 466 quae
1028 418 1124 454 secati
1134 419 1272 468 amplius
1284 432 1351 453 non
1362 418 1500 467 possunt.
1524 460 1526 462 ,

315 468 408 506 frob.
428 488 455 508 2.
476 469 540 502 alia
557 472 683 504 ratione
699 482 797 517 quam
815 469 967 504 nonnulli
981 471 1181 504 recentiores
1201 467 1364 503 adhibent.
1398 471 1477 505 Non
1493 470 1581 505 aliud
1597 499 1606 513 ‚
1628 471 1679 504 in-

277 522 396 569 quiunt
410 548 420 562 ,
435 530 547 568 praeter
575 530 651 553 aton
666 531 702 552 os
713 547 723 562 ‚
739 519 822 554 inest
849 516 1041 566 corporibus
1055 547 1065 562 ,
1091 517 1180 566 quod
1209 520 1339 566 proprie
1365 519 1520 553 creationi
1544 517 1679 566 firnplici

278 568 628 618 respondeat.Namhae
641 567 712 603 solae
726 566 854 604 enihilo
871 578 1024 603 eruuntur
1041 578 1167 616 :partes
1183 566 1363 614 majusculae
1377 578 1415 601 ex
1433 569 1469 601 iis
1481 566 1678 615 compositae,

278 621 396 669 genitae
405 617 469 651 dici
483 615 781 666 poffiint,quatenus
795 630 834 652 ex
853 616 1068 653 minutissimis
1090 616 1240 652 constant
1253 629 1260 651 ε
1273 627 1307 650 at
1321 615 1394 650 solae
1414 619 1519 651 atomi
1549 617 1682 665 proprie

278 679 429 703 creantur
443 681 452 702 t
467 668 590 702 creatio
602 669 724 716 quippe
743 668 786 703 est
798 679 836 702 ex
851 666 974 710 nihilo,
985 679 1052 702 non
1063 665 1103 701 ex'
1121 665 1284 714 aliquibus
1305 664 1549 714 praesuppositis.
1578 665 1678 701 Unde

280 715 496 765 compositum
511 719 671 752 creationi
685 715 726 760 ‚si
740 718 870 765 proprie
881 716 976 763 loqui
995 715 1165 760 volumus,
1194 729 1263 750 non
1279 714 1473 763 respondet:
1493 714 1545 750 sed
1570 725 1678 763 partes

283 769 423 803 minimae
436 778 474 801 ex
488 764 606 813 quibus
627 766 660 800 id
672 766 800 800 constat
814 795 824 809 ,
839 767 976 801 omnino
987 776 1144 801 creantur.
1159 767 1213 799 Sic
1225 764 1328 800 horno
1338 774 1510 812 generatur
1527 793 1537 808 ‚
1556 763 1633 798 licet
1644 763 1685 797 il-

283 816 343 851 lius
359 826 464 864 partes
477 814 535 850 sint
547 827 680 858 creatae3
697 827 733 849 ac
746 827 864 850 revera
878 825 929 849 tot
944 813 1016 849 sunt
1033 817 1214 849 creationes
1226 843 1235 857 ,
1251 825 1333 861 quot
1349 812 1420 848 sunt
1440 825 1549 861 partes
1569 812 1685 847 distin-

285 867 431 913 Ctae‚quae
442 878 481 900 ex
491 863 595 900 nihilo
603 865 783 899 educuntur
796 878 804 900 :
818 876 894 899 nam
909 866 1032 899 creatio
1045 864 1136 899 unius
1152 865 1252 910 partis
1266 876 1335 897 non
1348 862 1396 896 est
1405 865 1527 897 creatio
1541 861 1684 898 alterius·

321 916 433 962 Qnre
448 913 469 948 si
486 915 657 949 minimum
669 911 834 962 physicum
855 925 895 947 ex
906 912 976 947 aliis
990 908 1290 961 constetspartibug
1306 912 1336 944 id
1361 913 1492 960 proprie
1514 923 1580 946 non
1599 923 1688 945 crea-

287 970 377 1007 tum,
405 963 458 998 sed
483 965 634 1011 genitum
652 962 828 998 dicendum
846 962 901 998 est.
935 960 1118 997 Produfflo*
1133 963 1221 996 enim
1237 959 1407 1008 compositi
1422 974 1487 995 non
1511 959 1558 994 ei't
1572 973 1634 994 una
1650 965 1686 996 &

286 1008 422 1062 {impleat
432 1015 575 1048 creatio:
591 1017 679 1047 cu‘us
699 1012 783 1046 adeo
799 1013 956 1046 terminus
970 1011 1013 1046 est
1038 1022 1166 1045 atomus
1193 1009 1327 1045 indivisa
1342 1023 1349 1045 ε
1364 1021 1401 1043 ac
1419 1008 1439 1044 fi
1462 1009 1558 1044 nullae
1586 1006 1688 1043 essent

288 1064 482 1106 atomi,vix
502 1061 566 1096 ulla
584 1075 601 1097 e
628 1073 661 1096 et
683 1062 828 1109 corporis
849 1058 981 1108 simplex
999 1061 1132 1095 creatio,
1156 1060 1317 1107 Qimvis
1341 1057 1363 1091 fi
1384 1059 1687 1093 denominationem

288 1112 472 1160 spe&emus
483 1140 492 1154 ‚
503 1124 571 1146 non
580 1110 683 1145 atomi
693 1139 702 1153 ‚
712 1123 778 1144 non
791 1110 923 1157 vpatteS,
939 1108 992 1143 sed
1008 1107 1221 1156 compositum
1236 1106 1340 1154 ipsum
1356 1118 1499 1142 creatum
1520 1107 1583 1140 dici
1594 1105 1687 1142 solet.

288 1165 414 1195 Verum
431 1159 494 1194 hoc
517 1159 591 1195 loco
611 1171 667 1203 res
679 1160 713 1194 in
747 1157 870 1207 seipfiS,
886 1163 925 1195 ¹&
943 1156 1094 1206 physice,
1118 1170 1192 1192 non
1206 1168 1240 1191 ut
1257 1157 1511 1192 denominantur
1526 1185 1536 1199 ,
1548 1157 1688 1191 omnino

290 1209 481 1258 spe&amu5.

741 1254 795 1288 De
813 1264 990 1290 atomorum
1016 1252 1245 1300 affiffionibus.

324 1358 371 1392 Ac
386 1356 426 1390 de
440 1355 609 1390 existentia
625 1364 813 1390 atomorum
831 1365 868 1388 ea
881 1353 1032 1397 diximus,
1047 1365 1117 1401 quae
1136 1364 1255 1402 magna
1266 1364 1308 1388 ex
1326 1362 1418 1401 parte
1430 1363 1508 1386 vera
1525 1351 1622 1388 nobis
1639 1354 1690 1388 vi-

298 1407 413 1440 dentur
428 1419 434 1440 :
453 1417 524 1451 quae
535 1415 644 1438 autem
661 1405 692 1438 in
706 1405 902 1438 contrarium
917 1405 1042 1450 opponi
1063 1401 1169 1437 solent
1186 1430 1196 1445 ,
1220 1404 1366 1448 proximo
1383 1402 1521 1436 metatu
1537 1414 1689 1437 commo-

297 1456 367 1489 dius
383 1458 581 1489 excutiemus
597 1481 607 1490 ,
625 1454 793 1487 tamenim
814 1452 854 1486 de
869 1453 1015 1487 continui
1027 1450 1189 1486 divisione
1209 1450 1277 1486 fuse
1296 1452 1432 1485 dicetur.
1463 1452 1560 1486 Nunc
1581 1453 1693 1500 praeci-

296 1516 375 1551 puas
386 1513 571 1538 atomorum
580 1502 674 1536 dores
690 1507 724 1538 &
739 1500 931 1537 affeffiones
939 1501 1128 1538 videamus,
1147 1503 1237 1537 Hinc
1251 1502 1338 1536 enim
1352 1498 1439 1534 bene
1449 1498 1596 1535 multain
1606 1500 1695 1548 Phys:

297 1552 356 1588 sica
375 1552 526 1601 explicari
544 1549 681 1600 possunt.
1005 1548 1019 1562 ⁷
1040 1579 1043 1581 Α
1623 1547 1626 1550 ⁴

345 1604 428 1637 Haec
442 1600 545 1636 solent
562 1602 708 1648 Epicurei
719 1603 753 1635 in
762 1612 946 1635 atomorum
956 1599 1107 1635 sttudmra
1115 1597 1320 1646 distinguere,
1334 1596 1469 1646 figuram
1480 1627 1491 1642 ,
1501 1597 1592 1633 situm
1603 1626 1614 1642 ‚
1635 1609 1693 1633 or.

298 1652 407 1686 dinem
419 1678 427 1692 ‚
446 1649 705 1699 magnitudinem
714 1654 749 1686 ὅ(
761 1662 902 1685 morum.
917 1649 1107 1684 Innumeras
1118 1647 1181 1682 effe
1191 1659 1377 1682 atomorum
1391 1645 1507 1694 figuras
1521 1646 1630 1682 multis
1642 1659 1694 1682 ar-

298 1702 459 1749 gumentis
477 1698 627 1747 probant.
642 1700 753 1732 Primo
763 1701 852 1733 enim
864 1698 941 1732 hinc
958 1696 1081 1732 summa
1098 1708 1204 1730 rerum
1222 1698 1363 1729 varietas
1376 1694 1502 1729 ducitur
1512 1723 1522 1738 ‚
1541 1708 1579 1730 ac
1588 1695 1690 1742 pluri·

299 1763 360 1785 mae
385 1748 558 1796 qualitates
577 1746 795 1794 explicantur,
812 1757 848 1780 ut
866 1745 975 1793 postea
985 1744 1197 1779 ostendemus.
1217 1743 1365 1778 Secundo
1378 1743 1411 1776 id
1437 1745 1566 1778 veritati
1581 1746 1694 1792 proxi-

301 1811 392 1833 mum
413 1798 542 1831 videtur
554 1824 563 1838 ,
576 1795 730 1843 pleraque
747 1807 904 1843 corpora,
924 1806 962 1828 ac
974 1792 1052 1839 sales
1069 1793 1227 1841 imprimis
1245 1804 1366 1827 certam
1377 1790 1532 1827 affectare
1544 1791 1692 1842 figuram,

301 1846 390 1895 quod
407 1847 525 1881 atomis
544 1843 714 1879 consimilis
734 1842 841 1894 figura:
857 1843 1006 1879 constent
1026 1857 1036 1879 t
1058 1843 1158 1890 idque
1174 1840 1343 1878 luculento
1362 1840 1435 1875 satis
1465 1844 1692 1890 experimento

303 1894 487 1931 confirmari
499 1894 615 1942 potest.
629 1895 716 1928 Nam
735 1893 756 1928 fi
775 1893 872 1928 salem
883 1904 1092 1928 communem
1108 1921 1117 1935 ,
1134 1892 1256 1926 nitrum
1271 1920 1281 1934 ,
1301 1889 1353 1926 seu
1361 1889 1458 1925 salem
1475 1902 1572 1940 petrae
1585 1920 1595 1934 ,
1620 1890 1692 1926 alu-

305 1957 381 1981 men
393 1974 401 1987 ,
416 1949 448 1980 &
461 1943 541 1977 alios
559 1943 634 1978 sales
644 1945 677 1977 in
691 1942 763 1977 vase
778 1955 863 1990 aqua
882 1942 980 1991 pleno
992 1943 1143 1991 conjicias
1155 1969 1166 1983 ,
1179 1952 1249 1975 tum
1266 1940 1330 1975 leni
1350 1939 1458 1974 calore
1472 1952 1590 1987 aquam
1612 1952 1692 1975 eva..

305 1995 412 2042 porari
428 1991 595 2036 filias‚fi1les
607 2004 721 2027 omnes
733 1991 902 2040 separatim
919 1994 951 2027 in
964 1991 1067 2027 fundo
1077 1996 1111 2028 &
1126 1989 1280 2025 lateribus
1289 1987 1366 2024 vafis
1376 1989 1596 2033 concrescent,
1607 1989 1694 2025 adeo

303 2055 341 2078 ut
353 2041 466 2077 similes
477 2055 550 2076 cum
558 2040 711 2076 similibus
720 2039 944 2077 consocientur
955 2070 964 2085 ,
976 2046 1010 2078 &
1027 2043 1173 2076 nativam
1183 2052 1320 2087 quaeque
1331 2039 1386 2075 vel
1405 2037 1612 2074 minutiffima
1621 2050 1698 2087 graf-1

304 2091 380 2127 nula
399 2090 531 2140 figuram
544 2102 704 2126 tueantur.
723 2093 768 2126 Ea
779 2090 916 2126 estenim
930 2088 1179 2126 constantiffima
1197 2089 1316 2124 naturae
1335 2088 1386 2123 lex
1400 2117 1406 2126 ,
1420 2100 1456 2123 ut
1471 2100 1521 2123 tes
1536 2100 1698 2134 unaquaea

308 2154 375 2188 que
387 2141 427 2175 sui
438 2140 572 2175 similem
582 2151 714 2187 quaerat.
734 2142 910 2175 Sicmarini
924 2139 980 2175 seu
989 2141 1172 2174 communis
1183 2138 1360 2185 salis-grana
1379 2137 1528 2173 cubicam
1543 2135 1693 2184 figuram;

309 2190 458 2225 aluminis
469 2189 752 2231 ochedricam,seu
762 2190 840 2224 osto
853 2189 952 2224 facies
962 2218 973 2233 ‚
985 2189 1099 2234 easque
1115 2188 1322 2235 triangularts
1336 2187 1423 2226 -,salis
1436 2197 1534 2233 petrae
1549 2186 1694 2233 particu-

311 2239 350 2273 lae
364 2238 550 2274 consuetam
566 2238 701 2286 figuram
713 2240 874 2286 pyramidi
888 2239 956 2273 fere
973 2238 1107 2273 ssmilem
1120 2238 1332 2273 exhibebunt·
1351 2239 1422 2270 lmo
1432 2233 1452 2269 fi
1463 2235 1514 2268 vel
1526 2245 1616 2282 gutta
1631 2232 1692 2268 sal-

312 2287 341 2321 sa
356 2286 462 2322 sensim
474 2286 728 2328 exhaletursalis·
746 2288 836 2322 velut
848 2301 975 2323 atomos
991 2287 1091 2336 figura
1102 2287 1214 2322 cubica
1230 2286 1396 2322 instructas
1414 2284 1626 2326 microscopio
1642 2284 1692 2316 in-

314 2339 396 2369 tueri
413 2337 525 2372 licebit
539 2356 547 2381 ·‚
561 2338 643 2372 adeo
660 2349 694 2371 ut
707 2338 737 2370 id
753 2336 825 2371 ffitis
854 2336 1026 2372 verisimile
1040 2339 1187 2372 videatur
1199 2366 1208 2379 ‚
1221 2346 1349 2371 atomos
1370 2332 1448 2382 ipsas
1462 2334 1556 2368 certis
1579 2330 1692 2379 figuris

313 2385 456 2421 addictas
475 2386 535 2421 effe
548 2415 556 2429 ,
571 2399 649 2435 quas
662 2390 1087 2437 majoraquaequecorpora
1100 2387 1260 2424 constanti
1275 2396 1396 2422 naturae
1407 2383 1480 2432 lege
1499 2392 1636 2418 tuentur.
1653 2408 1656 2411 .
