1878 2724
588 147 728 184 PARS
764 146 992 185 TERTTA.
1435 151 1471 185 Gr

92 196 134 238 Iis
144 227 156 246 ‚
167 196 204 237 ἃ
215 196 336 237 avenis
347 198 378 234 in
389 197 518 234 arterias
529 198 706 247 protrudat.
717 200 762 234 Ita
774 197 907 245 quidem
919 193 1071 233 Borellus.
1472 162 1495 198 ἵ

131 249 296 286 Postremo
313 251 346 284 in
361 245 487 284 insectis
494 260 561 282 non
577 248 746 296 pulmones
756 246 890 294 quidem
899 274 910 289 ‚
924 245 977 281 sed
986 244 1074 280 velut
1085 243 1246 281 branchia:
1258 256 1314 280 aut
1325 255 1410 280 certe
1421 256 1483 280 tra.

92 296 176 333 cheae
186 297 359 333 numerosae
369 299 593 333 cernuntur.ln
601 295 724 345 lingulis
736 295 860 331 annulis
868 297 1021 341 utrinque
1035 293 1182 342 stigmata
1192 296 1280 342 nigra
1295 306 1479 340 cernuntur,

91 358 164 393 quae
175 345 244 382 sunt
257 358 366 395 aperta
381 345 574 382 foraminula
586 374 595 388 ,
608 357 664 394 pet
674 357 742 393 quae
750 357 803 379 aer
811 346 950 379 exterior
960 341 1043 378 subit
1054 342 1202 378 tubulurn
1221 371 1230 385 ‚
1248 344 1305 390 qui
1326 345 1357 377 in
1373 355 1479 378 ramu-

92 394 140 430 los
155 394 246 430 albos
256 407 341 443 pene
350 397 538 430 innumeros
553 394 668 430 divisus
680 395 738 437 ,ad
748 394 866 429 intima
876 392 972 440 usque
989 391 1107 427 viscera
1118 390 1291 427 descendit.
1306 393 1370 425 Hic
1384 391 1481 426 tubu‹

90 442 140 479 lus
151 446 185 479 in
199 444 374 492 majoribus
391 443 520 479 inseetis
533 443 660 478 aciculae
670 440 840 479 craffitiem
858 453 974 489 aequat.
991 443 1066 479 Nec
1082 439 1216 476 dubium
1232 440 1279 475 est
1293 443 1372 488 quin
1382 439 1480 489 respi-

90 495 218 528 ratione
226 494 362 540 quadam
373 492 441 529 haec
454 492 646 527 animalcula
657 493 815 527 donentur
828 503 913 527 :cum
925 492 956 526 in
967 489 1127 526 nonnullis
1138 502 1202 525 vox
1212 489 1298 524 forte
1309 503 1375 525 non
1389 488 1480 534 defit,

90 545 124 577 &
137 545 169 576 in
180 541 339 590 plerisque
350 553 456 577 motus
466 541 931 578 dilatationis&contra6kionis
942 542 1183 588 percipiatur3ac
1195 549 1309 587 praeter
1319 537 1399 573 alios
1410 537 1480 574 usus

89 589 257 638 respiratio
271 590 422 626 alimenti
431 592 573 626 metroni
583 595 616 627 &
632 588 849 625 distributioni
867 588 1003 626 serviat:
1017 600 1053 624 ut
1063 588 1129 624 usus
1138 588 1282 624 nondum
1296 586 1366 621 satis
1385 599 1479 622 com-

86 650 197 686 petros
215 650 407 687 praeteream·
422 640 536 676 Unum
549 638 689 687 exempli
704 638 777 673 loco
785 637 881 674 affert
891 641 934 674 D.
950 639 1103 672 Perrault
1114 650 1151 672 ex
1168 639 1203 672 iis
1216 635 1328 671 muscis
1340 648 1408 684 quae
1420 649 1481 671 no·

88 689 143 723 &u
156 690 242 722 inter
261 688 437 724 volandum
447 688 630 725 scintillant.
649 687 750 725 Causa
764 687 854 736 hujus
874 685 1109 722 scintillationis
1136 687 1179 721 est
1198 686 1313 721 humor
1329 712 1339 728 ,
1365 686 1420 732 qui
1441 697 1478 721 ue

86 737 122 770 in
139 735 318 785 lampyride
330 766 339 781 ,
353 736 404 773 seu
416 739 448 773 in
458 749 567 773 verme
577 739 675 773 noctu
688 736 814 772 lucente
829 748 886 784 pet
903 747 1015 783 corpus
1025 735 1127 784 ipsum
1137 734 1332 783 diaphanum
1344 732 1467 781 conspi-

87 786 181 821 citur.
192 787 258 820 Hic
271 785 386 821 humor
402 789 436 821 in
454 785 567 821 muscis
584 797 620 822 ut
632 798 746 834 corpus
762 785 1166 822 dilatatur&contrahitur
1179 812 1189 827 ,
1212 782 1344 817 alternis
1369 781 1454 816 lucet
1468 783 1480 810 ἱ

86 832 173 880 quafi
183 845 219 868 ea
231 833 267 869 sit
281 834 446 870 flammula
455 847 528 882 quae
545 837 623 869 aeris
641 831 759 869 acceffu
772 833 936 870 flammam
955 835 1096 881 concipit
1112 837 1144 869 in
1158 831 1223 881 ipsa
1242 831 1449 879 inspiratione
1466 848 1477 873 ;

87 884 284 931 extinguitur
293 886 327 918 in
339 882 564 931 exspiratione.
573 881 701 919 Verum
714 881 756 916 eo
775 883 941 916 redeamus
957 882 1042 916 unde
1055 882 1157 918 sumus
1167 878 1277 931 egressi
1287 907 1298 924 ,
1312 890 1409 928 atque
1423 880 1474 917 in.

87 930 232 967 stitutam
249 931 290 968 de
306 930 514 980 respiratione
526 930 778 981 disputationem
800 929 1004 966 resumamus,

582 1030 614 1067 C
638 1030 667 1066 A
693 1031 718 1066 P
741 1028 777 1067 U
800 1029 832 1064 T
894 1029 962 1064 IV.

561 1125 717 1174 Qomodo
739 1123 805 1171 fiat
821 1124 997 1174 respiratio.

82 1224 256 1311 NUnc
265 1224 380 1273 quibus
392 1224 482 1260 velut
493 1223 679 1261 machinulis
699 1221 757 1259 fiat
775 1223 941 1271 respiratio
956 1249 965 1265 ,
984 1225 1018 1258 δε
1028 1221 1084 1268 qui
1093 1218 1152 1256 lint
1163 1219 1246 1256 illius
1259 1221 1328 1256 usus
1345 1250 1355 1265 ,
1370 1219 1468 1270 paulo

178 1272 361 1323 diligentius
374 1276 570 1310 intueamur:
579 1272 666 1308 simul
676 1285 746 1320 quae
757 1270 815 1307 sint
827 1271 1030 1320 pulmonum,
1042 1281 1115 1316 quae
1125 1269 1283 1306 costarum
1296 1276 1329 1307 ὅ(
1342 1270 1467 1305 muscu-

83 1323 187 1358 lorum
197 1352 206 1367 ‚
225 1335 298 1370 quae
310 1323 450 1370 denique
465 1322 715 1372 diaphragmatis
729 1332 833 1370 partes
843 1325 878 1357 &
890 1319 1088 1362 fundkioneg
1098 1317 1243 1354 brevitet
1258 1319 1466 1367 explicemus,

80 1370 200 1407 omissis
215 1373 390 1406 innumeris
405 1372 464 1406 hac
475 1372 515 1406 de
527 1384 560 1406 re
569 1369 804 1407 controversiis.
819 1370 906 1404 Cum
917 1370 1004 1404 enim
1019 1379 1068 1401 res
1082 1366 1147 1415 ipsa
1161 1368 1252 1404 velut
1263 1367 1360 1403 oculis
1369 1366 1465 1416 subji-

80 1422 163 1455 citur
175 1450 184 1464 ‚
199 1420 314 1455 frustra
329 1423 362 1455 in
374 1419 602 1468 quaestionibus
614 1420 785 1455 movendis
803 1429 928 1466 tempus
947 1417 1134 1452 conteritur.

119 1472 166 1504 Ac
181 1467 321 1517 primum
340 1470 508 1518 pulmones
523 1469 609 1517 quod
626 1470 743 1503 attinet
756 1497 765 1511 ‚
780 1480 820 1503 ex
831 1470 982 1502 vivorum
1003 1465 1189 1500 animalium
1213 1464 1404 1502 dissestione
1427 1470 1462 1502 &c

79 1529 192 1553 eorum
204 1519 351 1553 struaura
361 1530 451 1566 patet
460 1531 514 1553 eos
524 1517 627 1553 inflari
644 1530 717 1552 cum
729 1517 913 1564 inspiramus
927 1528 935 1550 :
955 1526 1062 1548 utrum
1077 1526 1183 1548 autem
1195 1514 1307 1562 sponte
1320 1515 1370 1550 sua
1390 1528 1463 1548 mo-

79 1578 234 1610 veantur,
253 1577 289 1601 ut
301 1578 393 1615 putat
403 1568 558 1602 Avetro‘e's
578 1583 586 1610 ;
610 1578 651 1601 an
668 1566 804 1601 thoracis
822 1564 1048 1599 dilatationem
1072 1561 1324 1610 consequantur,
1344 1574 1460 1612 magna

83 1614 163 1651 olim
184 1615 246 1651 fuit
264 1615 484 1652 controversia.
502 1619 551 1651 Sit
567 1618 679 1662 itaque

619 1665 730 1697 Unica
745 1663 912 1708 Conclusio.

117 1711 302 1759 Respiratio
313 1724 379 1747 non
394 1710 414 1746 ἒι
427 1711 650 1761 pulmonibus,
660 1710 710 1746 sed
722 1709 742 1748 ὲι
754 1711 897 1747 musculis
909 1712 1049 1761 petitoris
1060 1714 1094 1749 δε
1104 1708 1346 1759 diaphragmate
1357 1708 1458 1758 profi-

79 1758 217 1796 cisciturz

114 1807 276 1844 Probatur
286 1811 392 1857 prima
403 1818 480 1858 pars
493 1809 702 1854 conclusionis.
718 1808 828 1845 Primo
841 1812 927 1844 enim
941 1823 1015 1846 cum
1033 1806 1176 1844 musculis
1195 1811 1228 1843 &
1249 1805 1336 1841 fibris
1352 1816 1458 1840 motus

76 1859 182 1892 omnis
198 1857 394 1905 perficiatur,
417 1858 522 1905 palam
531 1859 577 1893 est
590 1870 694 1894 motus
711 1858 799 1906 hujus
813 1862 1003 1908 principium
1016 1861 1123 1908 potius
1137 1855 1158 1892 ὲ.
1175 1855 1313 1891 thoracis
1333 1854 1456 1889 muscu-

75 1905 116 1940 'lis
129 1935 138 1948 ,
159 1906 257 1953 quam
267 1906 514 1955 ‘Ca-pulmonibus
526 1909 597 1942 duci
609 1916 771 1956 oportere.

115 1956 218 2001 Qiod
231 1967 338 1989 autem
353 1969 469 2004 magna
482 1969 654 1992 nervorum
666 1958 768 2005 vcopia
785 1955 953 2005 pulmones
971 1956 1132 1991 donentur
1145 1982 1154 1997 ,
1173 1965 1238 1988 non
1262 1952 1383 1987 idcirco
1402 1962 1457 1986 aut

77 2014 182 2037 motus
195 2031 204 2045 ‚
214 2014 269 2036 aut
286 2006 380 2051 primi
391 2006 431 2038 ad
441 2005 739 2040 moniminstinekus
748 2004 768 2040 ὲ
781 2005 989 2052 pulmonibus
1003 2001 1261 2052 proficiscuntur:
1275 1999 1326 2035 sed
1337 2010 1454 2034 nervu-

77 2050 184 2086 lorum
192 2062 254 2099 ope
272 2050 426 2086 bronchia
437 2081 447 2094 ‚
461 2051 513 2086 seu
526 2052 784 2100 asperaesarteriaei
794 2053 906 2087 calami
922 2052 1153 2088 contrahuntur
1172 2063 1180 2084 τ
1195 2061 1229 2083 ut
1247 2052 1330 2084 inter
1348 2046 1455 2094 exspi-

76 2101 211 2134 randum
229 2099 368 2147 expulsio
379 2101 461 2134 aeris
478 2110 715 2148 promoveatur.
733 2102 852 2147 Neque
869 2103 958 2135 enim
970 2102 1051 2135 adeo
1070 2100 1207 2148 peEtoris
1225 2100 1344 2133 cavitas
1363 2107 1455 2130 coar-

77 2150 181 2184 &atur
192 2178 201 2192 ,
212 2157 255 2183 ut'
265 2148 435 2195 pulmones
451 2149 652 2197 expellendo
669 2151 734 2184 aeri
759 2147 829 2185 satis
852 2152 1020 2198 comprimi
1033 2147 1159 2197 poffint.
1181 2147 1310 2183 Deinde
1338 2157 1454 2192 magna

74 2208 147 2246 pars
164 2199 244 2232 aeris
262 2196 401 2245 inspirati
415 2200 447 2233 in
457 2198 579 2233 cellulis
596 2203 628 2234 δε
639 2196 779 2233 vesiculis
794 2198 945 2246 superstes
956 2208 1084 2233 manere
1099 2196 1216 2246 potest,
1232 2208 1300 2243 quae
1311 2205 1367 2240 per
1378 2205 1453 2227 ner-

76 2246 169 2281 vulos
180 2259 251 2281 cum
269 2260 346 2293 opus
359 2247 406 2282 est
418 2249 574 2297 ,ejicitun
588 2246 816 2284 Hincteseetis
830 2261 934 2283 nervis
949 2247 1138 2297 pulmonum
1156 2257 1263 2280 motus
1279 2248 1313 2280 δέ
1324 2240 1455 2290 respira-

77 2297 124 2331 tio
136 2298 242 2330 omnis
256 2293 362 2331 cessat.

116 2344 228 2390 Qare
239 2343 427 2391 pulmonum
440 2358 547 2381 motus
560 2358 677 2394 magna
688 2358 725 2380 ex
739 2358 827 2394 parte
838 2345 858 2381 ὲ
869 2344 999 2379 thorace
1009 2343 1140 2392 pendet.
1153 2342 1228 2377 Hoc
1241 2341 1328 2375 enim
1343 2337 1454 2374 vulne-

73 2402 187 2429 nerato
195 2391 285 2429 fimul
296 2393 418 2430 laeditur
425 2420 439 2439 γ,
448 2402 503 2431 aut
514 2397 653 2431 'omnino
662 2395 785 2432 tollitur
793 2391 970 2444 respit-ario·
982 2393 1047 2427 Aer
1057 2393 1178 2440 quippe
1188 2401 1244 2438 pet
1252 2386 1395 2438 asperam
1406 2398 1455 2421 ar-
