1878 2724
440 132 510 167 DE
548 130 717 167 MOTU
755 128 1025 166 SIDERUM.
1111 129 1115 132 ’
1405 147 1455 179 337

60 211 61 214 η
74 188 257 229 tunt5q‘uem
267 189 343 215 ante
361 179 569 215 undecimum
581 179 745 214 Februarii
755 182 805 226 §ux
811 190 843 213 ta
854 178 942 227 leges
953 178 1190 214 Astronomicas
1201 180 1375 216 rediturum
1386 194 1451 217 non

73 232 252 280 sperabant,
267 226 421 277 vigesimo
438 240 553 275 quarto
568 230 619 263 die
631 229 777 277 Jtinuarij
805 226 1016 276 conspexere:
1032 232 1116 276 cujus
1135 231 1217 264 ratio
1238 242 1305 265 non
1321 230 1449 265 aliunde

73 291 169 328 quam
183 291 220 311 ex
231 277 477 312 reriafiionibus
489 278 633 312 constare
649 277 761 325 potest.

56 346 65 362 ·,
101 329 218 374 Neque
240 326 293 360 hic
308 327 534 371 inquirendum
551 338 631 374 puto
645 339 684 360 an
701 325 816 359 eadem
831 323 867 358 sit
887 327 969 359 ratio
983 324 1233 372 crepusculorum
1254 338 1323 373 quae
1345 327 1449 363 refra-

73 377 228 411 ffionum.
250 377 338 410 Nam
353 374 372 409 fi
383 387 477 423 purus
490 374 566 409 effet
587 387 655 417 aer,
669 385 738 408 turn
756 372 849 407 fieret
863 372 1005 408 transitus
1023 374 1043 409 a
1060 387 1135 421 pura
1155 374 1223 407 luce
1233 377 1271 409 ad
1288 376 1446 414 tenebras.

61 423 196 472 &Nihil
214 435 344 470 quoque
363 421 483 458 necesse
506 424 548 457 est
563 435 598 457 ut
617 421 762 458 hocloco
776 420 960 469 Astrologiae
972 422 1383 470 conjecturalisvanitatem
1398 438 1449 460 re-

32 488 34 490 ’
69 473 191 509 fellam.
213 474 301 508 Nam
317 484 351 506 ut
364 473 450 506 forte
470 470 565 506 sidera
580 470 734 518 quosdam
746 469 879 505 influxus
899 473 931 505 in
956 482 1073 506 tertam
1094 473 1267 507 demittant
1288 472 1307 507 a
1327 473 1447 510 lumine

69 517 138 571 ipso
157 521 307 555 discretos
322 549 332 564 ,
349 523 437 568 quod
459 520 554 555 valde
571 522 724 555 incertum
740 530 818 566 puto
834 547 844 562 ,
858 519 1053 554 influxusilli
1072 520 1152 554 nihil
1172 533 1262 556 erunt
1278 521 1331 556 nifi
1351 523 1446 558 causae

68 569 234 619 generales
247 597 255 612 ,
278 581 315 604 ex
335 569 452 616 quibus
471 568 549 603 nihil
565 571 641 603 certi
659 567 805 603 concludi
820 568 946 614 potest3
965 569 1081 604 nedum
1095 581 1132 603 ex
1153 568 1290 604 siderum
1309 572 1445 619 aspecti-

69 619 129 653 bus
145 620 273 666 ingenia
292 630 414 661 mores,
428 619 568 653 animum
581 647 590 661 ,
603 620 675 652 vita:
694 628 823 651 munera
834 644 843 658 ,
859 616 943 651 casus
957 622 990 653 &
1005 629 1140 652 eventus
1159 619 1272 653 licebit
1282 620 1446 669 colligere.

69 667 223 703 Praeclare
239 677 274 700 ut
288 678 402 700 caetera
412 666 450 700 C.
465 668 597 701 Tacitus
612 666 670 709 ,de
680 664 857 712 Astrologis
868 665 1019 712 loquens,
1025 679 1121 713 genus
1142 667 1296 702 hominum
1308 673 1447 717 potenti-

71 714 126 750 bus
138 713 268 759 infidum
280 740 288 752 ‚
299 713 496 762 sperantibus
506 715 638 761 fallax,
650 714 736 762 quod
747 716 780 748 in
796 715 930 748 civitate
945 714 1050 759 nostra
1061 743 1070 759 ‚
1085 713 1124 749 (ῥ’
1135 715 1302 751 vetabitur
1307 719 1444 767 ftmper,

74 763 112 798 ὠ·
128 761 327 799 retinebitur.
343 788 347 792 .

443 861 977 933 TRACTAT'US
1038 891 1103 932 11.

566 969 622 1003 De
633 970 753 1002 >mixtis
776 964 963 1015 corporibus.

125 1058 256 1104 Equitur
272 1068 307 1092 ut
329 1058 369 1092 de
391 1059 497 1093 mixtis
522 1054 711 1104 corporibus
734 1067 885 1103 agamus,
901 1067 972 1101 quae
987 1067 1058 1090 cum
1081 1054 1140 1090 {int
1166 1058 1374 1104 imperfecsta,
1392 1072 1448 1095 aut

72 1061 290 1152 Spetfe6m3
311 1106 350 1140 de
364 1106 426 1140 illis
449 1108 555 1154 priore
577 1106 651 1139 loco
667 1104 848 1139 dicendum.
876 1105 1018 1138 Mixrum
1044 1105 1178 1138 dicimus
1200 1107 1448 1153 imperfestum,

71 1154 124 1187 vel
137 1155 171 1187 in
183 1166 248 1200 quo
261 1166 357 1188 unum
375 1166 415 1189 ex
435 1155 604 1188 elementis
618 1154 801 1187 dominatur
818 1181 827 1194 ,
842 1151 896 1186 vel
918 1157 1002 1199 cujus
1016 1154 1173 1200 principia
1195 1154 1278 1188 male
1300 1157 1450 1206 colligata

72 1201 167 1235 facile
183 1203 309 1250 possunt
321 1202 466 1250 separari.
485 1203 570 1249 Qae
584 1200 684 1249 vulgo
696 1201 829 1234 dicimus
842 1200 1002 1235 elementa
1014 1223 1024 1243 ,
1048 1212 1126 1234 terra
1144 1213 1239 1247 quam
1260 1204 1428 1241 incolimus
1439 1236 1449 1249 ‚

71 1262 155 1297 aqua
172 1277 181 1292 ‚
204 1262 258 1284 aer
269 1279 278 1293 ‚
290 1252 371 1298 ignis
385 1280 394 1294 ,
410 1251 460 1285 seu
473 1250 605 1285 flamma
621 1249 662 1283 ad
682 1249 743 1283 hoc
755 1251 930 1283 mixtorum
953 1261 1052 1296 genus
1078 1252 1239 1296 pertinent
1255 1264 1263 1285 ε
1277 1252 1316 1286 de
1331 1254 1448 1300 quibus

73 1310 146 1333 cum
161 1303 226 1345 jam
241 1301 273 1333 in
297 1302 399 1347 prima
414 1310 505 1347 parte
527 1298 593 1333 fuse
611 1298 782 1332 trad-:tatum
800 1297 821 1332 a
836 1296 928 1332 nobis
950 1297 1049 1331 fuerit
1067 1325 1076 1340 ‚
1093 1310 1177 1331 nunc
1199 1311 1234 1332 ea
1256 1301 1447 1346 potissimum

73 1351 175 1382 mixta
187 1346 412 1394 persequemur
424 1360 503 1395 vquae
525 1358 671 1382 meteora
684 1347 748 1380 dici
767 1344 869 1380 solent
885 1347 991 1393 :quod
1011 1346 1164 1393 pleraque
1177 1348 1208 1381 in
1225 1346 1352 1384 sublimi
1374 1363 1448 1386 aete

73 1407 256 1443 appareant.
281 1398 424 1431 Primum
444 1401 554 1443 itaque
581 1396 621 1429 de
638 1396 803 1428 communi
824 1394 939 1429 borum
964 1397 1115 1437 materia,
1132 1394 1183 1429 seu
1201 1396 1241 1429 de
1265 1396 1387 1443 halitu,
1409 1412 1447 1434 ex

74 1455 140 1489 quo
153 1456 220 1478 non
241 1456 385 1480 meteora
396 1446 494 1480 modo
507 1472 517 1487 ‚
531 1443 584 1478 sed
601 1446 698 1477 etiam
714 1442 800 1477 forte
818 1445 919 1477 mixta
938 1455 1074 1490 quaeque
1098 1443 1297 1488 formantur,
1318 1458 1385 1482 tum
1407 1449 1448 1483 de

74 1493 112 1525 iis
124 1505 193 1538 quae
205 1494 328 1528 interra
344 1496 533 1535 o'ronuntur,
555 1493 622 1541 post
631 1493 670 1526 de
679 1493 917 1538 aqueis‚1aexeis
929 1520 939 1535 ,
955 1497 986 1527 &
1003 1493 1110 1539 ignitis
1132 1491 1388 1540 impreffionibus
1408 1509 1451 1533 ex

74 1540 185 1574 ordine
194 1524 400 1586 differenuti'sc:
419 1555 456 1577 ac
470 1541 602 1577 tandem
611 1541 650 1574 de
661 1541 759 1583 iride,
773 1546 804 1576 &
816 1539 886 1574 aliis
899 1553 968 1587 quae
982 1541 1013 1575 in
1032 1539 1169 1575 nubibus
1186 1553 1341 1589 apparent
1356 1573 1364 1587 ,
1383 1556 1447 1579 tra,

75 1587 243 1626 stabimus.

448 1636 941 1679 DISSERTATIO
1019 1637 1058 1676 Ι.’

611 1714 665 1747 De
689 1715 840 1748 meteoris.

467 1779 550 1814 CA
577 1779 714 1814 PUT
772 1778 1057 1813 PRIMUM.

514 1844 569 1876 De
586 1842 743 1876 halitnnm
758 1853 876 1877 natura
889 1841 927 1877 ά*
943 1844 1054 1888 cctusts.

182 1930 284 1964 Alitus
303 1931 349 1965 est
360 1931 462 1967 ‘velut
477 1933 655 1965 communis
674 1931 822 1964 materies
838 1943 875 1966 ex
888 1943 951 1977 qua
963 1942 1029 1966 non
1044 1942 1191 1967 meteora
1201 1934 1425 1969 tantummodo
1439 1944 1451 1978 ‚*

78 1933 229 2017 Hsed
243 1980 339 2013 etiam
361 2007 370 2022 ,
389 1991 424 2014 ut
436 1978 544 2014 multis
570 1980 696 2013 videtur
715 2007 724 2022 ‚
741 1981 844 2013 mixta
866 1980 1060 2028 peffeffiom
1084 1981 1251 2027 prodeunt.
1276 1981 1450 2017 Miscibilia

80 2028 167 2061 enim
178 2029 230 2060 vix
242 2028 325 2060 inter
342 2026 370 2060 se
387 2027 568 2074 permisceri
586 2026 728 2074 possunt,
745 2027 800 2061 nisi
810 2040 884 2062 ante
906 2030 938 2063 in
956 2028 1176 2063 minutissirnas
1194 2042 1297 2077 partes
1314 2034 1450 2066 commi.

81 2087 216 2110 nuanrur
233 2088 240 2109 z
254 2075 340 2121 quod
353 2074 422 2109 fieri
437 2075 516 2110 solet
526 2088 598 2110 cum
610 2075 695 2111 calor
708 2087 811 2122 partes
830 2076 899 2111 illas
916 2079 1068 2125 exagitat,
1084 2089 1182 2125 atque
1193 2091 1245 2115 eas
1262 2081 1294 2114 in
1311 2092 1449 2127 vapores

81 2135 133 2157 aut
151 2123 264 2158 halitus
282 2123 422 2158 resolvit.

117 2174 259 2206 Primum
277 2175 385 2219 itaque
399 2174 479 2206 circa
497 2172 633 2207 halitum
642 2175 740 2219 quaeri
756 2175 868 2220 potest,
883 2173 1059 2221 quotuplex
1070 2174 1126 2218 fir,
1151 2180 1183 2211 δε
1204 2187 1240 2210 ex
1252 2173 1368 2222 quibus
1387 2186 1448 2221 po-

84 2219 233 2256 tlffimum
250 2220 383 2267 PsOdeat
392 2220 589 2268 COl'POl‘lbUS.
608 2246 610 2248 v

131 2272 178 2304 Ex
192 2270 355 2303 Aristotele
370 2269 485 2317 duplex
498 2270 542 2303 est
556 2270 711 2304 halituum
721 2282 818 2317 genus
835 2285 954 2307 :unum
968 2286 1006 2307 ex
1019 2271 1246 2314 terra‚alterum
1257 2282 1295 2304 ex
1306 2282 1388 2317 aqua
1398 2272 1447 2305 cli-

86 2317 291 2359 manat3illud
305 2317 387 2351 fumi
400 2347 408 2359 ,
426 2318 718 2362 autexhilationis,
736 2318 797 2355 hoc
807 2324 931 2369 vaporis
945 2324 1077 2358 nomine
1093 2319 1173 2354 solet
1193 2317 1369 2367 defiguari3
1392 2331 1447 2355 ex-

84 2364 204 2400 halatio
217 2365 292 2400 ficca
312 2367 370 2408 est,
387 2379 486 2414 vapor
502 2367 659 2403 humidus.

244 2415 340 2466 J‘om.
375 2416 434 2465 112
1220 2419 1253 2451 V
1266 2427 1287 2452 u
