1878 2724
362 172 417 211 526
910 161 935 198 P
953 159 988 197 H
1001 163 1034 198 Y
1046 162 1092 198 SI
1110 159 1141 197 C
1154 163 1194 197 ΑΞ

360 217 482 252 Datioi·
495 215 582 250 enim
599 209 634 246 fit
645 208 798 246 musru'vs
812 213 846 248 δε
857 209 973 253 tensus,
987 211 1075 258 quod
1091 209 1200 246 annuli
1210 208 1362 246 fibrarum
1375 238 1385 255 ,
1407 221 1462 247 aut
1472 209 1602 248 rhombi
1622 202 1770 249 velutab*t

363 266 475 298 inmin
500 277 538 296 xis
551 262 657 294 cuv-1332«
674 260 851 294 dilatentur
866 287 875 301 ‚
890 271 930 293 eo
947 272 1012 306 quo
1026 259 1227 308 exposuimus
1238 260 1338 294 modo
1351 262 1424 296 :vix
1439 262 1527 296 enim
1537 260 1693 297 musculus
1706 262 1768 297 du-“

364 325 428 347 rior
442 312 500 346 effe
513 309 617 358 potest
628 337 636 351 ‚
656 307 708 342 nisi
726 318 877 358 augeatur
892 313 956 356 ejus
970 309 1107 344 latitudo
1123 338 1132 351 ‚
1144 314 1177 345 ὅ(
1193 307 1355 345 ctaffities.
1368 309 1472 356 quue
1487 308 1523 345 fit
1535 321 1608 345 cum
1627 312 1767 359 patriciu

372 362 409 396 1ae
425 361 566 408 corporis
579 358 886 393 advenientisinstar
907 370 1083 393 cuneorum
1102 357 1297 394 insinuantur
1315 359 1398 394 intra
1414 358 1566 394 fibrarum
1581 371 1676 408 poros
1688 369 1767 395 :un-⁴

365 410 404 443 de
419 415 453 446 &
464 419 642 443 cuneorum
664 418 834 456 apparatus
847 407 879 442 in
895 406 1105 443 musculorum
1119 407 1342 443 contre-&ione
1352 409 1540 456 requiritur,
1558 409 1689 442 durities
1718 410 1768 443 ni.

364 460 478 494 mirum
492 463 525 495 δε
537 459 585 492 vis
602 459 721 491 matrix
739 471 746 492 :
778 467 847 504 quae
864 458 922 491 vix
941 459 973 492 in
998 469 1072 491 aura
1088 458 1174 493 tenui
1200 458 1353 506 reperies.
1394 459 1484 494 Nam
1499 455 1622 506 spiritus
1639 457 1706 502 illi,
1731 458 1768 493 ur}

369 509 497 542 videtur
519 505 650 541 Borello
662 535 671 549 ‚
685 506 753 541 sunt
766 505 838 541 lana
853 505 1029 542 molliores.
1051 506 1086 540 ld
1102 508 1200 541 etiam
1217 505 1402 555 rogatunde
1418 517 1507 541 tanta
1527 505 1694 556 spirituum
1712 518 1769 541 co..

367 559 424 605 pia
440 585 451 600 ‚
475 556 563 604 quod
583 566 696 589 eorum
711 557 968 603 promptuarium
989 564 998 591 Ξ
1014 555 1100 590 unde
1116 557 1163 590 vis
1181 555 1236 590 illa
1251 558 1370 590 motrix
1385 567 1454 603 quae
1465 567 1585 591 novam
1600 554 1689 590 illam
1708 554 1770 603 spi-

369 608 491 640 rituum
504 606 633 653 copiam
648 605 730 640 intra
747 603 879 640 musculi
893 615 1018 640 meatus
1033 603 1174 654 impellit
1190 614 1200 640 ἒ
1225 617 1291 640 non
1307 607 1394 641 enim
1406 634 1416 649 ,
1429 605 1556 652 inquit,
1570 617 1640 640 raro
1654 606 1768 652 corposs

370 658 398 689 ri
413 659 448 691 δέ
469 657 558 689 tenni
575 664 611 687 ut
629 655 697 688 aeri
723 664 788 688 tam
804 653 980 689 vehemens
1004 655 1143 703 impetus
1153 654 1357 702 projeffitius
1374 654 1628 703 imprimipotest.
1646 652 1771 690 Verum

372 703 444 739 fote
455 704 568 739 eadem
578 705 680 751 regeri
691 699 816 751 possent
826 702 866 737 de
880 706 913 738 vi
932 703 1074 752 pulveris
1085 704 1228 752 pyrii‚de
1239 702 1386 752 procellis
1402 708 1436 739 &
1447 702 1625 739 turbinibus
1638 705 1694 752 qui
1706 701 1772 753 tur]

371 766 419 788 res
431 758 463 790 ὃς
477 752 608 787 arbores
621 753 793 800 disjiciunt.
810 755 880 788 lmo
891 753 931 788 de
943 754 1035 789 omni
1046 752 1116 788 fere
1132 763 1225 788 motu
1239 753 1296 800 qui
1311 751 1332 788 ir
1344 751 1493 790 subtili&
1502 752 1642 788 aetheteo
1653 764 1770 801 corpo-

372 813 406 837 re
425 802 555 838 videtur
577 800 751 849 profluere.

418 851 500 886 Illud
516 851 649 899 quidem
661 850 746 886 ultro
759 851 976 895 concedimus,
988 849 1160 886 musculum
1177 849 1293 886 sursum
1307 863 1372 887 non
1383 851 1467 887 trahi
1482 850 1576 886 instat
1588 849 1685 886 funis:
1696 849 1772 885 nam'

373 899 456 936 illius
471 899 643 948 longitudo
657 912 723 935 non
734 903 932 936 minueretur
949 916 958 943 3
978 911 1038 936 nec
1051 900 1150 935 instar
1165 898 1257 934 arct'is
1270 899 1346 935 tenfi
1365 903 1396 936 vi
1413 901 1539 949 propria
1550 898 1772 935 contrahitur:

374 951 459 998 prius
478 950 600 997 quippe
611 959 686 984 eum
696 949 847 994 distrahi,
861 959 916 984 aut
925 948 1034 984 diduci
1050 959 1232 997 oporteret.
1250 950 1379 985 Deinde
1391 961 1478 984 arcus
1492 976 1501 992 ‚
1519 947 1598 983 fides
1610 948 1772 983 testudinis
1812 965 1814 967 ·
1833 966 1845 980 ,ω
1864 953 1865 958 ’

375 1004 410 1036 &
421 998 489 1034 aliae
510 998 599 1045 hujus
613 1000 741 1045 generis
757 999 914 1033 machinae
929 1009 997 1032 tum
1009 999 1077 1032 vim
1096 997 1181 1033 suam
1191 1009 1326 1033 exerunt
1339 1000 1491 1040 maxime,
1502 1009 1575 1032 cum
1586 997 1773 1032 distendun-
1836 1020 1843 1039 =,

376 1059 451 1091 tur3
479 1048 652 1081 contractae
674 1049 810 1082 omnino
831 1046 998 1082 feriantur.
1026 1046 1190 1082 Postremo
1213 1049 1261 1081 vis
1279 1046 1334 1081 illa
1355 1059 1419 1094 qua
1431 1044 1584 1081 musculus
1596 1046 1772 1082 instarma-
1822 1075 1844 1082 ,.

377 1095 479 1131 thina:
490 1094 735 1130 contraheretur
746 1124 757 1138 ,
775 1095 906 1143 aequalis
924 1093 1167 1144 essetpotentiae
1178 1093 1347 1144 oppositas,
1366 1107 1437 1144 quae
1452 1093 1594 1131 musculo
1607 1096 1775 1143 antagoni-

377 1146 432 1180 stae
444 1143 557 1179 insidet
577 1158 585 1180 ε
602 1156 680 1194 ergo
693 1144 856 1193 utriusque
867 1143 997 1180 mustuli
1007 1146 1092 1180 vires
1110 1156 1203 1180 erunt
1224 1144 1315 1181 velut
1335 1147 1367 1181 in
1381 1142 1582 1194 aequilibrio,
1600 1148 1634 1181 &
1657 1145 1774 1178 inertes

378 1192 571 1230 manebunt.

414 1244 530 1277 Fateor
540 1242 572 1276 id
583 1252 718 1290 quoque
728 1241 862 1278 musculi
879 1253 975 1291 poros
993 1240 1013 1278 ὲ
1027 1241 1178 1291 sanguine
1189 1241 1344 1278 subeunte
1356 1255 1422 1278 non
1436 1241 1575 1290 impleri.
1588 1241 1673 1286 Qae
1686 1242 1776 1277 enim

378 1294 426 1327 vis
446 1291 602 1339 sanguinis
613 1290 766 1327 cuneolos
780 1303 846 1326 tam
862 1291 969 1326 valide
983 1290 1164 1339 impelleret
1178 1293 1262 1326 intra
1275 1291 1429 1327 fibrarum
1447 1303 1543 1340 poros
1565 1300 1575 1326 ἒ
1605 1291 1683 1325 Haec
1700 1291 1776 1338 qui-

380 1341 455 1376 dem
473 1338 632 1388 [inguinis
650 1343 780 1389 propria
805 1340 866 1376 effe
884 1341 1011 1387 nequit.
1031 1341 1118 1376 Nam
1137 1342 1182 1374 vis
1201 1339 1284 1376 illius
1300 1341 1476 1375 admodum
1494 1338 1612 1375 debilis
1626 1338 1694 1382 est,
1715 1350 1776 1374 nec

380 1389 485 1439 potest
495 1387 620 1440 sanguis
631 1387 764 1437 seipsum
776 1401 832 1437 per
841 1391 970 1425 arterias
980 1388 1161 1437 impellere.
1173 1391 1298 1425 Natura
1308 1392 1433 1439 cogitur
1443 1390 1512 1424 vim
1522 1390 1694 1425 motricem
1703 1399 1776 1422 cor.

381 1440 430 1474 dis
441 1466 452 1481 ,
469 1443 502 1475 &
512 1437 574 1472 alia
585 1437 720 1473 subsidia
735 1438 904 1475 adhibere.
919 1440 964 1474 Ac
975 1450 1016 1473 ne
1028 1440 1189 1494 propriam
1201 1439 1332 1485 quidem
1344 1440 1538 1488 gravitatem
1549 1439 1575 1472 is
1587 1436 1675 1473 valet
1683 1435 1781 1485 supe2.

381 1499 452 1523 rare
468 1502 476 1524 :
493 1498 529 1522 ut
539 1498 670 1523 cernere
688 1488 734 1522 est
752 1490 785 1523 in
798 1487 936 1523 brachiis
950 1485 1088 1522 demissis
1103 1501 1110 1524 ε
1127 1499 1192 1522 turn
1206 1490 1294 1523 enim
1304 1499 1394 1523 venae
1404 1500 1464 1536 prae
1476 1486 1640 1535 stagnante
1651 1483 1778 1534 sangui-

382 1549 425 1572 ne
442 1534 661 1572 intumescunt
671 1566 679 1580 ,
690 1537 777 1584 quod
789 1536 912 1586 sanguis
925 1549 987 1583 ptae
1001 1535 1054 1571 suo
1072 1536 1215 1585 pondere
1226 1539 1280 1571 vix
1288 1536 1402 1572 sursum
1418 1537 1496 1573 eniti
1510 1547 1618 1583 queat.
1631 1535 1707 1570 Huc
1719 1534 1777 1570 ad'.

384 1586 424 1620 de
449 1598 504 1620 cot
520 1584 581 1620 esse
596 1585 791 1631 musculum,
808 1597 844 1621 ut
869 1585 982 1634 postea
992 1585 1134 1621 dicemus
1148 1602 1156 1629 3
1175 1584 1226 1620 sed
1237 1598 1310 1621 curn
1325 1587 1485 1621 induratur
1496 1613 1506 1629 ‚
1518 1589 1553 1621 &
1566 1582 1778 1627 contrahitur,

385 1646 455 1669 tum
470 1635 512 1669 est
530 1646 613 1682 pene
629 1647 774 1684 exangue
793 1650 801 1671 :
816 1647 887 1669 curn
900 1646 1010 1669 autem
1025 1634 1178 1683 impletur
1191 1633 1343 1683 sanguine
1355 1664 1365 1679 ,
1389 1646 1425 1669 ac
1445 1645 1551 1669 totum
1571 1633 1667 1668 rnbet
1679 1661 1688 1676 ,
1710 1644 1779 1668 tum

388 1682 503 1720 ceffit:
533 1695 610 1732 ergo
626 1696 664 1719 ex
679 1683 810 1733 appulsu
826 1682 983 1732 sanguinis
996 1682 1128 1719 musculi
1149 1696 1216 1719 non
1233 1683 1336 1720 solent
1350 1683 1498 1720 contrahi
1510 1710 1521 1726 ,
1539 1693 1593 1718 aut
1611 1684 1694 1719 vires
1712 1681 1779 1718 sua's
1830 1683 1833 1686 ’

387 1744 546 1768 exercere.

423 1782 526 1828 Qod
543 1783 638 1830 igitur
654 1783 686 1815 in
700 1780 782 1816 hanc
797 1792 864 1816 tem
878 1781 940 1815 dici
952 1780 1153 1831 probabilius
1165 1782 1285 1831 potest,
1303 1781 1335 1816 id
1353 1780 1480 1815 videtur
1491 1810 1500 1824 ‚
1518 1779 1611 1816 fibras
1621 1779 1780 1815 musenim*

387 1843 456 1864 rum
468 1843 507 1864 eo
521 1830 589 1864 fere
601 1829 701 1864 modo
720 1830 1012 1878 intumescere,qu0
1024 1829 1111 1867 fibrae
1127 1842 1283 1866 contortae
1293 1830 1377 1865 funis
1389 1830 1508 1864 madidi
1518 1828 1539 1865 ἐι
1549 1831 1656 1865 cuneis
1665 1831 1779 1877 aqueis

389 1878 563 1914 dilatantur
576 1892 584 1914 ε
596 1889 665 1913 tum
679 1881 764 1913 enim
779 1881 870 1913 unius
884 1878 973 1914 librae
984 1882 1130 1928 potentia
1152 1879 1203 1913 vel
1221 1892 1298 1915 1000
1312 1877 1408 1913 libras
1427 1878 1588 1912 interdum
1602 1878 1709 1926 potest
1728 1889 1781 1913 at.

391 1925 518 1962 tollere.
536 1930 575 1962 Et
594 1926 665 1961 sane
679 1928 750 1974 poti
762 1927 842 1974 ligni
855 1926 969 1970 buxei,
990 1939 1045 1962 aut
1061 1927 1218 1976 juglandis
1233 1926 1303 1962 sunt
1318 1924 1480 1962 ardriffimi
1498 1939 1534 1961 ac
1549 1926 1644 1976 rigidi
1666 1927 1781 1962 admo-

390 1975 468 2010 dum
479 2003 489 2018 ,
507 1975 589 2010 adeo
604 1987 639 2010 ut
653 1977 707 2010 vix
719 1974 975 2023 dilatariqueant
989 1990 996 2012 :
1011 1982 1043 2014 &
1055 1987 1164 2012 tamen
1178 1977 1325 2023 quotidie
1342 1977 1499 2010 cernimus
1521 1987 1677 2023 quantam
1690 1974 1781 2024 aquae

390 2023 520 2073 guttulae
532 2053 542 2068 ‚
554 2036 623 2071 quae
638 2024 696 2059 hos
712 2021 846 2059 subeunt
856 2036 978 2060 meatus
994 2055 1003 2069 ‚
1021 2027 1087 2061 vim
1100 2024 1242 2060 habeant
1254 2039 1261 2061 :
1275 2026 1372 2072 idque
1386 2037 1452 2060 non
1463 2023 1499 2060 fit
1509 2022 1573 2059 fine
1584 2024 1695 2072 aliquo
1708 2028 1781 2061 mo.

393 2085 445 2116 tu,
462 2085 517 2108 aut
530 2075 664 2121 impetu·
678 2072 752 2108 Sola
768 2075 853 2108 enim
870 2077 1044 2121 gravitatio
1054 2073 1245 2123 guttularum
1275 2085 1342 2109 tam
1368 2073 1469 2108 valida
1485 2072 1546 2108 esse
1562 2076 1676 2122 nequit
1700 2087 1709 2110 ε
1728 2072 1782 2109 sen

392 2124 444 2158 vis
457 2125 538 2157 aeris
551 2121 769 2158 incumbentis
782 2120 902 2170 aliquid
917 2125 1076 2160 momenti
1093 2122 1206 2159 afferat
1217 2152 1227 2167 ‚
1244 2122 1296 2158 seu
1309 2125 1356 2157 vis
1375 2122 1437 2157 alia
1455 2122 1619 2159 occultior.
1637 2125 1712 2158 Nec
1732 2133 1783 2159 ta-

393 2184 470 2207 men
483 2171 536 2206 illa
546 2170 757 2206 musculorum
771 2169 1014 2208 intumescentia
1027 2172 1068 2208 ab
1087 2173 1298 2208 inundatione
1315 2172 1475 2221 sanguinis
1493 2170 1724 2220 proficiscitur,
1745 2181 1782 2207 ut

391 2225 457 2269 jam
467 2218 621 2255 ostensum
636 2220 690 2255 est.
707 2221 774 2256 Cor
790 2223 876 2255 enim
888 2249 898 2263 ,
916 2223 964 2255 uti
976 2222 1110 2256 diximus
1120 2252 1128 2266 ‚
1139 2228 1172 2259 ὃ(
1183 2221 1236 2256 alii
1247 2219 1376 2256 musculi
1390 2250 1400 2264 ,
1412 2233 1479 2256 tum
1489 2221 1624 2269 pallent,
1639 2219 1692 2255 nbi
1703 2233 1783 2256 con-

395 2270 575 2313 trahuntur,
589 2268 706 2304 rubent
719 2268 798 2304 veto
809 2269 1057 2315 criminantur,
1073 2277 1106 2307 &
1123 2270 1250 2306 cessant.
1275 2271 1404 2306 Deinde
1427 2270 1547 2319 sanguis
1571 2273 1603 2304 in
1623 2269 1783 2305 musculos

395 2320 599 2353 continenter
611 2317 771 2362 illabitur,
801 2318 925 2366 semper
934 2319 1016 2354 adeo
1030 2321 1183 2355 contraCh
1201 2319 1325 2361 forent,
1344 2318 1364 2353 si
1385 2318 1426 2354 ab
1443 2318 1555 2367 illapsu
1572 2317 1726 2367 sanguinis
1741 2329 1782 2353 ea

396 2369 532 2401 oriretur
541 2367 735 2403 contractio.
749 2369 827 2405 Non
843 2369 940 2416 igitur
951 2368 1080 2404 musculi
1098 2371 1166 2404 vim
1180 2368 1266 2405 (uam
1283 2368 1301 2404 ὲ
1312 2367 1472 2416 sanguinis
1486 2368 1695 2403 inundatione
1710 2379 1782 2403 mu..

369 2420 376 2427 ·
397 2424 534 2454 tuantur.
547 2417 628 2454 Illud
644 2429 774 2466 quoque
784 2418 865 2455 inter
876 2417 992 2456 funem
1007 2419 1173 2455 madidum
1190 2423 1228 2459 ὃς
1244 2416 1419 2455 musculum
1436 2415 1541 2455 afferri
1552 2417 1667 2466 potest‘
1677 2415 1783 2460 discria

1769 2491 1783 2498 κ
