1878 2724
352 141 417 175 2²4
724 122 992 159 PHYsmAE
1027 121 1367 159 GENERALIS

351 192 394 214 na
407 176 579 213 alexiten'is
592 174 701 222 potins
716 171 773 207 sibi
783 173 947 220 cognatis,
965 171 1065 216 quam
1084 173 1231 206 emericis
1248 171 1302 207 seu
1318 171 1487 207 vomitivis
1498 199 1509 214 ,
1529 181 1586 207 aut
1605 179 1756 220 purgans-

354 226 442 262 tibus
455 224 696 260 obtunduntur:
709 220 796 256 unde
809 219 905 255 multi
921 218 1053 255 bufonis
1065 220 1233 268 pulverem
1250 233 1267 255 2
1276 248 1284 256 .
1294 221 1519 257 drachmarum
1533 221 1677 268 pondere
1693 220 1759 256 sui-‘-

352 276 506 313 mendum
519 271 665 320 praebent
679 273 716 304 iis
730 282 812 317 quos
822 271 906 304 virus
917 268 1069 318 pestilens
1086 266 1199 305 invafit
1217 283 1224 303 :
1245 272 1291 304 Ac
1306 271 1456 306 testantur
1469 271 1531 306 viri
1546 282 1660 319 graves
1681 269 1761 306 hoc»

352 339 420 362 non
435 319 594 357 insalubre
612 317 673 354 effe
692 320 872 354 remedium
891 330 1020 354 veneno
1042 317 1129 354 foras
1143 317 1350 366 expellendo.
1755 342 1757 345 -

388 374 478 409 Hinc
487 371 520 404 in
531 367 689 404 Calabria
698 367 839 404 morsum
848 368 1011 403 tarentulae
1020 397 1029 412 ,
1043 380 1115 414 quae
1135 368 1182 402 est
1193 369 1301 403 aranei
1314 366 1537 416 species,sanat
1545 366 1659 403 mufica
1672 365 1760 411 3seu=

351 432 460 469 partes
475 418 634 468 sanguinis
645 447 655 461 ‚
679 423 712 455 &
725 417 848 467 spiritus
864 418 1018 454 animales
1031 416 1182 454 efferatos
1206 417 1240 452 in
1253 415 1354 453 alium
1378 429 1556 466 componat
1573 417 1764 461 ordinem-52

351 469 405 506 seu
418 469 586 505 saltatione
600 467 663 516 ipsa
682 466 781 503 sudor.
794 468 963 502 excitetur.

393 516 716 561 RefettKircherus,
731 517 830 564 idque
846 516 872 552 a·
879 516 986 551 multis
997 516 1040 552 est
1050 515 1279 554 confirmatum
1291 547 1300 561 ‚
1319 519 1353 554 in
1370 514 1493 552 Sinenfi
1507 528 1608 564 regno
1625 515 1746 552 multos
1765 529 1773 540 2

353 568 416 604 effe
429 567 608 616 serpentes,
633 579 715 615 quos
733 565 874 603 Lusitani
889 564 1025 615 pileatos
1036 579 1175 609 vocant,
1195 568 1283 616 quod
1299 578 1409 601 cutem
1424 564 1568 600 habeant
1587 567 1620 600 in
1640 568 1762 614 capite.

351 616 600 668 prominulam-*3
613 619 647 652 in
658 619 694 650 iis
707 615 834 665 lapillos
845 618 997 664 reperiri,
1008 618 1066 663 qui
1078 618 1110 650 in
1144 616 1288 652 ulverem
1300 618 1431 652 contriti
1442 627 1515 649 cnm
1533 625 1616 649 terra
1633 613 1759 662 sigilla,

355 678 389 703 ta
401 678 458 702 aut
475 665 641 702 Melitenfi
654 664 780 701 misceri
799 664 924 708 solent,
940 664 1060 712 eosque
1076 629 1201 701 vulheri
1221 664 1389 701 venenoso
1405 663 1620 698 adhaerescere
1640 663 1764 711 pedii-»

354 715 455 760 bent,
476 720 509 753 &
520 718 607 752 virus
632 727 731 751 omne
746 713 898 763 exsugere
908 743 918 758 ,
933 714 1039 748 donec
1055 714 1148 749 velut
1160 714 1212 750 sua
1223 715 1337 764 sponte
1354 713 1456 762 lapilli
1470 719 1491 748 a
1504 712 1641 747 vulnere
1655 714 1755 747 cxci-.

354 766 436 801 dant
447 795 457 810 ‚
471 775 605 813 tumque
614 767 646 800 in
657 764 742 799 laste
760 762 854 812 positi
868 774 1095 812 expurgantur.
1109 763 1145 798 Id
1158 775 1268 799 tamen
1283 763 1377 798 valde
1391 761 1528 797 dubium
1545 767 1576 799 δι
1591 763 1760 796 incertum-

354 813 419 851 effe
431 826 543 864 putem
554 843 563 858 ‚
575 817 624 849 uti
635 820 668 852 ὃ(
679 813 781 849 multa
792 841 804 856 ,
821 825 900 861 qux
908 813 949 846 de
963 810 1108 860 appensis
1122 812 1172 848 seu
1185 812 1338 848 amuletis
1356 811 1502 846 referunt
1527 825 1535 847 :
1563 823 1637 845 curn
1660 812 1763 845 varia.

354 866 439 900 circa
454 876 510 900 eos
523 863 651 912 lapillos
661 863 750 899 facia
760 862 820 899 sint
833 863 1060 910 experimenta
1077 864 1110 897 in
1125 863 1298 898 Academia
1314 860 1498 896 florentina
1508 889 1518 903 ,
1532 871 1605 908 quae
1614 857 1762 908 promis-z

352 912 390 949 sis
403 927 472 949 non
487 912 734 962 responderunt.
755 914 846 961 Qu
858 916 890 947 &
901 909 1061 958 superiore
1074 923 1160 946 anno
1172 924 1246 946 cum
1263 909 1424 946 columba:
1441 911 1599 958 primum,
1617 920 1763 944 tumea--

356 962 470 998 telloa
487 965 601 1011 vipera
619 961 816 1005 vulneratis,
836 961 869 996 hi
892 958 994 1008 lapilli
1009 956 1109 994 essent
1123 960 1248 995 admoti
1265 989 1274 1004 ‚
1297 957 1451 994 columba
1471 959 1602 1006 quidem
1632 959 1766 1002 citius-3¹

356 1011 491 1047 catellus
507 1010 588 1046 vero
603 1012 675 1060 post?
689 1011 828 1057 19.horas
840 1012 976 1045 interiit.
989 1008 1276 1057 Lapilli-tenaciter
1290 1007 1413 1044 vulneri
1432 1005 1650 1043 adhaerebaut-
1668 1009 1752 1042 San-

357 1059 519 1110 guis-vero
536 1074 604 1096 non
617 1060 802 1109 coagulatus
815 1089 825 1103 ,
842 1059 894 1095 sed
904 1058 1016 1094 fluidus
1028 1059 1063 1093 in
1078 1061 1168 1093 venis
1182 1058 1300 1094 horum
1315 1055 1504 1092 animalium
1525 1058 1686 1104 appatuit.

390 1112 446 1147 Ne
456 1109 536 1145 illud
548 1110 683 1157 quidem
697 1121 809 1144 verum
820 1109 946 1143 videtur
957 1136 968 1150 ,
981 1107 1069 1155 quod
1081 1106 1181 1156 vulgo
1191 1108 1350 1142 creditum
1365 1106 1422 1150 est,
1431 1107 1550 1154 viperae
1563 1110 1597 1142 δε
1613 1105 1750 1140 aliorum
1762 1131 1767 1135 -

357 1159 548 1195 animalium
559 1157 680 1194 morsus
692 1170 734 1193 ex
749 1159 794 1192 ira
804 1157 869 1193 sola
888 1155 948 1192 esse
959 1168 1139 1192 venenatos
1153 1170 1160 1192 :
1178 1157 1263 1192 adeo
1271 1169 1308 1192 ut
1317 1167 1423 1206 partes
1436 1167 1549 1191 omnes
1561 1153 1620 1190 sint
1631 1156 1764 1190 veneni

359 1221 509 1257 expertes
523 1236 532 1252 ,
542 1208 633 1255 quod
645 1220 718 1243 cum
730 1207 879 1243 carnibus
888 1206 1047 1255 permistae
1057 1206 1078 1243 ὲ
1091 1206 1368 1256 canibusimpune
1383 1206 1597 1241 devorentur.
1613 1206 1703 1241 Nam
1713 1214 1767 1239 ut*

361 1256 506 1305 pluribus
520 1257 721 1293 demonstrat
733 1259 779 1293 D.
790 1256 874 1291 Redi
885 1255 1084 1292 Florentinus
1093 1286 1103 1300 ‚
1115 1255 1400 1305 viperae-veficulas
1411 1253 1536 1290 habent
1555 1256 1591 1289 in
1603 1255 1765 1289 dentium--

359 1305 519 1341 radicibus
541 1318 596 1341 aut
609 1307 751 1355 gingivis
768 1306 904 1341 humore
918 1306 1062 1353 quodam
1078 1306 1165 1342 flavo
1182 1305 1338 1348 refertas,
1358 1306 1417 1353 qui
1432 1314 1527 1352 potus
1545 1316 1612 1338 non
1631 1313 1728 1337 nocet
1742 1316 1759 1339 :-

360 1354 416 1389 sed
429 1353 486 1389 ubi
497 1357 582 1389 carni
595 1355 784 1390 exulcerata:
800 1355 993 1390 admovetur
1003 1384 1012 1398 ,
1024 1361 1058 1392 &
1072 1367 1168 1390 venas
1184 1353 1264 1390 subit
1274 1384 1283 1399 ,
1297 1353 1481 1403 sanguinem
1495 1351 1607 1388 inficit.
1623 1354 1678 1387 Sic
1691 1350 1752 1399 spi}

360 1406 440 1438 ritus
454 1403 577 1438 virrioli
599 1416 693 1453 porus
708 1406 743 1440 in
768 1417 867 1453 parva
881 1404 1057 1439 admodum
1071 1403 1136 1439 dost
1149 1433 1159 1447 ,
1184 1404 1268 1438 adeo
1285 1417 1351 1439 nori
1367 1402 1458 1437 obest
1471 1430 1481 1444 ,
1510 1413 1548 1436 ut
1561 1400 1754 1450 plerumque

361 1452 497 1488 multum
508 1451 625 1501 profit:
645 1453 759 1488 verum
778 1453 831 1487 ubi
851 1465 907 1502 per
934 1465 1040 1488 venas·
1052 1453 1208 1488 animalis
1222 1452 1419 1496 infunditur,
1443 1450 1551 1486 statim
1567 1451 1602 1485 id
1623 1461 1751 1486 enecat.

362 1503 562 1551 Sanguinem
573 1505 661 1537 enim
672 1513 707 1536 ut
714 1503 804 1537 acida
814 1514 951 1550 quaeque
963 1501 1032 1550 figit
1041 1507 1074 1539 &
1084 1502 1244 1551 coagulat.
1471 1514 1484 1525 ’

413 1565 439 1595 3.
450 1550 554 1597 Qod
569 1551 705 1586 occulta:
717 1551 891 1598 qualitates
910 1563 1025 1599 magna
1041 1561 1181 1599 exparte
1195 1552 1235 1586 ad
1249 1549 1385 1586 effluxus
1397 1548 1616 1584 substantiales
1627 1547 1752 1584 sintaere-

362 1598 506 1635 ferendae
519 1629 528 1643 ‚
544 1612 585 1635 ex
598 1612 781 1635 atramento
792 1600 879 1648 quod
892 1603 1051 1649 magicum
1066 1612 1187 1636 vocant
1197 1629 1206 1643 ‚
1221 1613 1288 1635 non
1306 1600 1514 1635 mediocriter
1531 1597 1763 1634 confirmatur.-

362 1651 471 1685 Variis
485 1650 516 1683 id
538 1650 642 1684 modis
655 1652 756 1698 parari
767 1649 847 1684 solet
862 1664 870 1685 ι
887 1649 940 1684 hic
953 1661 1061 1684 autem
1079 1650 1123 1684 est
1146 1649 1249 1695 vulgo
1262 1647 1451 1684 notissimus.
1479 1650 1584 1684 Aceto
1597 1645 1755 1682 distillate

362 1710 521 1747 quantum
541 1697 610 1733 fere
622 1697 758 1746 scyphus
772 1702 860 1746 capit
873 1727 883 1742 ,
893 1698 1085 1747 lithargyrus
1096 1691 1221 1747 argenti
1230 1699 1419 1733 infundatur
1431 1726 1440 1740 ‚
1455 1709 1513 1745 per
1525 1699 1681 1733 oetavam
1690 1694 1756 1731 ho·

363 1760 405 1782 1ae
421 1759 546 1795 partem
560 1746 884 1796 ebulliat3postquam
895 1746 1028 1781 frustum
1046 1746 1141 1780 calcis
1153 1750 1235 1780 vivae
1243 1759 1334 1794 aquae
1347 1747 1463 1782 itidem
1472 1744 1612 1782 infusum
1624 1757 1681 1793 per
1692 1756 1755 1789 24*

363 1797 458 1831 horas
468 1795 569 1830 fuerit
586 1799 617 1830 in
636 1795 706 1830 vase
724 1795 818 1831 fiCtili
835 1801 868 1832 &
880 1794 1051 1843 plumabto
1071 1808 1078 1829 :
1095 1793 1194 1829 ambo
1204 1794 1389 1841 hiliquores
1399 1793 1566 1842 separatim
1580 1794 1763 1837 filtrentur,

363 1847 419 1893 qni
435 1844 588 1894 pellucidi
603 1844 702 1880 futuri
714 1844 798 1881 sunt.
831 1846 936 1879 Priori
958 1856 1061 1890 aqua,
1080 1843 1133 1879 seu
1149 1855 1244 1878 aceto
1257 1842 1407 1878 distillato
1427 1842 1583 1877 utendum
1597 1854 1752 1890 tanquam

363 1906 560 1937 atramento,
576 1894 660 1929 adeo
673 1905 709 1928 ut
717 1894 915 1930 charaiberes
928 1892 1084 1929 exsiccata
1095 1905 1178 1941 aqua
1187 1891 1386 1929 evanescant.
1406 1892 1476 1938 Qii
1488 1891 1654 1940 epistolam
1665 1893 1754 1925 acci-

363 1945 413 1991 pit
424 1972 433 1986 ‚
448 1941 616 1992 spongiam
628 1955 712 1990 aqua
722 1942 858 1978 secunda
868 1971 880 1985 ‚
891 1941 941 1978 seu
950 1942 1044 1978 calcis
1059 1944 1142 1977 vivae
1152 1941 1324 1986 imbutam,
1337 1941 1450 1977 charoe
1460 1940 1575 1976 leviter
1584 1941 1753 1975 admovet.

364 1995 439 2026 Imo
450 1991 470 2026 si
481 2005 590 2028 recens
608 1992 705 2027 fuerit
717 2005 813 2040 aqua,
831 1992 962 2028 admota
976 1992 1111 2040 spongia
1138 1990 1205 2026 solo
1219 2004 1306 2039 aquae
1330 1990 1418 2026 velut
1428 1991 1530 2025 odore
1560 2001 1615 2024 aut
1629 2000 1760 2038 vapore.

366 2041 567 2075 characteres
585 2043 689 2076 statim
701 2041 730 2077 se
741 2043 882 2090 produnt
895 2070 904 2081 ,
921 2042 1019 2101 idque
1030 2043 1109 2075 citra
1132 2042 1341 2077 contactum:
1363 2052 1481 2076 v-erum
1497 2039 1531 2074 id
1548 2041 1673 2088 optime
1685 2038 1753 2074 suc-

364 2090 453 2125 cedit
466 2102 536 2124 curn
545 2092 819 2137 auripigmentum
829 2121 839 2135 ,
851 2105 879 2126 v.
896 2090 935 2124 de
952 2092 963 2122 l
977 2092 1066 2137 orpin
1078 2089 1167 2124 calci
1180 2092 1260 2126 vivae
1274 2092 1467 2138 incoquitur.

409 2153 445 2184 4.
464 2138 592 2174 Infinita
605 2141 636 2172 in
650 2130 737 2174 hanc
751 2153 821 2175 rem
831 2141 1055 2188 experimenta
1069 2139 1174 2174 afferri
1185 2139 1310 2188 possunt
1321 2168 1331 2183 ,
1349 2138 1469 2187 quibus
1491 2137 1524 2172 id
1543 2136 1757 2183 quodvolu‘

365 2201 454 2231 muS,
470 2190 606 2223 omniuo
618 2187 847 2233 confirmatur,
860 2189 999 2223 occultas
1019 2188 1208 2236 plerumque
1222 2189 1398 2236 qualitates
1416 2185 1494 2223 nihil
1508 2183 1569 2220 esse
1582 2184 1639 2220 nifi
1650 2185 1753 2220 subti-

364 2238 407 2271 lia
426 2238 576 2284 quaedam
590 2235 738 2280 effluvia,
758 2251 832 2285 quae
857 2251 895 2272 ex
908 2240 1057 2273 omnissus
1072 2251 1156 2272 nene
1180 2237 1371 2286 corporibus
1389 2245 1562 2282 erumpunt
1581 2263 1591 2277 ,
1612 2247 1749 2282 quaeque

363 2289 431 2320 vim
443 2285 529 2321 suam
540 2298 689 2332 tuentur,
700 2291 734 2323 &
744 2289 888 2335 corporis
899 2316 907 2327 ,
922 2300 960 2321 ex
974 2299 1038 2334 quo
1051 2287 1258 2331 effluxerunt,
1277 2298 1435 2322 naturam.
1467 2285 1520 2318 Sic
1539 2295 1579 2317 ex
1607 2282 1675 2332 ipso
1686 2284 1750 2333 hy-

365 2334 519 2383 drargyro
532 2348 643 2370 tenues
657 2335 770 2371 halitus
781 2335 997 2373 &invisibiles
1011 2349 1128 2372 exeunt
1139 2367 1148 2380 ‚
1158 2340 1202 2372 ita
1213 2348 1250 2371 ut
1258 2334 1396 2370 artifices
1408 2345 1518 2368 aurum
1537 2345 1593 2367 ore
1600 2332 1748 2381 gestent,

366 2394 399 2418 ut
407 2396 483 2420 auro
498 2385 613 2422 halitus
625 2385 828 2433 mercuriales
839 2386 1043 2433 adhaereant5
1060 2387 1159 2435 idque
1178 2384 1233 2422 suo
1243 2384 1353 2421 colore
1367 2382 1531 2420 inficiunt.
1554 2385 1627 2418 Imo
1643 2384 1677 2418 in
1693 2393 1751 2428 eof,
