1878 2724
313 127 346 156 52
678 103 960 146 PHYSICAE
997 105 1327 142 GENERALIS

309 156 489 209 generatio.
516 160 596 196 Non
610 159 698 192 enim
711 156 747 192 fit
763 156 884 190 mixtio
900 182 909 197 ‚
934 152 990 194 nifi
1006 153 1097 204 plura
1124 153 1184 190 fint
1198 154 1367 190 miscibilia
1379 182 1390 198 ‚
1412 166 1481 202 quae
1503 159 1619 192 murari
1630 185 1640 200 ,
1663 161 1699 203 ὃς

311 211 440 244 alterati
460 207 582 243 debent
600 220 607 241 ι
623 205 705 241 nihil
723 207 846 253 quippe
863 206 981 251 patitur
999 232 1010 247 ‚
1027 203 1109 238 nihil
1127 202 1268 240 efficitur
1282 207 1303 240 ἐι
1319 203 1440 254 seips03
1459 218 1570 255 neque
1594 205 1636 241 ab
1657 219 1700 242 eo

313 259 400 307 quod
419 258 462 293 sui
483 256 582 291 {imile
600 255 646 290 est
658 284 668 298 ‚
686 259 720 293 &
736 253 876 301 ejusdem
891 263 1012 288 naturae
1026 281 1037 296 ,
1054 251 1182 286 alterari
1194 255 1370 301 quicquam
1388 256 1503 309 potest.
1531 259 1615 304 Ergo
1631 269 1700 292 non

313 321 412 343 tinum
425 337 434 350 ,
451 305 503 340 sed
515 304 685 353 multiplex
696 302 743 338 est
760 302 960 338 elementum
975 318 984 346 3
1001 302 1142 337 maxime
1161 314 1234 336 cum
1251 305 1367 338 mixtio
1379 305 1417 339 {it
1427 303 1632 342 miscibilium
1652 305 1700 342 al.

314 369 489 392 teratorum
504 356 601 398 uni03
623 351 714 388 nulla
731 354 828 401 igitur
838 352 899 386 erit
911 352 1026 386 mixtio
1039 380 1049 395 ‚
1073 349 1132 386 ubi
1159 363 1228 386 non
1249 349 1319 387 sunt
1334 351 1425 400 plura
1445 353 1616 390 miscibilia
1632 368 1640 390 :
1662 366 1699 391 ut

313 405 401 441 nulla
420 406 463 439 est
485 403 637 438 alteratio
651 432 661 446 ,
678 401 733 437 ubi
746 401 851 438 nullus
869 401 1067 448 qualitatum
1084 399 1266 437 conflststus.

344 453 492 500 Confirm.
511 454 544 488 Si
558 465 597 487 ex
609 451 674 487 sola
686 463 771 499 aqua
787 451 905 485 cunCta
915 449 1154 493 coalescerent,
1173 448 1322 497 cujusque
1346 452 1490 498 corporis
1503 450 1672 499 aequabilis
1686 480 1698 498 ,

312 509 346 541 ἃ
357 515 445 551 aeque
455 502 608 551 expedita
626 499 704 537 esset
716 499 881 536 resolutio.
898 499 968 534 Cur
985 501 1072 534 enim
1085 511 1147 533 una
1161 511 1234 548 pars
1253 497 1378 534 facilius
1403 497 1581 536 resolvatur
1597 501 1699 550 quam

311 553 411 587 altera
423 581 431 596 ‚
445 550 465 586 si
479 564 593 587 omnes
618 563 657 585 ex
674 550 792 585 eadem
817 561 901 597 aqua
915 560 1165 598 componantur.

343 603 432 651 Opp.
446 605 547 636 mixta
565 613 701 648 corpora
725 611 765 634 ex
778 597 844 633 sola
859 611 944 646 aqua
960 598 1110 633 constare
1129 610 1136 632 :
1160 597 1259 645 idque
1281 600 1378 632 variis
1398 600 1626 647 experimentis
1641 600 1700 635 de-

311 652 485 686 monstrare
501 650 531 685 se
555 661 684 697 putant,
707 647 818 685 Primo
835 648 925 695 quod
938 660 1008 683 arte
1025 648 1177 695 chymica
1198 647 1349 694 quaedam
1373 659 1511 697 corpora
1533 650 1565 683 in
1582 661 1700 696 aquam

310 702 448 735 omnino
458 698 705 734 resolvantur-:ut
719 697 866 747 plerique
876 699 910 731 in
921 695 980 731 bac
989 707 1059 731 arte
1072 696 1405 745 principesstestantur-
1422 711 1453 733 20
1461 698 1539 745 Jam
1555 696 1699 746 superius

309 750 450 784 diximus
464 752 497 784 in
511 746 587 782 vasis
606 749 717 782 vitreis
734 758 817 794 aqua
827 745 979 795 pluviali,
993 758 1064 794 quae
1081 744 1252 795 simplicior
1264 746 1326 788 est,
1353 751 1387 783 &
1410 745 1430 781 ὲ.
1447 756 1558 781 natura
1577 750 1641 795 jam
1650 748 1699 783 di-

309 797 426 833 stillata
440 797 544 848 plenis
562 825 571 840 ‚
595 796 721 845 plantas
736 799 836 831 etiam
851 795 1021 830 calidiores
1037 797 1184 844 vegetari
1196 800 1232 832 δε
1244 794 1438 832 adolescere.
1455 803 1496 841 30.
1515 795 1635 831 illustre
1656 795 1698 832 il-

310 847 363 882 lud
384 847 523 883 afferunt
541 846 734 880 Helmontii
763 847 1023 893 experimentum
1040 843 1083 879 ab
1104 845 1174 879 aliis
1195 841 1306 892 saepifis
1326 846 1513 894 repetitum„
1533 848 1697 881 Ducentas

307 897 378 932 fere
397 896 492 931 libras
506 908 594 931 tetrae
608 897 642 931 in
652 893 784 930 clibano
795 893 957 930 exsiccata:
968 893 1041 929 vase
1054 893 1501 942 conclusit‚additooperculo
1519 894 1626 929 ferreo
1639 907 1699 931 va-

308 947 360 980 riis
376 944 594 981 foraminibus
611 943 752 993 pertus0‚
763 945 889 991 nequid
904 943 1096 978 extrinsecus
1105 944 1275 978 accederet
1288 958 1296 986 3
1309 955 1432 978 ramum
1441 943 1540 978 salicis
1551 945 1698 992 quinque

306 997 435 1030 circiter
448 994 602 1030 librarum
614 994 758 1043 pondere
771 993 845 1029 huic
864 1005 955 1028 terrae
969 992 1075 1028 infixit
1092 1022 1102 1037 ,
1123 994 1180 1040 qui
1195 992 1317 1027 radices
1335 994 1368 1028 in
1380 1003 1499 1027 terram
1518 992 1697 1040 subjestam

305 1046 424 1093 egit‚&
441 1048 473 1080 in
488 1043 641 1079 arborem
655 1043 810 1080 adolevit.
822 1045 953 1090 Qnto
965 1043 1034 1091 post
1048 1054 1135 1078 anno
1147 1041 1275 1077 salicem
1290 1043 1510 1089 extraxir‚quae
1523 1054 1652 1078 centum
1663 1048 1698 1080 &

305 1092 469 1143 sexaginta
482 1093 580 1128 libras
592 1092 778 1139 &amplius
786 1093 930 1140 pendere
950 1091 1014 1127 visa
1031 1091 1080 1126 est
1109 1104 1117 1126 :
1140 1089 1216 1126 cum
1232 1092 1288 1125 vix
1304 1088 1448 1137 fiibjeeta
1463 1101 1546 1125 terra
1564 1091 1698 1127 duarum

304 1145 469 1177 unciarum
482 1142 630 1192 pondere
644 1140 722 1176 effer
749 1142 924 1176 imminuta
943 1151 951 1172 :
973 1153 1093 1189 magno
1108 1140 1244 1187 quidem
1259 1150 1451 1188 argumento
1470 1152 1510 1174 ex
1527 1137 1591 1174 sola
1611 1152 1698 1188 aqua

306 1191 442 1239 pluviali
456 1192 538 1227 hanc
557 1190 710 1225 arborem
722 1189 900 1225 adolevisse
917 1218 928 1232 ‚
953 1202 991 1223 ac
1004 1189 1086 1224 nihil
1098 1188 1170 1224 fere
1187 1200 1244 1223 aut
1262 1199 1353 1223 terra:
1366 1216 1377 1231 ‚
1401 1200 1458 1224 aut
1478 1188 1698 1225 aliorumvele-

305 1252 494 1275 mentorum
506 1240 547 1274 ad
560 1251 667 1274 terum
681 1237 893 1274 substantiam
912 1248 968 1273 aut
980 1237 1103 1272 molem
1120 1239 1294 1285 pertinere.

350 1289 438 1338 Resp.
458 1301 496 1323 ea
511 1301 582 1336 quae
592 1287 699 1324 afferri
720 1286 846 1335 possunt
865 1289 897 1321 in
910 1285 993 1322 hanc
1007 1298 1076 1321 rem
1098 1286 1235 1335 plurima
1248 1286 1473 1333 experimenta
1485 1314 1495 1329 ,
1518 1299 1584 1321 non
1606 1286 1696 1323 aliud

304 1339 457 1373 evincere
478 1339 579 1386 quam
595 1337 627 1371 id
640 1337 731 1385 quod
744 1336 830 1372 ultro
855 1335 1063 1371 concedimus
1079 1364 1088 1378 ,
1116 1337 1214 1370 mixta
1231 1336 1383 1370 nimitum
1401 1346 1536 1382 corpora
1551 1348 1590 1370 ex
1612 1348 1696 1384 aqua

304 1387 438 1435 quidem
451 1416 459 1431 ‚
473 1389 616 1422 maxima
630 1399 673 1421 ex
685 1397 776 1434 parte
788 1383 850 1421 esse
868 1383 1066 1434 composita;
1084 1390 1116 1421 &
1130 1397 1238 1419 rerum
1248 1385 1442 1419 varietatem
1463 1383 1635 1433 plurimum
1655 1398 1694 1423 ex

303 1438 443 1484 partium
453 1436 554 1486 figura.
572 1442 605 1473 &
622 1434 884 1484 configuratione
901 1434 1055 1484 pendere.
1070 1434 1132 1469 Sed
1144 1446 1231 1483 nego
1244 1445 1360 1480 aquam
1382 1445 1452 1480 quae
1465 1432 1562 1468 rebus
1590 1436 1695 1470 incre-

304 1497 451 1521 mentum
466 1484 603 1535 praebet,
613 1483 745 1533 fimplex
763 1482 825 1520 effe
838 1490 871 1522 δι
883 1496 994 1530 purum
1015 1482 1236 1520 elementum:
1250 1481 1326 1518 cum
1345 1494 1382 1516 ea
1394 1486 1557 1531 corrumpi
1570 1482 1672 1520 soleat
1681 1513 1693 1530 ,

303 1540 337 1571 δι
351 1535 533 1583 putrescere
549 1549 556 1570 :
580 1535 669 1582 quod
689 1535 804 1581 utique
818 1536 852 1569 in
870 1532 1003 1582 simplex
1020 1545 1134 1582 corpus
1147 1545 1214 1568 non
1226 1533 1322 1567 cadit.
1334 1533 1436 1580 Nego
1447 1533 1563 1567 itidem
1580 1545 1694 1582 puram

302 1595 421 1619 terram
440 1586 476 1620 in
495 1596 614 1631 aquam
634 1580 774 1625 resolvi,
787 1594 842 1617 aut
852 1594 966 1631 purum
980 1584 1053 1616 a'e'ra
1062 1611 1072 1626 ‚
1085 1592 1142 1617 aut
1156 1583 1266 1631 ignem
1277 1579 1392 1630 ipsum.
1409 1581 1472 1616 Sed
1486 1592 1596 1629 neque
1609 1595 1695 1630 aqua

302 1644 358 1668 aut
367 1631 501 1682 seipsam
513 1644 649 1668 movere
660 1661 670 1675 ‚
688 1643 745 1667 aut
757 1634 789 1667 in
808 1643 858 1666 tot
869 1643 977 1666 rerum
994 1630 1114 1680 species
1131 1631 1283 1667 converti
1299 1629 1407 1678 potest
1427 1659 1438 1674 ‚
1455 1629 1511 1666 nisi
1526 1630 1590 1665 alia
1606 1644 1694 1679 quo..

301 1694 367 1729 que
380 1684 538 1730 principia
549 1711 559 1725 ,
573 1681 627 1717 vel
645 1681 809 1716 elementa
820 1709 830 1723 ,
848 1679 891 1714 ab
905 1692 991 1726 aqua
1004 1681 1130 1715 diversa
1141 1678 1363 1728 agnoscamus.
1381 1680 1429 1714 Ac
1442 1679 1575 1714 demum
1585 1679 1605 1714 fi
1619 1681 1693 1716 nul.

301 1730 369 1766 lum
380 1731 423 1765 est
436 1742 548 1779 praeter
558 1742 677 1777 aquam
686 1728 1022 1772 elementum‚nullum
1039 1740 1156 1777 corpus
1169 1729 1307 1763 mixtum
1320 1729 1471 1761 enimam
1483 1729 1691 1776 unumquod-

301 1791 365 1826 que
378 1791 444 1815 tam
457 1778 591 1828 fimplex
604 1778 749 1814 futurum
759 1778 815 1821 est,
824 1777 924 1826 quam
938 1790 1022 1825 aqua
1037 1777 1110 1826 ipsa.
1125 1777 1293 1813 Postremo
1307 1788 1397 1823 aquae
1415 1775 1582 1810 moleculae
1590 1805 1600 1821 ,
1620 1790 1690 1814 non

300 1828 371 1863 sunt
388 1828 475 1863 forte
491 1840 625 1875 corpora
644 1825 817 1876 simplicia,
842 1832 878 1864 &
902 1829 1005 1875 prima
1019 1857 1029 1871 ‚
1047 1826 1100 1862 sed
1122 1827 1289 1874 congeries
1306 1836 1491 1859 atomorum
1506 1825 1690 1862 elementa..

301 1879 383 1911 rium
397 1906 406 1921 ‚
428 1890 497 1925 quse
513 1880 564 1913 vix
576 1875 701 1912 diffolvi
713 1876 820 1925 potest
832 1875 889 1912 nisi
901 1877 919 1913 ὲ
941 1876 1133 1924 corporibus
1147 1877 1232 1910 duris
1242 1904 1252 1918 ‚
1270 1878 1372 1909 acutis
1384 1903 1393 1916 ‚
1420 1879 1453 1910 ει
1473 1874 1688 1911 vehementer

300 1929 408 1963 motis.
433 1929 526 1974 Aqua
540 1925 619 1962 vero
633 1927 666 1962 in
681 1926 800 1974 plantis
818 1938 886 1962 tam
896 1928 999 1961 varias
1017 1927 1125 1962 induit
1139 1925 1259 1960 formas
1271 1952 1279 1966 ‚
1294 1935 1367 1958 cum
1381 1920 1559 1959 diss'olvitur
1572 1953 1583 1968 ‚
1597 1937 1653 1961 aut
1665 1926 1688 1961 ὲ.

299 1974 502 2012 iubtilislimis
517 1975 636 2012 tubulis
655 1978 744 2014 varie
759 1975 923 2025 exsugitur
935 1988 976 2010 eo
987 1988 1054 2023 quo
1064 1977 1208 2010 dicemus
1226 1971 1308 2009 alibi
1318 1973 1429 2010 modo.

811 2025 961 2061 Secunda
982 2025 1157 2070 Conclnsto.

337 2076 489 2122 Qatuor
508 2074 567 2111 esse
577 2087 705 2112 tantum
720 2075 883 2113 elementa
900 2073 1022 2110 suaderi
1036 2075 1183 2122 quidem,
1198 2073 1409 2109 demonstrari
1426 2074 1480 2107 vix
1499 2070 1610 2121 potest.

335 2126 442 2159 Prima
453 2137 525 2173 pars
536 2124 746 2161 conclufionis
756 2125 832 2161 hinc
847 2122 977 2173 probari
993 2123 1073 2160 solet
1085 2154 1094 2168 ‚
1115 2124 1205 2171 quod
1225 2123 1386 2158 elementa
1399 2121 1494 2157 rebus
1510 2120 1683 2169 gignendis

298 2186 333 2208 ut
342 2177 521 2209 communis
535 2177 671 2210 materia
683 2174 1012 2210 substernantutamde
1025 2173 1148 2210 neceffe
1161 2173 1204 2208 est
1218 2185 1254 2208 ut
1269 2171 1472 2207 sublunarem
1487 2170 1572 2204 hunc
1586 2181 1682 2204 mun-

299 2224 387 2265 dum,
405 2235 559 2270 tanquam
576 2236 682 2272 partes
702 2224 781 2259 illius
799 2226 960 2273 principes
972 2223 1171 2259 constituant
1186 2238 1194 2259 :
1216 2222 1270 2257 sed
1286 2222 1451 2270 praecipuae
1474 2219 1566 2267 hujus
1584 2230 1681 2253 mun-

299 2271 331 2303 di
344 2284 448 2318 partes
459 2271 528 2308 sunt
538 2285 621 2309 terra
634 2303 644 2317 ,
662 2286 747 2322 aqua
760 2302 769 2317 ,
793 2275 848 2308 ae‘r
860 2278 892 2310 ὅ(
905 2275 1006 2320 ignis,
1028 2286 1098 2320 quae
1110 2275 1244 2321 partitas
1265 2272 1349 2306 inter
1367 2267 1397 2303 se
1422 2274 1454 2304 ὃ(
1480 2265 1594 2301 divisas
1620 2267 1681 2302 ha-

299 2318 378 2353 bent
399 2320 496 2358 sedes.
512 2327 595 2368 Ergo
606 2335 747 2371 quatuor
759 2335 856 2358 erunt
869 2334 990 2371 genera
998 2335 1170 2370 corporum
1181 2322 1289 2356 omnia
1298 2321 1511 2367 gignentium,
1526 2315 1578 2350 seu
1596 2328 1678 2363 qua-

300 2378 372 2403 tuor
383 2364 565 2409 elementa?
573 2374 708 2421 Quique
721 2372 810 2422 plura
821 2371 874 2409 vel
891 2374 1042 2420 pauciora
1053 2372 1212 2408 inducunt
1227 2398 1237 2411 ‚
1267 2368 1321 2404 vel
1336 2379 1437 2404 novas
1450 2365 1537 2402 sedes
1554 2376 1607 2404 aut
1628 2375 1677 2399 te-
