1878 2724
416 173 490 218 486

416 294 541 332 «42:23⁶
549 288 926 328 uae-'mamam
940 289 1057 327 aaa»
1068 288 1332 328 *mn-:enan
1350 288 1482 328 :aean
1490 287 1806 328 nemaeum

416 328 1809 377 <em-:ww‘saeyuvrsmwewwwww

755 405 1492 495 PHYSICAE

793 554 1021 602 PARS
1073 554 1440 604 TERTIA.

466 671 549 706 DE
584 668 872 703 CORPORE
912 667 1295 712 cANIMATO,
1321 669 1437 707 SEV
1463 670 1540 703 DE
1569 669 1772 707 REBVS‘

863 723 946 759 vita
971 720 1014 764 04
1028 719 1134 775 se'nfit
1153 721 1332 776 praea'itt's.

545 794 579 828 H
592 805 633 828 11.
647 805 668 827 o
681 804 693 825 s
706 805 728 827 0
742 803 760 826 1·
774 805 797 827 n
809 804 820 826 r
835 804 860 827 A
880 790 1030 826 naturalis
1055 793 1089 827 in
1105 803 1168 826 tres
1190 791 1209 827 ὲ
1230 790 1326 827 nobis
1341 790 1383 826 est
1400 790 1498 825 divisa
1521 802 1626 838 partes
1642 805 1650 827 :
1674 794 1828 839 primam'

424 796 615 929 Pquae
629 844 770 887 corporis
791 840 939 876 naturalis
955 843 1112 888 principia
1126 870 1135 883 ,
1152 853 1295 875 naturam
1309 869 1319 883 ,
1347 846 1380 876 δε
1408 838 1596 875 affectiones
1613 842 1813 890 contempla-

547 902 597 924 tur
609 907 617 934 ·,
629 889 796 924 secundam
811 901 942 936 quoque
957 890 997 922 de
1009 888 1105 923 rebus
1118 893 1192 923 vitae
1206 895 1238 926 ὃ(
1258 888 1367 923 sensus
1383 887 1570 935 expertibus
1583 918 1593 932 ‚
1622 889 1663 923 de
1690 890 1813 926 mundo

419 937 556 977 scil1cet,
567 951 603 972 ac
615 937 716 972 Coelo
728 965 737 980 ‚
760 939 800 972 de
816 939 975 972 Meteoris
986 942 1018 974 ὅ(
1030 936 1193 973 Foffilibus
1206 967 1214 981 ‚
1229 939 1268 971 de
1281 937 1402 972 Plantis
1413 939 1566 984 denique,
1582 939 1616 972 in
1631 937 1749 983 quibus
1761 941 1813 973 vi..

423 998 457 1021 ta
467 988 610 1033 quaedarn
628 987 673 1020 est
687 989 801 1033 exigua
812 1014 821 1028 ,
833 985 883 1020 sed
900 998 990 1020 motu
1001 991 1034 1022 &
1045 985 1131 1021 sensu
1140 985 1337 1035 progreffivo
1356 986 1504 1020 destituta
1516 1014 1526 1028 ,
1543 988 1616 1021 Deo
1627 990 1758 1033 juvante
1773 987 1814 1021 ad

422 1036 545 1070 exitum
557 1035 778 1083 perduximus.
794 1035 972 1081 Reliquum
991 1035 1036 1068 est
1053 1047 1087 1069 ut
1104 1047 1229 1082 partem
1244 1033 1390 1082 Phyfices
1404 1033 1597 1069 utilissimam
1614 1040 1647 1070 &
1664 1034 1812 1083 pulcher-

423 1085 540 1118 rimam
553 1085 594 1118 de
605 1083 697 1117 rebus
708 1085 855 1118 animatis
869 1083 1094 1131 aggrediamur
1107 1097 1114 1119 ε
1131 1095 1235 1130 eaque
1249 1082 1288 1118 fic
1309 1083 1473 1118 tractanda
1487 1081 1606 1118 anobis
1617 1085 1663 1118 est
1673 1112 1683 1127 ‚
1697 1095 1733 1118 ut
1741 1096 1813 1131 quse

424 1132 532 1167 nostra
551 1144 646 1166 aetate
660 1133 794 1166 inventa
805 1130 871 1167 sunt
881 1160 890 1174 ‚
901 1138 933 1167 &
947 1130 1116 1166 observata
1128 1160 1138 1174 ,
1151 1130 1172 1165 fi
1185 1130 1284 1166 modo
1295 1130 1354 1167 [int
1365 1133 1552 1179 cognitione
1567 1132 1685 1182 digna,
1702 1138 1737 1170 &
1753 1132 1814 1169 ali-

425 1181 504 1228 quid
517 1180 661 1215 habeant
675 1180 821 1214 utilitatis
832 1209 842 1224 ,
862 1193 928 1215 non
943 1182 1248 1229 praetergredianiur.

1872 1142 1878 1213 l

439 1255 440 1258 η
459 1232 571 1276 Itaque
582 1229 645 1263 hoc
663 1228 737 1262 loco
749 1229 789 1262 de
800 1231 907 1263 anima
921 1227 1079 1264 sentiente
1094 1234 1272 1277 &corpore
1285 1230 1429 1263 animato
1455 1222 1626 1263 dicendum
1651 1229 1694 1264 est
1709 1244 1717 1267 :
1739 1235 1831 1266 naris
1875 1221 1878 1233 ¹

425 1290 494 1325 quae
506 1278 545 1311 ad
556 1279 672 1312 animae
683 1277 846 1312 rationalis
866 1289 1012 1311 naturam
1024 1306 1034 1320 ‚
1052 1279 1135 1319 vites
1145 1306 1155 1321 ‚
1172 1283 1205 1321 δι
1221 1277 1404 1312 fun-stiones
1415 1279 1578 1325 pertinent
1589 1306 1599 1320 ‚
1618 1277 1714 1313 fufius
1729 1291 1765 1314 ea
1775 1281 1814 1315 >in

425 1325 658 1375 Metaphysrcae
677 1326 812 1360 transsatu
825 1328 922 1360 tertio
935 1353 944 1368 ,
964 1324 1015 1359 seu
1026 1328 1058 1360 in
1072 1326 1254 1374 Theologia
1266 1325 1402 1360 naturali
1421 1325 1491 1360 sunt
1508 1325 1672 1373 explicata.
1785 1322 1788 1326 ⁵

459 1377 507 1410 Ac
525 1376 591 1409 duae
605 1373 674 1409 sunt
686 1377 849 1422 praecipuae
868 1374 1031 1409 sentientis
1044 1376 1159 1409 animae
1175 1379 1258 1409 vires
1270 1403 1279 1418 ,
1300 1374 1446 1409 animalis
1465 1374 1585 1409 scilicet
1602 1403 1612 1417 ,
1635 1380 1669 1412 &
1685 1375 1790 1410 vitalis
1807 1382 1833 1413 :l

426 1427 462 1460 in
472 1422 610 1457 cerebro
630 1425 678 1458 vis
691 1423 836 1458 animalis
851 1420 1055 1471 potiffimum
1071 1435 1205 1472 regnat3
1226 1435 1328 1470 eaque
1339 1422 1454 1471 duplex
1472 1423 1529 1466 est,
1543 1421 1679 1460 sentiens
1694 1429 1727 1462 ὅ(
1746 1437 1818 1459 mo-

428 1484 503 1508 trix.

462 1520 581 1555 Vitalis
594 1521 729 1557 facultas
740 1521 875 1558 cordi&
887 1519 1029 1569 sanguini
1049 1520 1248 1569 potissimum
1263 1518 1398 1563 insidet',
1431 1531 1467 1555 ut
1496 1521 1644 1556 animalis
1670 1523 1703 1557 in
1727 1531 1816 1555 cere-

426 1569 506 1612 bro,
521 1575 554 1606 &
566 1573 670 1604 nervis
681 1573 772 1619 viget
787 1584 794 1604 :
811 1570 885 1604 hinc
897 1570 1002 1604 vitalis
1015 1572 1047 1604 in
1064 1573 1195 1604 circuitu
1207 1569 1365 1617 sanguinis
1376 1599 1386 1614 ,
1409 1574 1442 1606 ὅ(
1456 1568 1578 1604 blando
1593 1570 1699 1605 calore
1722 1570 1816 1603 vide-

429 1630 479 1653 tur
488 1619 668 1656 constituta.
683 1621 773 1655 Huic
782 1618 922 1666 subje&a
939 1618 984 1653 est
999 1621 1047 1653 vis
1061 1618 1154 1654 altrix
1164 1618 1218 1654 seu
1225 1620 1399 1663 nutritiva,
1417 1620 1539 1666 quaein
1557 1617 1765 1668 praeparando
1780 1622 1818 1655 &

429 1669 638 1715 expurgando
657 1667 810 1716 sanguine
828 1679 897 1701 tota
912 1666 1059 1703 versatur.

461 1720 550 1749 lntet
563 1728 614 1749 eas
631 1719 714 1751 vires
729 1728 846 1763 magna
857 1716 899 1749 est
911 1714 1152 1752 consenfioznon
1168 1719 1253 1752 enim
1265 1714 1411 1753 animalis
1429 1715 1562 1751 facultas
1576 1716 1640 1751 fine
1653 1716 1817 1760 vitali‚ne-

429 1776 494 1811 que
513 1764 580 1798 haec
592 1767 670 1799 citra
686 1765 830 1799 altricem
840 1775 895 1798 aut
907 1765 1083 1800 naturalem
1093 1765 1154 1801 effe
1164 1766 1284 1813 potest.
1306 1768 1443 1803 Narnex
1459 1766 1616 1800 alimento
1630 1765 1758 1813 (hylus,
1777 1778 1816 1801 ex

430 1825 471 1847 eo
482 1811 604 1861 sanguis
616 1810 757 1847 efficitur
769 1842 777 1853 ‚
787 1817 870 1860 cujus
885 1824 976 1847 motu
991 1819 1025 1849 ὃς
1036 1814 1142 1848 calore
1156 1825 1269 1862 corpus
1287 1814 1501 1864 perfunditur.
1517 1816 1604 1848 Hinc
1624 1813 1769 1862 sanguine
1783 1817 1816 1849 in

430 1873 497 1895 cer<
506 1860 599 1895 brurn
612 1861 737 1896 sublato
748 1861 868 1907 spiritus
884 1861 1087 1896 funffionum
1099 1863 1285 1898 animalium
1294 1862 1427 1910 opifices
1437 1862 1647 1902 exstillantur,
1660 1863 1746 1908 iique
1759 1875 1817 1910 per

432 1921 548 1943 nervos
568 1911 600 1943 in
619 1909 798 1943 universum
816 1921 927 1955 corpus
946 1908 1048 1943 diffufi
1065 1909 1187 1945 sensum
1203 1915 1236 1946 &
1254 1922 1378 1946 motum
1401 1921 1580 1956 procreant.
1605 1912 1733 1944 Horum
1756 1914 1817 1946 im-

430 1956 520 2004 pulsu
533 1968 587 1989 cor
600 1968 750 1991 movetur
764 1986 772 1999 ,
791 1962 822 1992 a&
833 1968 938 2002 partes
948 1969 1081 2004 quaeque
1096 1957 1146 1993 sua
1157 1971 1288 1994 munera
1305 1958 1442 1994 obeunt.
1463 1960 1549 1993 Hinc
1564 1959 1644 1993 nulli
1662 1958 1731 1994 fere
1750 1973 1817 1995 cor-

431 2007 515 2053 poris
530 2007 611 2051 parri
630 2018 699 2052 quae
714 2004 800 2039 sensu
815 2006 944 2051 praedita
954 2003 989 2040 fit
1002 2034 1012 2048 ,
1031 2005 1144 2041 desunt
1156 2010 1247 2042 nervi
1263 2026 1270 2051 ;
1286 2006 1437 2043 omnibus
1451 2020 1519 2053 quae
1534 2010 1647 2042 vivunt
1660 2037 1669 2051 ,
1693 2012 1816 2045 artcriae

431 2053 542 2087 adsunt
558 2081 565 2092 ,
589 2066 657 2099 quae
671 2057 738 2102 jugi
759 2053 916 2101 sanguinis
935 2054 1067 2101 appulsu
1082 2057 1183 2090 vitam
1200 2061 1233 2094 ὅ(
1256 2057 1396 2091 calorem
1412 2067 1539 2090 tuentur
1556 2071 1563 2091 :
1583 2069 1672 2090 venae
1693 2055 1817 2105 ubique

431 2102 501 2136 sunt
511 2103 700 2136 arteriarum
715 2104 850 2136 comites
861 2130 869 2144 ‚
898 2114 968 2147 quae
983 2102 1118 2138 refluum
1135 2104 1317 2149 sanguinem
1333 2106 1371 2139 ad
1390 2117 1445 2138 cor
1467 2105 1637 2140 revehunt.

467 2153 521 2185 De
536 2148 662 2194 siugulis
677 2149 882 2186 facultatibus
893 2151 987 2185 nobis
999 2153 1159 2200 agendum
1170 2145 1230 2197 e'st,
1244 2167 1280 2188 ac
1290 2151 1396 2202 primo
1409 2153 1450 2186 de
1463 2154 1611 2197 animali,
1634 2165 1700 2189 tum
1713 2155 1753 2189 de
1766 2156 1816 2189 vi-

431 2198 488 2233 tali
502 2205 534 2234 &
549 2197 661 2232 altrice
677 2198 840 2233 facultate.

471 2250 551 2282 Tres
569 2249 680 2292 itaque
702 2250 732 2282 in
745 2249 914 2283 Tractams
931 2248 1012 2283 hanc
1021 2261 1153 2297 quoque
1167 2250 1311 2298 Physices
1340 2262 1463 2299 partem
1481 2247 1656 2285 tribuemus
1669 2280 1679 2293 ‚
1697 2253 1816 2299 primus

431 2297 491 2329 erit
502 2296 540 2329 dc
552 2295 585 2329 fa
605 2295 706 2330 nitate
721 2296 852 2331 animali
866 2324 875 2339 ,
893 2296 1016 2335 &illius
1029 2301 1153 2348 organis
1166 2316 1175 2345 3
1190 2299 1344 2337 sccundus
1357 2301 1396 2336 de
1408 2298 1500 2335 vitali
1513 2297 1666 2336 facultate
1679 2317 1690 2346 -,
1703 2302 1817 2336 tertius

432 2344 472 2379 de
490 2343 601 2379 altrice
613 2373 623 2389 ,
637 2356 690 2380 aut
700 2344 845 2381 naturali.
