1878 2724
448 143 804 182 TRACTATUS
844 144 1170 182 SECUNDUS.
1447 163 1495 185 Γπ

142 191 301 232 Percuffio
312 193 364 230 vel
380 192 399 230 xa
411 195 556 243 pondere
567 224 577 238 ‚
602 192 654 229 seu
665 196 771 242 potius
788 192 810 229 ὲ
819 206 912 229 motu
922 196 968 228 rei
982 198 1089 243 gravis
1102 195 1282 230 accelerato
1297 226 1305 240 ‚
1323 197 1375 232 vei
1389 197 1407 233 :a
1420 176 1492 234 mci-

109 243 298 294 tuimprclso
308 242 525 293 proficiscitur.
539 245 622 279 Cum
636 242 753 292 globus
768 255 807 277 ex
816 243 884 279 alto
892 245 926 280 in
944 257 1077 281 manum
1093 246 1233 289 decidit,
1254 245 1290 281 fit
1302 250 1408 296 gravis
1422 261 1494 298 per-

108 293 212 329 cuffio.
229 300 279 329 hic
292 296 346 329 ubi
359 293 476 343 globus
493 296 525 328 in
542 293 638 328 alium
655 291 861 328 immobilem
878 295 1011 329 incurrit
1022 323 1032 338 ,
1047 308 1117 342 quae
1131 294 1295 343 utriusque
1314 298 1440 333 occurlh
1457 298 1495 334 fit

106 342 227 378 collifio
240 373 248 386 ‚
262 345 380 378 eodem
395 347 528 379 nomine
548 341 751 390 percussionis
767 340 979 391 (ignarisolet.
990 347 1068 394 jam
1085 358 1157 392 quae
1170 343 1228 380 lint
1242 357 1349 380 earum
1367 347 1494 396 percus-

106 390 247 436 sionum,
263 399 296 430 δι
317 405 463 428 motuum
476 393 563 439 leges
585 393 814 439 expendamus,
968 410 971 411 ⁷

138 442 296 477 Cartesius
318 454 444 477 motum
464 444 495 476 in
511 440 679 476 duriffimis
698 439 908 488 corporibus,
931 455 1003 489 quae
1019 445 1111 478 omni
1125 447 1264 491 partium
1288 443 1496 480 flexibilitate

105 490 204 527 effer-it
220 493 367 526 dtstitura
379 521 388 535 ,
403 497 435 529 δι
454 494 485 526 in
501 489 604 525 fluido
615 517 624 531 ,
649 489 735 537 quod
755 502 883 523 motum
900 492 979 526 nihil
1005 493 1173 540 adjuvaret
1185 523 1194 536 ,
1213 506 1269 528 aut
1295 495 1470 529 retardaret
1486 525 1495 539 ‚

104 541 229 577 facium
243 540 423 589 lupposuit3
440 553 477 574 ac
489 540 575 588 leges
588 551 735 573 moruum
750 551 787 573 ex
799 541 894 573 certis
912 542 1102 587 praejudiciis
1114 545 1222 590 potius
1233 573 1242 586 ,
1259 543 1360 590 quam
1375 555 1412 576 ex
1427 558 1496 578 mo-

105 591 155 626 tfis
167 589 257 637 ipsius
269 602 379 625 natura
391 590 524 623 deduxit
537 603 544 623 :
557 601 626 634 quae
642 589 725 622 adeo
739 601 804 622 non
818 601 984 637 permagni
994 590 1066 625 usus
1079 592 1118 624 ad
1132 593 1255 626 rechin]
1269 591 1497 640 philosophan-

105 640 137 673 di
155 642 315 673 rationem
331 638 390 672 effe
409 635 542 686 poss'unt.
564 637 625 672 Alii
644 637 684 670 ad
705 640 925 684 experimenta
945 639 1123 688 confugere
1147 655 1154 675 :
1176 653 1212 675 ex
1232 644 1267 675 iis
1289 645 1413 675 nonita
1433 645 1496 690 pri-

103 689 180 724 dem
198 686 317 722 Clariis.
336 689 505 735 Hugenius
523 685 677 736 globulos
701 699 740 720 ex
763 685 866 721 ebore
895 688 947 722 vel
965 689 1105 738 chalybe
1123 692 1184 724 rite
1202 702 1330 738 paratos
1347 693 1470 725 curavit
1489 720 1498 735 ‚

102 749 183 785 quos
197 739 240 770 ita
262 737 320 771 filis
335 735 495 784 suspendit
506 738 537 771 in
553 736 702 771 machina
719 764 728 779 ,
742 748 776 770 ut
789 735 954 772 benc-ficio
965 751 1055 773 arcus
1067 740 1176 774 circuli
1190 743 1223 774 in
1237 739 1300 774 suas
1312 752 1430 790 partes,
1444 740 1497 775 seu

101 788 136 822 in
146 786 260 834 gradus
275 785 362 820 diviii
374 817 382 830 ‚
397 799 461 834 qua
479 786 552 834 lege
564 814 573 827 ,
598 798 706 832 quave
718 788 844 821 ratione
860 800 941 823 unus
958 788 1096 823 alterum
1117 801 1302 838 percuteret
1314 819 1323 833 ,
1348 795 1380 826 &
1399 803 1497 838 quan-

102 847 172 872 tum
184 835 224 870 sui
237 836 345 871 monis
359 839 390 870 in
406 835 471 884 ipsa
479 834 644 870 collzsione
660 837 689 869 ei
707 836 891 882 impertiret
904 865 914 878 ,
932 840 1064 887 cognitu
1083 838 1160 874 effet
1177 838 1378 875 facillimum.

143 885 230 919 Cum
245 897 353 920 autern
368 898 484 933 corpor
497 900 499 902 ·
517 885 666 932 quaedam
678 882 735 919 sint
748 885 860 919 mollia
871 915 878 929 ‚
892 900 1030 934 quorum
1043 889 1175 935 qmdem
1195 900 1301 936 partes
1317 889 1387 924 sunt
1404 888 1498 924 flexi-

102 933 183 968 biles
197 964 207 978 ,
224 934 274 969 sed
286 935 422 969 elaterio
435 934 592 969 destirutae
604 962 614 978 ,
638 933 717 968 illud
729 946 794 981 que
807 939 916 984 magni
935 936 1073 981 interfit,
1093 949 1127 972 ut
1144 938 1230 987 leges
1243 950 1390 974 motuum
1403 942 1435 974 'in
1451 941 1498 974 his

101 996 234 1031 quoque
250 983 439 1032 corporibus
455 982 690 1019 observentur:
703 984 733 1016 id
750 997 850 1032 nuper
863 998 998 1035 quoque
1011 988 1155 1036 praestitit
1169 987 1296 1037 iufignis
1311 989 1501 1024 Mathema-

100 1034 181 1067 ticus
196 1039 229 1070 &
242 1033 455 1082 Philosophus
478 1036 523 1068 D.
543 1035 721 1070 Marione.
742 1033 905 1069 Globulos
928 1050 966 1071 ex
983 1037 1095 1083 argilla
1115 1039 1326 1073 mediocriter
1346 1037 1498 1073 exsiccata

99 1081 255 1118 machinae
267 1111 276 1126 ,
296 1081 347 1117 seu
359 1082 530 1130 quadranti
547 1081 614 1116 fere
633 1082 741 1116 circuli
759 1086 894 1131 aptavit,
906 1099 941 1121 ut
957 1077 1158 1136 filis‘appenfi
1176 1100 1277 1135 prope
1292 1099 1439 1122 centrum
1455 1087 1498 1122 es-

99 1130 167 1166 sent
184 1129 243 1165 sibi
260 1142 377 1166 mutuo
395 1131 562 1179 paralleli,
585 1143 621 1166 ut
635 1133 666 1166 in
683 1129 779 1179 figura
800 1133 912 1167 videre
924 1137 970 1170 est
987 1149 1088 1185 prope
1107 1137 1262 1173 machinae
1287 1149 1434 1171 centrum
1453 1139 1494 1180 A,

100 1182 160 1215 tria
172 1179 226 1214 fila
238 1183 270 1215 in
288 1184 319 1216 D
332 1209 342 1224 ,
359 1183 417 1220 RE
428 1210 437 1224 ,
457 1179 495 1214 fic
506 1179 659 1230 globulos
673 1183 705 1215 H
721 1184 753 1224 ‚1
771 1184 799 1215 G
815 1180 1010 1230 suspendunt
1021 1214 1030 1227 ‚
1047 1197 1082 1220 ut
1104 1185 1157 1221 fila
1172 1186 1230 1222 sint
1248 1185 1304 1220 sibi
1323 1186 1473 1234 parallela
1488 1203 1498 1230 ς

99 1229 216 1278 globus
231 1229 310 1265 vero
321 1233 351 1265 G
365 1259 374 1274 ,
391 1242 430 1264 ex
443 1232 474 1265 N
486 1259 496 1273 ‚
515 1229 568 1265 vel
587 1232 619 1263 X
636 1230 828 1273 demittitur,
846 1237 879 1267 &
895 1235 932 1268 in·
940 1234 1113 1283 globulum
1137 1235 1371 1271 limmobilcm
1390 1237 1499 1270 incur-

99 1281 143 1313 rit
157 1307 166 1321 ‚
185 1291 239 1314 aut
249 1278 376 1328 globuli
391 1291 431 1314 ex
444 1281 478 1314 N
493 1308 503 1322 ,
527 1284 560 1316 &
575 1281 610 1314 N
624 1277 715 1313 fimul
733 1280 962 1321 demittuntur,

138 1327 284 1364 Primum
306 1331 413 1377 itaque
429 1327 449 1363 si
467 1329 548 1363 duos
567 1327 720 1377 globulos
738 1341 846 1376 :equa-

98 1376 145 1411 les
160 1406 170 1421 ,
187 1390 226 1413 ex
239 1378 351 1426 argilla
372 1378 540 1427 paululum
558 1377 709 1412 exsiccata
725 1378 845 1412 forma-

98 1431 150 1461 fos
163 1455 173 1470 ,
192 1439 232 1461 eo
256 1439 323 1474 quo
340 1429 476 1462 diximus
500 1427 617 1469 modo,
645 1426 707 1461 filis
721 1439 737 1460 a
763 1439 847 1476 pen-

99 1476 203 1519 deris,
221 1487 321 1524 atque
336 1488 474 1517 unusex
497 1478 536 1510 iis
559 1478 714 1512 immotus
741 1489 845 1525 uppo-

98 1536 192 1560 natur
206 1529 306 1568 I‚cum
318 1526 400 1561 alter
411 1539 454 1561 ex
465 1528 499 1561 N
509 1554 519 1568 ,
532 1527 564 1560 in
575 1538 649 1560 eum
661 1528 845 1573 impegerit,

99 1585 168 1608 tum
179 1577 316 1622 impetus
327 1603 336 1617 ‚
360 1575 413 1609 seu
427 1573 584 1608 velocitas
596 1575 706 1607 motus
718 1576 845 1621 utrique

100 1633 139 1656 ex
149 1622 245 1670 {equo
254 1622 459 1657 distribuetur
470 1651 478 1666 ,
495 1627 527 1658 &
539 1621 638 1656 ambo
648 1621 771 1670 globuli
780 1622 847 1658 unit

98 1676 132 1708 &
151 1674 182 1706 in
199 1670 327 1707 easdem
341 1683 447 1720 partes
459 1673 723 1719 progredientur,
745 1673 784 1705 ad
800 1672 849 1706 di-

98 1721 234 1755 midiam
248 1719 366 1755 scilicet
377 1721 582 1755 altitudinem
592 1723 616 1754 B
629 1750 637 1763 ,
648 1733 687 1755 ex
699 1733 760 1767 qua
774 1720 847 1768 glo-

98 1767 156 1804 bus
167 1769 248 1803 alter
260 1770 443 1804 deciderat:
462 1782 500 1803 ex
512 1781 650 1816 utroque
670 1771 757 1804 enim
778 1769 846 1817 glo-

97 1816 144 1853 bo
173 1831 272 1854 unum
300 1831 415 1868 corpus
441 1817 598 1854 efficitur:
616 1824 650 1855 &
666 1819 755 1853 idern
775 1833 844 1854 mo-

98 1877 147 1902 tus
171 1870 204 1903 in
221 1869 286 1903 duo
312 1881 448 1916 corpora
468 1867 602 1915 aequalia
623 1866 753 1903 diffusus
772 1881 845 1917 par-

99 1926 168 1952 tem
182 1917 242 1952 suae
265 1919 447 1953 velocitatis
465 1917 632 1951 dimidiam
644 1920 777 1954 amittit.

136 1981 163 2002 2.
185 1969 217 2000 Si
229 1967 294 2001 duo
304 1967 428 2014 globuli
439 1966 576 2013 aeqnales
591 1967 705 2001 eadem
718 1968 844 2002 veloci-

101 2024 188 2058 tate,
207 2013 257 2050 seu
272 2028 314 2050 ex
330 2017 446 2051 eadem
459 2016 630 2050 altitudine
647 2015 844 2053 descenden-

102 2075 150 2099 tes
162 2093 171 2106 ,
184 2076 222 2098 ex
235 2066 269 2100 N
283 2093 291 2105 ,
310 2069 342 2101 &
353 2066 387 2100 N
401 2093 409 2106 ,
425 2064 482 2098 sibi
501 2077 615 2099 mutuo
628 2076 799 2105 occurrant
811 2069 845 2102 in
865 2077 869 2079 ⁴

103 2114 212 2149 medio
230 2143 236 2153 ,
262 2126 330 2148 tum
347 2112 445 2147 ambo
463 2114 531 2160 post
544 2113 741 2150 collifionem
751 2128 847 2151 erunt

101 2160 296 2198 immobiles.
308 2164 364 2208 Q
376 2174 478 2196 tntum
492 2165 580 2196 enim
594 2176 674 2197 unus
690 2167 893 2214 progreditur
904 2193 913 2208 ,
930 2175 1059 2201 tantum
1074 2164 1116 2200 ab
1132 2166 1233 2202 altero
1247 2166 1412 2215 repellitur
1425 2194 1435 2208 ,
1454 2169 1490 2201 δε

102 2215 266 2247 contrariae
280 2213 567 2246 determinationes
586 2211 646 2247 sese
657 2227 770 2248 mutuo
792 2215 927 2250 elidunt.
951 2216 1030 2266 Q
1048 2227 1155 2250 autem
1175 2217 1273 2251 modo
1288 2218 1349 2250 hoc
1361 2216 1489 2262 experi-

102 2273 248 2297 mentum
267 2264 298 2295 in
316 2260 498 2296 Cartefiana
514 2260 843 2310 hypotheficxplicari
863 2263 974 2311 poffit,
993 2278 1058 2299 non
1081 2266 1177 2298 video
1195 2278 1204 2298 τ
1219 2278 1293 2299 nam
1314 2264 1420 2311 placet
1440 2261 1489 2296 illi

103 2311 241 2345 eandem
251 2323 382 2346 manere
395 2312 462 2359 post
476 2309 674 2346 collifiontrn
694 2325 800 2348 motus
819 2316 1034 2361 quantitatem
1049 2342 1058 2356 ‚
1079 2320 1113 2350 &
1127 2313 1206 2348 nihil
1222 2326 1327 2348 motus
1343 2326 1487 2361 unquam

106 2372 217 2408 perire.
1059 2389 1062 2392 .
1363 2388 1366 2392 Δ

139 2409 261 2455 3.Idem
274 2411 418 2455 accidet,
435 2410 455 2445 si
467 2410 591 2459 globuli
604 2409 662 2446 fint
677 2411 848 2460 inaequales
859 2441 869 2456 ,
896 2413 948 2448 sed
967 2424 1122 2461 quantum
1144 2424 1224 2448 unus
1237 2412 1376 2448 alterum
1399 2411 1486 2447 mole

1246 2465 1277 2498 R
1297 2467 1317 2510 1j
