1878 2724
360 134 433 185 156'
750 131 1007 179 PHYSJCAE
1043 131 1361 170 GENERALIS

355 188 400 221 est
417 214 426 228 ‚
451 194 590 233 quantus
607 184 653 218 est
669 185 812 231 impetus
824 183 966 218 recensa
979 185 1216 231 gravicotpote
1227 183 1309 217 inter
1331 180 1545 217 decidendum
1561 182 1746 229 produdlms.

358 235 458 284 Qod
477 235 588 279 utique
603 235 695 266 citius
709 231 827 266 accidit
840 259 849 273 ‚
863 242 938 266 cum
950 230 1121 267 resistentia
1131 232 1231 267 medii
1253 231 1291 268 fit
1311 236 1416 280 major
1438 243 1478 267 ex
1503 235 1626 280 majore
1650 236 1748 270 nimi,

357 297 427 318 tum
442 284 585 329 corporis
598 282 705 329 gravis
723 278 904 328 superficie.

398 335 506 378 Atque
516 331 589 366 hinc
604 329 706 364 multa
721 327 875 377 explicati
885 327 1014 379 possunt
1031 329 1253 378 phaenomena.
1281 330 1411 374 Primo,
1429 342 1485 366 cur
1510 343 1586 366 aves
1606 330 1748 378 expansis

356 381 413 415 alis
429 380 515 414 lente
526 379 704 414 admodum
713 378 864 414 decidant
874 407 883 422 ,
894 378 1040 414 velocius
1051 378 1107 413 alis
1119 377 1320 426 complicatis
1335 392 1342 414 :
1358 389 1426 414 tum
1441 382 1530 415 enim
1544 380 1614 428 plus
1629 379 1750 418 refistit

357 433 411 463 aer
427 457 436 472 ‚
451 441 518 476 quo
534 436 638 477 major
648 428 692 462 est
703 425 903 476 superficies:
916 428 999 463 adeo
1013 439 1048 463 ut
1070 426 1113 462 ab
1136 440 1211 461 aere
1225 426 1293 475 ipso
1309 425 1449 463 sustineri
1461 427 1598 477 possint:
1615 429 1680 465 sive
1704 429 1748 466 ab

356 480 481 526 impetu
491 489 590 525 quem
599 480 633 512 in
650 475 754 526 seipsis
770 474 940 521 efficiunt,
953 476 1017 512 sive
1026 476 1070 512 ab
1084 478 1165 510 aeris
1180 476 1325 512 elaterio.
1344 478 1515 522 Secundo,
1531 491 1587 513 cur
1600 489 1750 515 tamenta

356 526 565 562 metallorum
579 538 647 561 tam
668 525 757 562 lente
769 528 802 561 in
813 537 896 574 aqua
913 526 1076 562 decidant.
1091 528 1209 562 Tertio
1225 555 1234 569 ‚
1249 537 1304 561 cut
1313 524 1435 575 sagittis
1449 526 1564 575 plumae
1578 529 1748 565 addantur:

354 588 474 625 nempe
485 588 518 611 ut
528 576 649 611 restior
658 574 694 612 fit
706 587 815 611 earum
828 586 937 611 motus
953 588 1044 613 :nam
1056 588 1126 624 pat}
1137 574 1264 610 densior
1274 577 1378 623 praeit,
1391 576 1479 625 quod
1497 575 1623 611 facilius
1639 589 1750 614 aerem

354 626 492 662 dividat.
513 627 659 677 Quo,
678 638 734 661 cur
751 623 961 660 bombardile
976 628 1114 661 minutos
1133 623 1260 673 plumbi
1274 623 1426 673 globulos
1440 639 1507 661 non
1524 636 1614 661 tanta
1628 628 1661 661 vi
1672 639 1751 671 ,aut

356 675 396 709 ad
419 687 543 710 tantam
568 675 757 710 distantiam
786 674 965 722 explodat,
984 686 1082 722 quam
1103 672 1243 723 globum
1270 672 1477 724 majusculum
1498 689 1506 711 ε
1534 677 1566 711 in
1590 675 1638 710 his
1660 679 1755 712 enine

356 723 510 760 omnibus
539 729 644 773 major
669 735 730 774 pro
759 722 849 759 mole
879 723 1062 774 superficies
1102 728 1260 773 majorem
1284 724 1401 759 itidem
1428 726 1508 759 aeris
1540 723 1752 766 resistentiam

357 771 467 813 efficit,

394 825 459 860 His
478 823 561 858 adde
581 825 730 872 gravium
753 832 883 859 motum
901 835 941 859 ex
963 822 1062 872 figura
1085 821 1151 871 ipsa
1166 821 1304 857 multum
1322 823 1484 872 pendete:
1505 822 1545 858 fic
1565 834 1622 858 vas
1636 834 1754 859 conca-

356 885 436 908 vum
446 885 536 921 aquae
553 873 793 910 innatat.Hinc
803 874 902 908 etiarn
914 885 1015 908 naves
1027 902 1036 916 ‚
1048 883 1084 907 ut
1093 872 1232 906 diximus
1243 900 1253 913 ,
1268 871 1349 908 fiunt
1364 885 1403 907 ex
1418 884 1509 921 parte
1518 873 1674 908 inferiore
1691 884 1754 909 an-

357 923 510 970 gustiotes
523 951 534 966 ,
551 924 585 959 δε
603 933 640 958 ex
650 932 786 970 utraque
801 932 892 969 parte
900 922 1043 957 rostratae
1055 936 1062 957 :
1073 920 1112 956 fic
1129 922 1216 956 enim
1228 922 1323 955 citius
1335 934 1452 969 aquam
1464 921 1602 966 findunt,
1616 927 1650 959 &
1669 921 1752 957 faci-

358 972 415 1006 lius
427 971 469 1006 ab
483 983 569 1019 aqua
581 971 767 1008 sustinentur
780 988 790 1016 3
808 969 848 1006 fic
864 983 940 1008 aves
957 969 1101 1021 expansis
1111 969 1170 1004 alis
1180 974 1233 1014 ‚&
1245 971 1380 1006 rostrato
1396 973 1531 1019 petitore
1552 974 1586 1009 in
1602 983 1676 1006 aere
1694 969 1754 1009 sus-

359 1021 554 1069 penduntur.

856 1069 1043 1104 Solvuntur
1061 1066 1257 1113 objefflioncs.

394 1170 485 1218 Opp.
506 1181 528 1206 1.
543 1168 669 1217 lignum
686 1165 881 1217 plerumque
895 1170 929 1203 in
941 1164 1112 1216 pulverem
1123 1168 1359 1202 comminutum
1374 1167 1479 1202 statim
1495 1166 1641 1217 demergi
1652 1196 1662 1211 ‚
1676 1179 1753 1203 cum

360 1222 520 1267 integrum
532 1230 625 1266 aquae
637 1220 783 1253 innatet:
801 1229 881 1266 ergo
893 1217 927 1251 id
936 1229 1008 1252 non
1018 1214 1144 1263 semper
1160 1228 1273 1252 verum
1291 1216 1335 1251 est
1350 1220 1473 1265 ma10ra
1490 1227 1627 1264 corpora
1657 1218 1755 1253 citius

360 1268 553 1302 descendere
563 1296 573 1310 ,
585 1272 619 1302 &
629 1267 730 1300 medii
743 1264 952 1301 resistentiam
970 1262 1097 1299 facilius
1107 1263 1265 1312 superare.

382 1316 469 1364 qup.
493 1316 525 1349 id
549 1315 713 1350 interdum
733 1313 989 1361 evenire,quod
1001 1314 1084 1347 intra
1094 1310 1173 1361 ligni
1184 1324 1282 1362 poros
1299 1312 1441 1349 multum
1452 1315 1485 1348 in
1502 1311 1630 1360 fitbaeris
1644 1312 1753 1348 :unde

359 1376 472 1414 corpus
483 1365 515 1399 in
530 1365 695 1413 pulverem
711 1365 950 1398 comminutum
962 1360 1109 1397 dettatsto
1127 1374 1203 1397 aere
1219 1361 1255 1398 fit
1267 1365 1412 1412 gravius.

396 1416 482 1463 Opp.
501 1428 526 1450 2.
545 1417 624 1450 Duo
640 1423 778 1461 corpora
791 1442 802 1457 ‚
818 1424 855 1447 ut
869 1413 948 1447 duos
960 1409 1077 1460 globos
1088 1411 1178 1446 mole
1195 1413 1330 1459 quidem
1342 1411 1535 1459 inaequales,
1561 1409 1614 1445 sed
1633 1420 1673 1444 ex
1695 1420 1752 1444 ea.

359 1465 435 1499 dem
450 1465 586 1498 materia
609 1461 767 1497 conflatos
789 1474 878 1509 aequa
893 1460 1061 1495 celeritate
1080 1459 1290 1496 descendere:
1308 1474 1385 1496 narn
1407 1472 1461 1494 aer
1478 1462 1536 1508 qui
1554 1458 1753 1502 extruditur,

359 1514 473 1562 maj0ri
490 1511 595 1560 globo
613 1511 682 1561 plus
705 1509 831 1554 resistit,
845 1516 880 1548 δε
898 1521 940 1545 eo
958 1512 1061 1558 magis
1074 1521 1142 1557 quo
1160 1508 1277 1559 globus
1292 1509 1436 1558 pluribus
1447 1510 1573 1545 constat
1588 1507 1732 1557 partibus
1743 1534 1753 1543 .

359 1564 412 1598 Sic
429 1562 554 1611 pistrini
564 1561 652 1597 mola
668 1573 736 1596 non
753 1560 857 1595 multo
870 1562 962 1594 citius
983 1558 1156 1593 descendet
1185 1569 1225 1594 ex
1251 1560 1343 1595 turris
1356 1558 1482 1594 summo
1495 1587 1505 1601 ‚
1526 1569 1625 1606 quam
1642 1556 1723 1605 lapis
1743 1570 1754 1592 ε

359 1623 435 1647 nam
449 1611 526 1646 licet
541 1622 653 1646 mente
662 1612 833 1658 concipere
844 1611 876 1644 in
902 1621 957 1644 ens
968 1607 1047 1643 illud
1062 1606 1170 1643 saxum
1183 1620 1225 1644 ex
1236 1611 1411 1644 innumeris
1420 1607 1580 1657 lapidibus
1598 1609 1644 1641 ita
1656 1618 1755 1655 coag-

360 1671 543 1696 mentatum
555 1670 610 1703 ‚ut
628 1661 650 1694 ii
665 1670 775 1694 tamen
784 1671 852 1694 non
880 1669 928 1694 int
939 1659 1102 1701 continui,
1115 1654 1167 1692 sed
1182 1657 1291 1703 divisi,
1313 1668 1451 1708 tumque
1474 1669 1556 1693 unus
1575 1655 1655 1705 lapis
1668 1654 1754 1690 alte-

360 1711 424 1744 tius
436 1708 619 1745 descensum
632 1722 699 1744 non
713 1707 935 1757 promovebit.

398 1759 488 1807 Resp.
505 1760 619 1805 ingens
635 1757 744 1791 saxum
765 1756 933 1803 aliquanto
951 1757 1043 1789 citius
1060 1755 1253 1790 descendere
1264 1783 1273 1797 ‚
1288 1765 1385 1800 quam
1407 1757 1569 1790 minorem
1589 1752 1753 1800 lapidem:

361 1808 449 1854 quod
459 1818 519 1855 pro
543 1806 631 1840 mole
643 1807 693 1840 sua
712 1807 872 1840 minorem
885 1803 1005 1839 habeat
1018 1801 1236 1851 superficiem:
1258 1803 1343 1837 unde
1362 1804 1481 1838 tardius
1497 1804 1536 1837 ad
1551 1812 1679 1837 motum
1700 1800 1755 1837 seu

360 1857 401 1890 ad
421 1854 582 1890 descensus
594 1853 852 1902 aequabilitatem
861 1854 1031 1901 pervenit:
1055 1851 1180 1887 tametsi
1197 1853 1250 1885 vix
1273 1850 1426 1886 sensibilis
1444 1854 1487 1887 est
1500 1850 1683 1887 differentia
1698 1852 1751 1885 inc

363 1917 410 1938 ter
432 1903 614 1939 descensum
633 1905 767 1952 magni,
790 1907 824 1939 ὅ(
849 1904 942 1950 parvi
969 1906 1115 1949 corporis
1137 1930 1146 1944 ‚
1167 1913 1239 1935 cum
1265 1912 1303 1934 ex
1328 1902 1455 1936 minore
1477 1900 1645 1935 altitudine
1659 1897 1752 1934 fimul

362 1954 534 1989 decidunt:
551 1955 617 1987 imo
644 1952 724 2002 lapis
745 1963 801 1985 aut
824 1951 995 2001 plumbum
1018 1963 1086 1986 non
1109 1948 1214 1985 multo
1239 1949 1372 1984 celerius
1400 1950 1568 1986 descendit
1587 1960 1688 1995 quam
1710 1948 1752 1982 li-

361 2014 466 2051 gnum.
647 2009 649 2012 ’

389 2055 506 2100 Qate
523 2063 562 2086 ex
573 2049 690 2099 triplici
711 2048 911 2100 potissimum
925 2052 1033 2098 capite
1047 2051 1149 2085 oritur
1160 2049 1262 2084 medii
1275 2048 1450 2084 resistentia
1465 2078 1474 2092 ‚
1491 2047 1590 2095 idque
1604 2046 1752 2095 corporis

361 2104 467 2152 gravis
474 2099 656 2136 descensum
672 2111 853 2136 remoratur
866 2128 876 2142 ‚
886 2102 992 2148 primo
1003 2099 1091 2148 quod
1106 2099 1253 2134 medium
1262 2111 1368 2148 partes
1387 2097 1509 2133 habeat
1518 2099 1563 2132 ita
1574 2107 1751 2139 connexas,
1762 2111 1765 2114 >

362 2163 397 2187 ut
420 2151 583 2200 perrumpi
605 2147 702 2185 facile
719 2161 787 2186 non
806 2148 935 2198 poffint.
962 2150 1051 2184 Hinc
1070 2148 1160 2184 forte
1184 2147 1366 2196 corpuscula
1378 2147 1545 2184 solidiora,
1558 2156 1593 2179 ut
1610 2143 1750 2191 pulveris

363 2203 466 2236 atomi
484 2203 515 2235 in
529 2212 603 2234 aere
611 2197 777 2236 fluetuant.
797 2206 833 2234 20
849 2198 938 2245 quod
956 2199 1055 2234 medii
1078 2208 1184 2247 partes
1202 2197 1222 2233 ὲ
1240 2200 1333 2246 gravi
1348 2209 1483 2246 corpote
1502 2194 1562 2230 {int
1579 2191 1750 2239 expellen-

362 2254 408 2286 dae
424 2251 530 2288 :adeo
540 2251 622 2284 utin
635 2247 754 2284 orbern
769 2260 823 2283 eas
844 2250 971 2282 moveri
982 2247 1105 2285 neceffe
1118 2245 1154 2282 sit
1168 2276 1177 2290 ‚
1196 2259 1231 2282 ut
1254 2247 1362 2283 locum
1373 2259 1391 2280 a
1404 2246 1496 2294 gravi
1516 2253 1652 2289 corpore
1673 2241 1749 2275 reli-

361 2303 450 2337 “ftum
469 2309 639 2347 occupent.
660 2304 692 2343 3⁰
704 2298 845 2346 denique
853 2297 941 2343 quod
955 2297 1098 2333 medium
1111 2295 1210 2344 ipsum
1232 2296 1473 2331 vehementiori
1488 2303 1580 2327 motu
1592 2292 1748 2338 agitetur:

361 2351 400 2385 slC
414 2361 502 2387 motu
515 2351 597 2384 aeris
610 2347 730 2397 pluvia,
742 2346 929 2396 autgrando
937 2345 1063 2396 longius
1075 2346 1230 2389 defertur,
1249 2350 1282 2383 &
1293 2346 1370 2395 lapis
1398 2343 1561 2381 interdum
1578 2339 1750 2388 rapidioris
