1878 2724
378 144 446 183 426
692 131 977 172 PHYSICAE
1022 132 1164 170 PARS
1200 130 1504 173 SECUNDA.

471 231 666 277 Objest'iones
673 232 850 278 solzuntur
862 258 873 270 ‚
895 229 934 265 C?
953 233 1049 266 varia
1062 234 1217 282 magnetis
1230 232 1427 281 phaenomena
1444 233 1660 281 explicantur.

419 330 500 378 Opp.
512 343 533 364 1.
543 328 637 364 Nihil
651 327 774 364 obstare
783 331 957 376 quominus
967 332 1148 378 magnetica
1160 327 1289 364 effluvia
1300 342 1356 378 pei·
1367 331 1496 366 eosdem
1507 342 1613 366 motus
1623 331 1769 375 redeant,

378 389 432 425 per
447 390 525 424 quos
537 377 661 414 subiere
683 392 690 413 :
712 390 811 424 quum
827 380 898 426 pori
912 376 973 413 fint
985 382 1090 426 aperti
1103 408 1112 422 ,
1130 384 1164 415 &
1180 377 1313 414 effluxus
1333 379 1379 413 illi
1392 378 1579 416 subtiliffimi
1596 395 1604 415 :
1626 392 1703 429 ergo
1716 384 1769 415 ni-

379 425 426 460 hil
456 439 535 475 opus
557 427 599 461 est
622 439 662 461 eo
685 428 818 461 circuitu
843 439 944 474 quem
966 427 1118 476 fingimus
1146 456 1156 471 ‚
1179 439 1220 465 ut.
1238 440 1370 478 magnes
1400 428 1439 463 ad
1463 440 1652 477 magnetem
1675 441 1766 464 acce-

383 475 450 509 dat.

408 524 500 572 Resp.
515 522 655 558 Obstare
670 553 680 568 ‚
699 529 733 561 &
747 524 882 573 figuram
900 525 1161 574 corpusculorum
1176 554 1184 569 ‚
1198 537 1393 572 quaecunque
1407 538 1444 561 ea
1455 526 1501 571 fit,
1516 526 1566 562 seu
1580 530 1614 562 in
1627 526 1767 562 formam

372 572 578 608 cochlearum
588 572 623 608 sit
635 585 804 617 contorta,
820 573 871 609 seu
887 587 988 609 unum
1007 574 1188 623 extremum
1204 574 1240 608 sit
1251 574 1355 608 altero
1373 574 1529 612 obtufius:
1547 588 1617 623 quae
1631 575 1695 611 duo
1705 589 1767 614 rio-

373 620 424 654 bis
440 623 546 656 minus
566 622 748 658 verisimilia
758 623 918 659 videntur.
928 624 992 657 Sed
1004 623 1189 658 credibilius
1199 624 1245 659 est
1260 622 1386 659 obstare
1404 625 1542 661 ramulos
1561 627 1700 673 partium
1717 627 1767 661 in-

371 668 565 705 sensibilium
580 700 589 714 ‚
605 673 662 719 qui
686 674 732 706 ita
744 671 973 715 inflectuntur,
996 684 1030 707 ut
1042 673 1169 708 aditum
1188 669 1399 714 subeuntibus
1421 676 1612 723 magneticae
1627 673 1767 709 substan-

371 719 622 768 tiaecorpusculis
641 720 830 768 praebeant,
851 720 1056 756 redeuntibus
1076 720 1409 763 occludanr30bstare
1420 735 1551 771 quoque
1572 723 1669 757 aliam
1692 736 1767 758 rna-

371 771 484 803 teriam
494 771 637 817 quaejugi
646 769 731 805 fluxu
746 782 802 818 per
814 772 974 818 magnetis
985 782 1080 818 poros
1098 782 1273 805 commeat.
1284 771 1413 806 Deinde
1427 770 1502 806 cum
1515 784 1589 806 acus
1603 771 1681 820 polo
1695 784 1766 806 ma-

369 820 476 865 gnetis
498 818 631 853 admota
642 820 685 854 est
697 847 707 862 ,
726 830 821 867 poros
834 818 910 853 ferri
928 821 974 853 ita
985 818 1043 853 sibi
1062 830 1152 867 aptat
1166 818 1334 855 fiabstantia
1349 823 1531 868 magnetica
1547 849 1557 864 ,
1571 825 1605 857 ὃς
1624 820 1763 856 ramulos

371 878 518 901 extantes
530 895 538 909 ‚
553 865 573 901 si
584 869 640 914 qui
651 866 710 902 sint
720 896 730 910 ‚
743 870 788 901 ita
802 870 989 915 componit,
1004 879 1040 902 ut
1051 869 1225 902 commode
1239 880 1294 901 eos
1311 879 1436 903 meatus
1452 871 1616 917 pervadat.

404 915 479 958 Inst.
498 915 599 951 Nullo
617 915 690 950 satis
708 916 828 951 idoneo
840 928 1034 965 argumento
1050 916 1182 964 probari
1197 915 1283 964 posse
1295 919 1484 965 magneticae
1508 917 1592 953 illius
1619 920 1764 953 materiae

367 966 538 999 circuitum
562 993 572 1008 ‚
602 976 672 1011 quae
696 967 778 999 circa
804 976 921 1000 terram
948 968 981 1001 in
1003 967 1136 1000 vorticis
1162 966 1294 1000 modum
1311 977 1424 1014 agatur·
1439 995 1449 1010 ‚
1471 969 1537 1001 imo
1552 969 1634 1001 circa
1646 979 1763 1002 unum-

367 1025 535 1061 quemque
556 1025 743 1062 magnetem
768 1013 848 1056 ‚suos
865 1026 964 1062 gyros
985 1025 1063 1062 agat
1081 1028 1089 1049 ε
1129 1014 1198 1049 haec
1214 1015 1301 1050 enim
1319 1015 1470 1050 videntur
1486 1015 1562 1051 ficta
1584 1014 1644 1050 effe
1661 1017 1701 1050 ad
1723 1015 1763 1050 li-

368 1062 522 1096 bidinem.
1249 1098 1253 1101 ,

402 1111 494 1157 Restm
519 1112 634 1147 Multis
668 1114 901 1162 experimentis
920 1124 998 1146 eum
1022 1112 1192 1148 circuitum
1212 1115 1403 1162 magneticae
1421 1112 1595 1149 substanriae
1615 1112 1761 1162 probari.

366 1159 477 1194 Primo
491 1163 576 1197 enim
593 1174 667 1197 acus
685 1165 812 1197 nautica
825 1163 932 1197 varios
948 1160 1020 1196 situs
1032 1162 1134 1196 induit
1146 1191 1156 1205 ,
1169 1173 1205 1197 ut
1214 1165 1295 1197 circa
1310 1173 1495 1210 magnetem
1514 1165 1603 1198 varie
1623 1176 1762 1211 compo-

366 1210 452 1243 nitur
462 1213 571 1256 :juxta
581 1214 741 1258 magnetis
778 1210 847 1246 olos
858 1210 1030 1245 constituta
1043 1212 1075 1245 in
1085 1210 1243 1246 directum
1251 1217 1346 1258 jacet,
1356 1217 1389 1248 δε
1403 1211 1540 1246 eandem
1558 1212 1676 1247 lineam
1688 1225 1761 1248 cum

365 1260 526 1305 magnetis
538 1271 597 1294 axe
611 1258 713 1294 efficit
726 1277 734 1303 ς
747 1225 799 1294 [ng
818 1272 855 1294 ea
866 1261 948 1293 circa
961 1270 1149 1307 magnetem
1166 1263 1252 1295 varie
1263 1260 1431 1295 inclinatur
1444 1289 1454 1304 ‚
1477 1271 1512 1295 ut
1527 1260 1668 1295 diversos
1686 1260 1760 1296 fitus

364 1304 507 1343 obtinet.
525 1307 674 1343 Secundo
683 1321 758 1344 cum
770 1308 949 1344 limaturam
960 1307 1107 1356 chalybis
1123 1319 1246 1343 temere
1267 1311 1301 1344 in
1319 1309 1481 1352 chartam,
1500 1311 1532 1344 in
1546 1314 1632 1359 cujus
1648 1311 1757 1344 medio

363 1367 497 1404 magnes
516 1369 592 1405 apte
603 1358 646 1392 est
655 1359 847 1394 constitutus
864 1386 875 1401 ,
895 1355 1043 1392 effuderis
1055 1374 1063 1400 3
1077 1357 1141 1392 haec
1163 1359 1282 1394 circum
1302 1369 1490 1406 magnetem
1506 1371 1563 1393 eos
1583 1360 1625 1392 de
1641 1357 1757 1405 quibus

362 1403 526 1451 loquimur
549 1418 645 1454 gyros
657 1435 667 1449 ,
680 1419 734 1441 aut
744 1409 884 1442 vortices
897 1405 1027 1454 pulchre
1038 1405 1208 1442 describet.
1221 1410 1310 1443 Nam
1322 1409 1441 1442 intueri
1455 1405 1580 1443 'uvabit
1589 1419 1626 1443 ut
1640 1407 1758 1442 succus-

363 1450 393 1486 sa
404 1453 512 1488 charta
523 1484 531 1498 ‚
543 1455 691 1489 limatura
704 1455 760 1490 illa
773 1454 920 1503 chalybis
939 1455 1029 1489 velut
1040 1456 1072 1494 in
1081 1455 1237 1502 quosdam
1249 1455 1383 1491 annulos
1405 1421 1467 1490 sese
1478 1468 1570 1504 apter
1583 1485 1594 1500 ,
1617 1468 1757 1504 quorum

362 1500 410 1535 illi
425 1507 562 1550 majores
574 1516 669 1539 erunt
679 1507 735 1552 qui
750 1507 782 1540 in
794 1515 899 1553 partes
912 1503 981 1552 poli
990 1505 1161 1539 viciniores
1181 1504 1341 1541 redibunt.
1353 1507 1468 1540 Tertio
1481 1503 1502 1539 si
1512 1505 1610 1540 alium
1621 1518 1757 1554 magne-

362 1561 429 1585 tem
441 1563 543 1600 prope
555 1553 731 1588 admoveas
743 1583 752 1597 ,
771 1565 839 1589 tum
853 1553 901 1588 illi
912 1552 1020 1589 annuli
1031 1582 1041 1597 ,
1063 1564 1119 1588 aut
1127 1557 1264 1590 vortices
1279 1554 1374 1589 aliam
1385 1553 1519 1603 figuram
1531 1555 1666 1590 induent
1688 1569 1696 1590 :
1717 1566 1754 1590 ut

360 1612 419 1646 per
431 1603 500 1646 ejus
515 1605 676 1650 magnetis
686 1603 780 1651 polos
790 1601 942 1638 subeant:
963 1603 1141 1637 dummodo
1158 1602 1249 1652 polus
1268 1606 1359 1638 unius
1373 1605 1532 1652 magnetis
1553 1604 1757 1638 Meridiona-

361 1649 399 1682 lis
412 1679 420 1692 ,
443 1649 522 1697 polo
541 1650 671 1686 alterius
697 1650 951 1700 Septentrionali
965 1650 1169 1688 obvertatur.
1184 1655 1271 1689 Nam
1287 1652 1306 1686 fi
1320 1655 1529 1701 cognomines
1543 1653 1610 1700 poli
1628 1651 1691 1687 sese
1704 1665 1756 1687 re-

359 1697 494 1744 spiciant
510 1727 519 1742 ,
537 1711 605 1734 tum
619 1703 797 1736 contrarius
809 1700 957 1747 sequetur
971 1699 1106 1736 effectus
1116 1729 1125 1744 ,
1149 1707 1183 1738 &
1202 1700 1336 1736 effluxus
1353 1703 1525 1749 magnerici
1542 1701 1583 1736 ab
1603 1715 1668 1736 uno
1681 1714 1752 1736 rna-

359 1758 456 1793 gnete
471 1749 662 1794 prodeuntes
678 1764 744 1785 non
762 1748 852 1785 reeta
862 1749 1128 1798 progredientur,
1150 1761 1184 1784 ut
1193 1750 1388 1798 peralterius
1400 1751 1493 1798 polos
1514 1749 1647 1785 subeant
1671 1764 1678 1786 :
1698 1749 1752 1784 sed

359 1796 507 1831 statimin
517 1796 630 1845 seipsos
646 1799 854 1834 refleetentur
865 1826 875 1841 ,
887 1809 923 1832 ut
937 1810 992 1845 per
1009 1798 1189 1847 oppositum
1206 1798 1316 1846 polum
1329 1799 1471 1835 redeant.
1499 1801 1587 1833 Hinc
1601 1799 1752 1833 limatura

359 1843 505 1892 chalybis
516 1845 682 1881 breviores
695 1877 703 1888 ,
723 1853 756 1884 &
770 1849 870 1895 magis
885 1858 1029 1881 arcuatos
1044 1845 1203 1882 describet
1225 1850 1365 1881 vortices
1393 1862 1400 1882 :
1421 1861 1458 1883 ex
1472 1846 1587 1893 quibus
1606 1847 1678 1882 stne
1692 1846 1749 1883 ubi

357 1890 417 1926 fint
434 1893 499 1939 poli
513 1897 671 1943 magnetis
681 1895 775 1931 facile
790 1894 1000 1943 dignoscetur.
1012 1897 1100 1931 Nam
1111 1894 1157 1930 ibi
1170 1908 1224 1929 eos
1235 1894 1296 1930 effe
1310 1896 1412 1943 liquet
1424 1925 1434 1940 ‚
1445 1895 1501 1931 ubi
1511 1896 1658 1930 limatura
1671 1896 1750 1930 cha-

357 1939 444 1988 lybis
457 1953 537 1987 pene
552 1945 584 1977 in
604 1944 863 1980 tetstame'lineam
877 1944 1073 1991 producitur.

391 1991 475 2038 Opp.
488 2004 520 2026 2.
539 1992 573 2025 ld
592 1993 844 2028 minimevideri
858 1990 1034 2040 probabile
1054 2004 1240 2042 magnetem
1251 1992 1293 2027 ab
1304 1992 1368 2028 alio
1381 1994 1482 2037 trahi,
1509 1993 1596 2042 quod
1616 1994 1751 2038 interje.·

357 2039 426 2073 &us
436 2051 489 2073 aer
500 2039 541 2074 ab
556 2040 612 2075 illa
629 2043 719 2076 tenui
741 2040 910 2076 substantia
922 2041 1064 2089 expulsus
1077 2041 1096 2077 ὲ
1105 2055 1197 2091 tergo
1210 2053 1263 2077 aut
1280 2055 1534 2091 magnetemssut
1548 2043 1668 2078 ferrum
1684 2044 1748 2077 im-

356 2087 465 2134 pellat.
478 2088 585 2126 Primo
598 2092 686 2126 enim
695 2091 781 2125 unde
792 2101 887 2126 tantae
899 2092 965 2123 aeri
983 2092 1090 2126 vires÷
1108 2090 1260 2126 Secundo
1282 2104 1334 2126 cur
1352 2104 1405 2126 aer
1422 2103 1513 2127 tanta
1534 2094 1567 2126 vi
1585 2089 1746 2140 protrusus

353 2136 477 2172 ferrum
488 2140 595 2184 potius
606 2139 774 2185 rec‘tajnon
782 2138 941 2188 repellar,
952 2137 1052 2186 quam
1070 2139 1174 2175 &aeto
1196 2145 1260 2187 jam
1276 2143 1400 2188 impetu
1416 2141 1435 2176 ἓι
1453 2153 1545 2189 tergo
1558 2152 1670 2189 urgere
1688 2153 1746 2174 <o-

352 2196 463 2233 gatur?
481 2186 618 2231 Tertio,
636 2201 709 2223 cum
723 2188 842 2223 fertum
861 2187 915 2222 suo
937 2188 1082 2236 pondere
1106 2188 1274 2232 consistat,
1287 2202 1347 2224 nec
1366 2189 1501 2225 follibus
1516 2190 1658 2234 autlflatu
1673 2202 1747 2225 mo-

353 2237 421 2269 veri
439 2234 544 2283 possit,
558 2237 726 2284 quomodo
739 2236 759 2272 a
770 2237 883 2271 striatis
896 2235 955 2271 illis
965 2236 1156 2286 corpusculis
1170 2234 1262 2273 tanto
1275 2241 1398 2286 impetu
1407 2239 1636 2287 protrudetur?
1653 2240 1745 2284 Quin

353 2286 452 2318 eriam
466 2285 571 2320 striata
582 2285 637 2320 illa
646 2285 828 2334 corpuscula
845 2288 929 2320 intra
945 2298 1135 2333 magnetem
1150 2293 1182 2324 &
1197 2288 1317 2322 ferrum
1331 2289 1500 2336 interjecta
1510 2317 1519 2331 ,
1539 2299 1671 2334 quaeque
1687 2299 1744 2320 ex-

352 2331 428 2377 pulsi
450 2336 530 2367 aeris
543 2334 651 2370 locum
671 2346 804 2378 tenent,
822 2337 994 2382 quominus
1007 2335 1171 2373 ferrumin
1183 2349 1369 2385 magnetem
1383 2348 1455 2372 ruat
1470 2365 1481 2380 ,
1501 2349 1593 2373 erunt
1608 2336 1744 2384 impedi-

325 2404 329 2413 ,
349 2391 481 2427 mento,
496 2384 661 2429 &ferrum
669 2387 779 2435 potius
793 2383 967 2434 repellent?

1856 430 1861 443 2

1857 483 1861 497 u

1856 510 1861 530 ¹,

1855 534 1859 547 ι

1842 550 1863 590 13«

1852 638 1863 1283 ἰ
