1878 2724
344 140 401 173 126
745 133 1012 172 PHYSICAE
1052 129 1376 172 GENERALxs

343 183 796 271 {ffipssgzugffssgffsffffiiffiij}
805 194 1010 281 sffss'ffeffiiff
1023 182 1111 220 suum
1125 196 1253 220 motum
1271 183 1365 220 alteri
1379 180 1548 232 impertiat
1566 193 1574 218 z
1596 180 1738 220 fed-'nul‘

862 330 893 366 C
918 331 947 368 A
976 332 1002 367 P
1028 331 1064 369 U
1089 332 1120 367 T
1159 331 1241 367 111:

727 426 889 476 Praecipnae
904 437 1046 462 motuum
1071 428 1155 478 leges
1168 427 1400 478 eaqvlicmmtr.>

351 521 432 608 C
442 521 510 557 Um
520 533 636 560 natura
647 522 701 560 fuo
713 524 837 574 semper
847 527 964 560 itinere
977 554 987 569 ‚
1005 536 1040 559 ac
1053 525 1150 559 certis
1164 523 1289 574 legibus
1311 523 1554 575 progrediatur,
1575 525 1656 562 nihil
1681 526 1743 562 ut}-

440 569 500 605 lius
517 573 564 607 est
579 574 620 608 ad
640 573 818 609 occultiora
834 574 920 609 illius
941 586 1057 609 arcana
1071 574 1333 623 pervestiganda,
1351 574 1452 623 quitm
1466 586 1519 609 eas
1535 585 1652 610 naturae
1665 603 1674 617 ,
1685 587 1744 611 aut

347 630 499 654 motuum
512 621 600 670 leges
613 622 735 658 habere
752 622 945 672 perspeffit&
969 623 1102 672 Duplici
1114 636 1212 672 porro
1233 626 1359 659 ratione
1376 621 1665 672 spe&aripoisunt‚›
1688 624 1744 660 vel

345 667 520 705 secundum
530 669 561 705 se
571 700 582 716 ‚
595 677 628 709 &
641 672 812 708 universnm
826 701 835 715 ,
844 685 944 720 atque
954 685 990 708 ut
1002 672 1178 720 loquuntur
1192 703 1202 717 ‚
1217 674 1250 708 in
1262 672 1423 708 abstracto
1433 703 1443 717 ,
1459 685 1532 708 cum
1543 672 1621 708 nihil
1633 684 1745 721 praetet

347 729 476 753 motum
488 748 498 763 ‚
513 725 547 756 ὃ(
563 732 713 756 naturam
735 721 916 770 spestamus
935 721 1011 765 3vel
1032 732 1068 756 ut
1089 723 1121 757 in
1133 733 1239 757 terum
1251 734 1366 758 natura
1389 734 1580 766 occurrunt,
1601 728 1634 759 &
1647 722 1745 758 rebus

348 768 394 800 ita
412 779 449 801 ut
460 766 530 804 sunt
544 771 736 806 constitutis,
748 773 799 806 Sic
817 770 978 806 Cartefius
992 801 1002 815 ‚
1023 770 1079 818 qui
1094 772 1214 818 primus
1228 771 1311 807 hanc
1332 771 1471 807 calcavit
1486 773 1572 807 viam
1583 801 1592 815 ‚
1607 783 1746 820 corpora

347 818 442 851 omni
455 829 494 852 ex
507 830 598 866 parte
616 820 693 855 dura
705 849 714 864 ,
735 832 872 868 quorum
881 831 988 869 partes
1007 819 1101 855 nullae
1112 818 1201 855 flecti
1212 819 1357 869 possunt,
1372 832 1428 856 aut
1441 823 1635 869 comprimi,
1657 825 1669 867 (
1691 833 1746 856 cu-

345 863 483 913 jusmodi
494 867 648 915 profesto
661 869 870 905 nulla-suntin
881 881 989 905 rerum
1004 881 1119 906 natura
1133 898 1143 913 ‚
1160 871 1172 912 )
1190 868 1378 906 considerat.
1398 869 1492 907 Nihil
1507 873 1596 905 enirn
1612 869 1698 905 aliud
1710 872 1745 905 in

347 926 484 963 corpore
499 915 554 951 nifi
568 917 782 954 dimensiones
795 918 916 966 spestat
931 935 940 963 3
959 931 1025 954 non
1038 917 1284 954 flexibilitatem
1305 922 1445 967 partium
1460 949 1470 963 ‚
1494 931 1559 967 qua
1571 920 1747 967 comprimi
1760 928 1763 930 ’

336 989 338 991 v
349 975 407 998 aut
419 962 535 999 refilire
551 964 679 1014 possunt
689 996 699 1011 ‚
709 981 777 1003 non
792 968 872 1003 alias
883 970 1024 1003 matetiae
1032 967 1257 1004 conditiones:
1269 970 1381 1005 imo&
1393 969 1536 1004 medium
1546 971 1580 1003 in
1593 981 1659 1016 quo
1670 982 1746 1004 mo-

349 1024 469 1048 ventur
478 1027 615 1063 corpora
628 1045 638 1060 ,
662 1016 749 1065 quasi
759 1019 853 1053 omni
862 1029 899 1052 ex
910 1028 1002 1065 parte
1014 1016 1147 1054 fluidum
1165 1016 1200 1052 sit
1214 1046 1224 1062 ,
1245 1029 1306 1052 nec
1322 1029 1450 1053 motum
1465 1027 1580 1067 augear
1592 1045 1603 1062 ‚
1618 1028 1674 1052 aut
1683 1019 1745 1054 mi-

349 1074 447 1106 nuat,
472 1067 609 1100 omnino
625 1066 880 1115 contemplatur.

384 1113 508 1160 Neque
521 1113 583 1148 alia
594 1118 721 1150 ratione
738 1119 848 1164 paucis
860 1115 986 1151 abhinc
994 1116 1088 1150 annis
1104 1118 1150 1150 vir
1163 1117 1327 1151 acerrimo·
1338 1116 1498 1163 ingenio,
1525 1115 1560 1151 Ρ,
1590 1113 1746 1159 Paralia,

349 1172 458 1197 motus
467 1161 616 1199 abstraffi
636 1163 678 1198 ab
694 1167 785 1199 omni
802 1166 946 1214 corporis
955 1164 1100 1212 pondere
1109 1194 1118 1209 ‚
1135 1176 1191 1200 aut
1204 1165 1302 1199 medii
1312 1162 1482 1199 resistentia
1494 1194 1502 1208 ‚
1519 1163 1607 1213 leges
1620 1163 1666 1198 est
1678 1176 1748 1212 pet-

333 1209 644 1248 -secutusfficenim
663 1214 703 1247 ad
719 1216 944 1262 cognitionem
955 1225 1061 1248 motus
1074 1243 1084 1257 ,
1102 1225 1138 1249 ut
1151 1216 1183 1249 in
1202 1213 1267 1262 ipsa
1284 1215 1572 1249 naturainvenitur
1586 1242 1596 1256 ,
1616 1212 1746 1249 facilius

350 1263 384 1295 δέ
402 1259 502 1295 tutius
519 1264 716 1308 pervenitur.
741 1264 825 1305 Qae
837 1262 897 1298 sint
922 1263 1020 1310 igitur
1041 1262 1087 1296 hae
1104 1263 1191 1310 leges
1209 1261 1329 1308 quibus
1342 1261 1548 1311 Philosophia
1562 1261 1749 1297 §artesiam

350 1320 470 1356 magna
488 1321 527 1342 ex
547 1321 638 1357 parte
663 1313 814 1345 innititur
829 1340 838 1354 ‚
860 1310 958 1359 paulo
970 1309 1157 1360 diligentius
1176 1312 1356 1346 videamus,
1376 1312 1465 1347 Nam
1488 1310 1508 1345 sl
1532 1313 1637 1346 minus
1660 1309 1747 1346 bene

349 1355 413 1391 srnt
424 1358 621 1402 constitutae,
642 1361 855 1395 metuendum
875 1360 921 1395 est
934 1370 975 1395 ne
989 1360 1040 1396 his
1057 1359 1276 1395 fundamentis
1295 1359 1541 1409 stlperstruc‘turn
1565 1358 1737 1397 aedificium

350 1416 510 1440 aut-nutet
526 1436 535 1450 ‚
552 1419 611 1442 aut
633 1421 773 1444 corruat.

385 1453 547 1499 Primum,
561 1456 641 1492 illud
656 1458 861 1493 fundamenti
876 1457 949 1494 loco
963 1471 1119 1508 tanquam
1138 1457 1343 1495 certissimum
1356 1460 1525 1508 praemittit
1537 1488 1547 1502 ‚
1569 1472 1636 1494 non
1648 1458 1746 1495 aliam

351 1502 413 1539 effe
429 1506 567 1553 primam
587 1518 621 1541 ut
631 1510 773 1542 materiae
792 1538 801 1551 ,
828 1506 867 1543 fic
880 1521 986 1544 motus
997 1508 1121 1544 causam
1132 1537 1140 1552 2
1163 1520 1280 1557 praeter
1294 1512 1404 1545 Deum
1417 1520 1465 1543 ter
1478 1509 1658 1544 maximum
1674 1525 1684 1551 ·‚
1699 1509 1748 1542 id-

350 1566 417 1600 que
427 1553 512 1589 ultro
525 1557 745 1593 concedimuc.
755 1557 855 1605 Qod
869 1557 1051 1594 vero-addit
1060 1563 1229 1602 certam&
1239 1560 1430 1602 materiae‚&
1440 1557 1551 1593 motus
1566 1557 1638 1600 ‚vel
1652 1559 1747 1605 quie-

354 1605 392 1637 tis
407 1606 626 1649 quantitatem
638 1604 676 1640 sic
694 1606 714 1641 ἐι
732 1610 806 1642 Deo
821 1618 963 1641 creatam
975 1605 1066 1643 fuisse
1079 1636 1089 1651 ‚
1106 1619 1141 1641 ut
1161 1607 1275 1641 eadem
1292 1606 1418 1656 semper
1437 1604 1620 1655 perseveret
1637 1620 1644 1642 :
1662 1607 1747 1642 adeo

352 1663 387 1686 ut
404 1664 465 1687 nec
477 1664 630 1702 augeatur
640 1684 649 1698 ‚
664 1657 917 1700 necminuatur3
935 1667 1035 1704 atque
1048 1667 1088 1691 ut
1097 1668 1169 1705 pars
1184 1655 1295 1704 aliqua
1305 1658 1444 1691 materiae
1459 1655 1561 1691 modo
1577 1660 1747 1705 majorem,

353 1699 454 1737 modo
468 1704 630 1738 minorem
643 1703 763 1739 habeat
775 1705 883 1740 motus
902 1708 1104 1753 portionem,
1116 1705 1254 1740 eandem
1275 1718 1382 1741 tamen
1400 1707 1434 1739 in
1447 1716 1516 1739 tota
1531 1707 1667 1740 materia
1678 1717 1749 1739 ma-

352 1762 429 1785 nere
444 1753 661 1797 quantitatem
675 1753 785 1787 motfis
797 1770 806 1795 3
818 1759 851 1789 &
861 1765 1023 1799 quantum
1034 1757 1089 1788 uni
1102 1756 1188 1800 parti
1202 1754 1347 1795 accedit,
1370 1764 1496 1787 tantum
1514 1754 1555 1787 de
1569 1752 1672 1787 altera
1687 1753 1747 1787 de-

353 1798 437 1832 trahi
455 1813 462 1834 :
481 1799 543 1833 hoc
554 1798 683 1834 fortasse
695 1812 805 1836 verum
823 1801 887 1843 est,
906 1800 958 1836 sed
979 1813 1090 1837 tamen
1106 1804 1222 1850 gratiS,
1242 1806 1276 1837 ὅ(
1294 1804 1373 1836 citra
1384 1800 1485 1836 ullam
1497 1803 1657 1837 rationem
1668 1801 1748 1837 asse-

353 1850 441 1882 titur.
458 1847 616 1896 Cumque
627 1861 733 1884 motus
746 1849 826 1885 nihil
844 1848 881 1884 fit
895 1849 982 1885 aliud
995 1851 1096 1899 quirin
1113 1850 1209 1885 status
1223 1878 1233 1894 ‚
1259 1850 1440 1886 autmodus
1451 1849 1629 1894 existendi,
1654 1849 1745 1898 isque

354 1895 539 1931 succeffivus
550 1926 559 1940 ‚
575 1901 775 1934 non·entitas
791 1899 936 1946 quaedam
953 1898 974 1935 {a
997 1901 1135 1935 materia
1149 1899 1298 1935 distincta
1310 1928 1319 1943 ‚
1337 1898 1418 1934 nihil
1438 1898 1548 1934 obstat
1568 1902 1746 1946 quominus

353 1948 484 1993 augeri,
502 1958 555 1981 aut
566 1949 669 1982 minui
683 1947 786 1997 poffit.
803 1949 904 1997 Qod
915 1951 1015 1984 eriam
1025 1960 1118 1999 putat
1129 1951 1247 1997 quietis
1257 1961 1378 1984 certam
1389 1947 1409 1984 ὲ
1420 1950 1494 1984 Deo
1504 1960 1649 1984 creatam
1666 1948 1745 1985 fuis.

314 2038 317 2041 Ι
354 1992 386 2028 se
410 1996 628 2042 quantitatem
654 2026 663 2040 ‚
695 2010 766 2045 quae
800 2000 914 2032 eadem
932 1998 1115 2046 perseveret
1138 2026 1148 2041 ,
1185 1998 1217 2032 id
1238 1997 1310 2035 sane
1326 1996 1420 2034 nullo
1439 1997 1541 2033 modo
1562 1998 1746 2034 conceden-

330 2043 433 2078 «dum
447 2043 640 2079 arbitramur
667 2060 675 2081 ε
699 2059 772 2082 cum
790 2048 881 2094 quies
904 2046 985 2083 nihil
1009 2046 1045 2082 fit
1062 2046 1118 2083 nifi
1141 2048 1251 2082 motus
1275 2048 1437 2096 privatio,
1461 2058 1497 2082 ut
1516 2050 1582 2095 jam
1604 2047 1747 2085 ostendi-v

355 2105 441 2128 mus,
462 2093 692 2140 Qamobrem
714 2096 804 2145 quod
825 2097 978 2146 principii
1003 2096 1077 2132 loco
1097 2096 1139 2132 ab
1159 2109 1201 2132 eo
1225 2096 1356 2133 sumitur
1373 2124 1383 2141 ‚
1410 2095 1599 2133 iai-dubium
1615 2098 1659 2132 est
1675 2108 1751 2133 ma-

355 2153 453 2178 xime.

387 2190 516 2227 Verum
531 2222 539 2235 ,
561 2195 670 2240 inquit
680 2223 691 2238 ,
712 2194 774 2229 hoc
789 2194 832 2229 ad
844 2193 1084 2243 perfectionem
1096 2198 1161 2232 Dei
1175 2199 1317 2244 pertinet
1326 2226 1336 2241 ‚
1346 2208 1414 2232 non
1425 2193 1524 2231 modo
1535 2192 1613 2229 utfit
1623 2199 1744 2232 immu-

357 2239 467 2276 tabilis
477 2271 486 2285 ‚
501 2241 552 2276 sed
567 2245 667 2278 etiam
680 2254 716 2278 ut
734 2244 852 2278 eodem
865 2256 998 2292 quoque
1013 2244 1251 2294 modosemper
1266 2257 1429 2295 operetur.
1443 2242 1545 2280 Unde
1562 2242 1685 2280 necesse
1699 2246 1744 2281 est

358 2301 392 2324 ut
404 2303 469 2326 non
484 2291 597 2326 eadem
612 2291 712 2328 solum
722 2296 870 2337 materia,
881 2292 934 2329 fed
953 2296 1050 2329 eriam
1061 2295 1175 2329 eadem
1190 2296 1296 2331 motfis
1309 2295 1468 2342 quantitas
1478 2321 1488 2337 ‚
1505 2305 1578 2340 quae
1597 2296 1628 2328 in
1642 2296 1747 2342 prima

358 2350 463 2374 terum
487 2341 678 2376 conditione
701 2342 784 2386 fuit,
813 2346 951 2379 omnino
968 2343 1183 2391 perseveret:
1210 2346 1279 2379 imo
1302 2343 1437 2379 eandem
1459 2353 1610 2378 motuum
1638 2345 1744 2378 varie-

359 2396 461 2424 tatem
473 2416 484 2433 ‚
517 2387 644 2427 easdem
664 2390 754 2441 leges
781 2404 913 2429 manete
923 2421 934 2438 ,
955 2405 1026 2443 quae
1050 2392 1180 2431 fuerunt
1208 2394 1384 2432 constitutae
1401 2420 1411 2437 ‚
1435 2403 1492 2440 pat
1520 2391 1563 2427 est
1590 2392 1720 2428 credere
1735 2409 1750 2437 ι,
