1878 2724
448 118 805 158 TRACTATUS
857 116 1184 155 SECUNDUS.
1439 125 1473 157 16

106 186 159 210 ma
170 173 214 209 sui
230 181 323 222 parte
341 169 378 205 sit
393 182 522 219 apertus
533 199 543 214 ‚
560 169 754 218 &ampullae
773 166 944 216 perforatae
955 196 964 210 ,
981 167 1035 202 ubi
1045 180 1115 215 pars
1135 179 1226 214 aquae
1242 167 1381 217 superior
1394 138 1498 219 dig-'cz

105 223 221 258 fortius
244 221 401 270 premitur
416 249 426 263 ‚
444 231 511 254 tum
532 231 617 267 aqua
627 231 695 265 quae
706 220 759 253 vix
774 219 948 265 comprimi
962 218 1080 265 potest,
1098 215 1181 251 subit
1195 219 1336 253 vitream
1349 218 1494 266 pilulam,

100 269 335 309 &conclusum
358 281 468 304 aerem
482 267 611 303 densat:
632 268 708 302 hinc
722 267 855 315 gravior
870 265 958 300 faeta
981 265 1155 301 descendit.
1182 266 1272 301 Idem
1291 270 1402 303 evenit
1420 282 1492 304 cum

103 332 187 367 aqua
202 318 280 355 tubo
296 318 443 353 conclusa
462 316 663 352 insuflatione
676 317 843 364 premitur,
860 326 917 349 aut
930 312 950 348 si
962 327 1018 362 per
1030 313 1177 349 tubulum
1195 327 1279 361 aqua
1289 315 1491 354 infundatur.

103 371 194 406 Nam
208 379 421 417 quaecumque
437 366 570 400 accedat
579 364 692 414 preffio
703 394 712 408 ‚
739 365 807 399 haec
823 375 879 411 per
894 374 999 399 totam
1024 375 1143 410 aquam
1159 363 1350 400 diffunditur
1368 394 1377 409 ,
1401 371 1436 403 δε
1457 370 1491 403 in

101 430 210 454 aerem
226 420 280 465 qui
297 416 394 451 facile
412 417 636 464 comprimitur
650 443 661 457 ‚
683 414 788 448 statim
799 423 968 461 permanat
998 426 1006 448 :
1034 411 1109 448 hinc
1128 412 1273 461 ampulla
1286 441 1297 456 ‚
1315 426 1368 449 aut
1388 414 1489 464 figura

101 470 207 504 vitrea
220 465 372 514 impletur
383 476 487 512 aqua,
505 470 538 500 ὅ(
556 463 692 499 fundum
712 464 806 509 perir.

135 531 160 562 3.
187 518 219 550 Si
238 513 380 563 ampulla
395 516 497 547 vitrea
519 512 667 547 foramen
699 510 820 545 habeat
837 511 1011 554 occlusum,
1024 511 1080 546 ubi
1098 522 1183 558 aqua
1198 522 1267 558 quae
1282 510 1364 546 tubo
1382 517 1487 549 coi-‚ti-

100 577 193 602 netur
204 576 288 612 ‚prae
304 563 425 611 frigore
437 561 494 597 fiet
506 558 647 603 densior,
667 570 736 594 tum
748 559 888 608 ampulla
905 572 1052 608 emerget
1076 577 1086 603 3
1105 571 1217 594 contra
1234 560 1449 607 deprimetur,
1465 563 1486 598 fi

99 613 214 649 caloris
227 614 259 646 vi
271 610 506 659 aliquantulum
516 608 668 644 rarescat:
681 610 811 658 gravior
825 609 914 644 enim
925 608 1066 657 ampulla
1085 608 1176 643 fafflt
1189 607 1231 642 est
1251 635 1262 651 ‚
1279 620 1378 655 quarn
1392 622 1428 647 ut
1453 614 1486 648 in

98 663 211 698 medio
227 662 348 695 rariore
367 670 479 694 natare
507 656 611 707 poffit.

131 713 194 746 His
209 711 380 745 innumera
393 707 468 742 addi
486 705 612 756 poffunt
624 736 633 750 ,
652 720 789 755 quotum
804 710 948 744 rationes
966 720 1034 743 non
1055 717 1148 742 erunt
1165 705 1321 750 obscum,
1338 706 1359 740 si
1382 707 1423 741 ad
1444 720 1483 743 ea

95 772 169 807 quae
183 757 254 794 sunt
263 756 421 806 explicata
434 786 445 800 ,
457 768 651 792 revocentur
662 760 831 806 principia.
857 759 920 793 Sed
930 758 974 792 de
991 757 1047 792 his·
1064 767 1189 791 tantum
1204 784 1214 798 ,
1235 768 1305 802 quae
1322 768 1342 789 0
1369 757 1483 793 timam

95 807 344 856 philosophandi
357 809 519 841 rationem
531 808 759 854 experimentis
772 806 941 842 subnixam
951 819 1018 842 non
1033 805 1242 842 mediocriter
1266 767 1480 841 confiprrnant:

94 869 182 894 nunc
197 856 238 892 ad
247 868 285 892 ea
295 867 365 904 quae
375 857 477 904 magis
487 854 558 891 sunt
566 853 770 891 controversa
782 884 792 898 ‚
803 857 980 892 redeamus,

609 922 641 957 C
664 923 693 957 Α
717 924 741 957 P
760 924 794 959 U
819 924 850 957 T
905 925 971 958 Vl.

569 985 622 1019 De
645 983 773 1021 libratis
797 983 988 1032 liquoribus.

93 1051 212 1134 DE
229 1052 390 1101 liquorum
410 1052 591 1101 aequilibrio
601 1052 716 1087 dicturi
728 1079 737 1091 ‚
752 1053 901 1100 quaedam
910 1064 949 1087 ex
963 1051 1002 1085 iis
1021 1061 1091 1099 qum
1110 1053 1177 1096 jam
1191 1047 1261 1083 sunt
1279 1048 1476 1084 demonstra-

190 1113 221 1136 ta
231 1131 241 1145 ‚
258 1104 291 1137 in
304 1104 494 1137 memoriam
509 1102 749 1150 redigemus.Ac
760 1103 898 1149 primum
912 1100 989 1135 illud
1003 1111 1116 1134 contra
1129 1108 1294 1144 receptam
1305 1097 1392 1144 vulgi
1405 1099 1476 1144 opi-

91 1151 230 1185 nionem
254 1150 457 1186 fundamenti
468 1151 541 1186 loco
554 1150 755 1185 statuendum
775 1150 817 1183 est
829 1178 839 1192 ,
857 1151 967 1199 gravia
980 1157 1117 1196 quaeque
1130 1157 1265 1192 corpora
1277 1147 1311 1180 in
1322 1145 1379 1179 suis
1394 1145 1472 1179 locis

92 1202 268 1247 gravitate.
292 1201 381 1236 Nam
395 1211 476 1246 aqua
491 1198 564 1234 vase
590 1197 734 1234 conclusa
750 1211 816 1233 non
843 1200 943 1246 magis
958 1197 1095 1232 fundum
1116 1192 1197 1230 vasis
1209 1195 1327 1242 premit
1339 1222 1348 1237 ‚
1371 1205 1471 1241 quam

92 1259 164 1294 quae
186 1259 287 1295 puteo
306 1249 510 1290 continetur,
522 1258 576 1282 aut
591 1249 790 1295 aquamaris
811 1244 984 1292 subjectam
999 1246 1119 1293 premit
1136 1254 1262 1276 tertam.
1288 1243 1380 1276 Hinc
1396 1254 1471 1288 quae

93 1295 240 1332 infimam
254 1295 323 1331 tubi
334 1308 408 1338 ‚aut
424 1296 502 1331 dolii
514 1297 613 1331 erecti
626 1306 753 1344 partem
766 1294 880 1342 implet
888 1307 970 1342 aqua
982 1323 990 1337 ‚
1002 1292 1043 1327 ab
1063 1304 1100 1326 ea
1120 1302 1216 1338 quam
1232 1289 1376 1332 sustinet,
1396 1302 1471 1337 pre..

91 1347 203 1388 mitur,
219 1351 253 1382 &
265 1345 343 1380 dato
359 1358 414 1393 per
424 1345 573 1380 foramen
594 1347 700 1388 exitu,
728 1344 791 1379 hoc
810 1343 937 1393 longius
955 1342 1049 1378 exilit
1067 1370 1077 1385 ,
1104 1351 1174 1388 quo
1195 1339 1292 1373 altior
1310 1338 1471 1374 incumbit

92 1405 184 1442 aqua.
205 1395 273 1441 Qii
283 1406 391 1429 autem
405 1394 554 1430 foramen
565 1393 617 1429 vel
629 1394 732 1442 digito
744 1421 754 1436 ,
767 1392 820 1427 vel
832 1391 1023 1428 obturaculo
1037 1387 1179 1425 tentabit
1196 1387 1366 1422 occludere
1381 1415 1391 1430 ‚
1404 1387 1468 1423 hoc

91 1447 228 1490 majores
241 1441 414 1477 adhibebit
428 1445 514 1479 vires
525 1472 534 1486 ‚
557 1454 622 1491 quo
641 1442 789 1477 foramen
815 1446 915 1489 majus
928 1443 990 1476 erit
1005 1468 1014 1482 ‚
1045 1444 1078 1476 δε
1098 1441 1200 1483 major
1214 1448 1302 1484 aquae
1318 1435 1467 1472 altitudo,

90 1491 345 1539 Qamcumque
367 1503 420 1526 vas
438 1490 572 1540 figuram
592 1493 721 1527 nactum
740 1489 774 1525 sit
788 1519 798 1533 ,
819 1491 953 1539 perinde
965 1490 1018 1525 ,est
1039 1502 1046 1524 :
1065 1486 1114 1522 seu
1130 1485 1227 1520 instar
1245 1484 1400 1519 columnae
1429 1484 1466 1520 fit

91 1538 296 1589 aequabiliter
312 1540 430 1583 latum,
442 1552 478 1575 ut
496 1540 617 1575 dolium
627 1551 683 1575 aut
697 1537 811 1582 tubus;
828 1538 881 1574 seu
901 1551 939 1574 ex
958 1550 1020 1573 una
1037 1547 1128 1585 parte
1146 1532 1181 1569 lit
1194 1533 1285 1568 latius
1300 1533 1398 1567 instar
1415 1536 1465 1569 in⁴

90 1587 265 1623 fundibuli.
284 1591 362 1624 Vim
376 1591 463 1623 enirn
477 1594 510 1625 &
525 1589 649 1637 pondus
663 1601 750 1636 aquae
762 1599 800 1621 ex
818 1587 900 1622 illius
911 1586 1085 1621 altitudine
1098 1613 1108 1627 ,
1132 1589 1165 1619 δέ
1175 1584 1279 1629 aptati
1293 1583 1462 1616 foraminis

90 1635 311 1684 amplitudine·
320 1636 396 1671 licet
413 1637 582 1674 estimare.
605 1637 706 1685 Qod
722 1647 756 1671 ut
774 1634 895 1684 planius
909 1633 983 1679 fiat,
1006 1632 1140 1683 figuram
1151 1636 1216 1679 jam
1233 1628 1275 1663 ab
1289 1629 1360 1664 aliis
1375 1628 1462 1664 usur-

90 1695 202 1733 patam
223 1684 443 1723 adhibeamus.

132 1734 181 1768 Sit
197 1732 291 1768 tubus
305 1732 440 1769 inflexus
461 1735 489 1769 A
505 1736 528 1768 Β
541 1737 572 1770 D
585 1734 616 1769 C
632 1762 641 1776 ‚
662 1737 746 1780 cujus
758 1732 921 1768 orificium
937 1735 965 1769 A
984 1735 1008 1768 B
1022 1744 1127 1781 pona-

97 1793 148 1816 tur
161 1784 283 1817 centies
294 1787 396 1830 maJus
410 1782 477 1832 ipso
489 1782 557 1817 tubi
572 1784 602 1817 C
618 1785 649 1817 D
665 1781 791 1816 orificio
808 1799 816 1824 ;
837 1782 943 1830 palam
959 1782 1027 1816 esti
1052 1781 1126 1816 fore
1141 1782 1162 1807 C

90 1842 128 1865 ut
143 1842 226 1878 aqua
239 1833 269 1866 in
292 1843 430 1879 utroque
451 1831 532 1867 tubo
555 1833 595 1866 ad
612 1832 746 1866 eandem
764 1830 972 1867 altitudinem
983 1828 1125 1878 suspensa

90 1890 228 1915 maneat.
249 1893 276 1915 2.
286 1879 360 1915 curn
374 1883 491 1916 minori
503 1880 583 1915 tubo
605 1881 634 1915 C
651 1883 683 1916 D
696 1892 813 1927 aquam
832 1879 981 1915 affuderis
995 1908 1004 1922 ,
1018 1878 1074 1914 ubi
1087 1890 1125 1913 ea

90 1928 286 1976 deprimetur
295 1931 387 1964 unius
405 1930 496 1978 digiti
509 1929 682 1964 altitudine
695 1957 704 1972 ,
725 1928 812 1963 simul
823 1941 895 1976 quae
912 1930 998 1963 estin
1010 1940 1122 1976 paten-

92 1976 119 2008 ti
146 1981 179 2011 &
198 1975 275 2010 vlato
286 1976 366 2012 tubo
382 1979 410 2011 A
428 1981 464 2022 B,
488 1978 528 2012 ad
542 1978 748 2013 centesimam
765 1980 855 2012 unius
867 1978 961 2025 digiti
976 1976 1123 2012 altitudi-

92 2035 167 2058 nem
184 2023 341 2061 ascendet.
359 2029 445 2061 Nam
453 2032 546 2074 juxta
559 2029 749 2075 praecipuam
765 2028 903 2061 Statices
915 2055 924 2069 ‚
936 2032 968 2062 ὅ(
981 2025 1121 2061 Mecha-
1133 2053 1159 2078 D
1189 2067 1195 2072 .

91 2073 179 2106 nices
200 2070 307 2120 legem
326 2073 363 2108 fit
376 2075 466 2122 ipfius
479 2087 582 2121 aqua:
594 2074 866 2122 inuti-aquatum
886 2085 976 2123 parte
993 2075 1116 2122 aequili-
1189 2075 1193 2078 ’
1211 2077 1219 2083 “

91 2118 207 2155 brium:
220 2122 305 2167 quod
322 2123 404 2156 inter
421 2123 578 2157 ascensum
595 2129 626 2159 ἃ
638 2123 818 2159 descensum
830 2136 919 2171 aquae
935 2126 966 2158 in
978 2135 1117 2171 utroque

92 2168 172 2203 tubo
184 2167 218 2203 fit
234 2171 347 2205 eadem
362 2200 370 2214 ,
395 2183 450 2205 aut
473 2173 578 2219 potius
591 2174 757 2220 reciproca
775 2175 963 2221 proportio,
980 2185 1060 2219 -quae
1077 2173 1118 2207 est

90 2219 176 2252 inter
186 2218 347 2266 utriusque
365 2219 435 2255 tubi
446 2232 639 2268 aperturam:
653 2222 735 2256 adeo
746 2235 781 2257 ut
791 2233 915 2269 quanto
928 2221 1032 2270 plures
1047 2221 1116 2256 sunt

90 2277 182 2312 aquae
197 2279 309 2314 ⁶partes
323 2270 355 2303 in
371 2270 395 2303 Α
410 2271 432 2302 Β
447 2298 457 2312 ,
473 2269 572 2316 quam
583 2271 614 2303 in
626 2273 658 2304 D
669 2298 678 2312 ‚
695 2281 786 2305 tanto
797 2273 903 2305 minus
915 2270 1066 2305 ascendat
1079 2271 1110 2304 in

89 2316 204 2361 majori
216 2315 297 2351 tubo
311 2317 495 2364 A-B,quam
511 2317 682 2352 descendat
701 2320 732 2352 in
745 2321 860 2353 minori
875 2320 904 2353 C
920 2322 963 2354 D.

121 2366 164 2399 Ex
174 2363 292 2411 quibus
304 2365 380 2402 illud
397 2366 535 2416 sequitur
550 2368 719 2405 ratione&
733 2369 929 2415 experientia
943 2366 1114 2403 confirma-
