1878 2724
453 150 525 184 444
754 133 1007 170 PHYSICAE
1042 133 1187 172 PARS
1225 131 1530 172 SECUNDA.

451 184 575 234 patent.
589 184 636 219 Hi
646 182 777 230 quidem
787 194 909 217 meatus
919 184 952 217 in
969 181 1075 218 mensa
1093 211 1104 227 ,
1134 194 1188 221 aut
1202 183 1236 217 in
1258 182 1354 218 assere
1372 183 1519 232 laevigato
1535 182 1605 219 satis
1622 183 1692 220 sunt
1708 184 1835 235 conspi,

452 235 519 276 cui,
535 239 567 269 &
583 243 737 279 tanquam
749 230 822 265 vasa
833 232 971 267 totidem
988 243 1144 281 apparent
1167 234 1200 267 in
1219 231 1354 281 longum
1370 233 1517 275 diducta,
1535 235 1630 268 variis
1645 244 1753 270 tamen
1772 237 1837 272 dis.

452 284 554 317 tincta
564 283 662 328 poris,
673 282 753 314 Sunt
763 280 868 315 adhuc
879 282 1021 316 minores
1030 283 1101 329 pori
1116 282 1172 329 qui
1182 281 1392 330 microscopio
1409 281 1699 331 deteguntur:adeo
1712 294 1747 320 ut
1756 297 1835 321 una-

451 341 585 377 quaeque
598 327 717 363 fibrilla
729 342 780 375 40
795 340 851 364 aut
863 345 899 377 50
916 331 1004 378 poris
1020 332 1132 378 pervia
1150 330 1372 378 conspiciatur.

492 380 578 414 Cum
589 377 656 412 haec
668 380 754 426 typis
766 380 1010 423 mandarentur,
1024 382 1074 414 vir
1085 378 1194 415 clariss.
1206 383 1248 417 D.
1263 380 1301 415 de
1314 381 1347 414 la
1364 380 1450 415 Hire
1473 378 1556 415 misit
1569 378 1610 413 ad
1631 393 1688 415 nos
1706 384 1832 418 corticis

450 427 572 463 suberis
586 455 595 470 ‚
605 440 639 462 v.
651 428 694 461 du
709 429 791 476 liege
804 454 812 467 ‚
826 427 961 477 figuram
976 431 1008 464 D
1026 456 1036 471 ,
1048 433 1081 465 &
1091 427 1239 465 medullae
1249 428 1324 465 ficus
1334 431 1358 463 B
1369 457 1378 472 ‚
1389 441 1464 464 cum
1476 427 1535 463 suis
1547 427 1670 464 cellulis
1680 435 1712 467 &
1721 430 1835 475 alveo-

450 476 507 520 lis,
528 487 560 511 ut
577 474 787 523 microscopio
804 476 957 525 exquisito
974 489 1168 512 cernuntur:
1183 490 1251 525 quae
1270 478 1456 517 strueturam
1470 477 1489 513 ὲ
1508 480 1552 513 D.
1573 478 1687 514 Grevv
1707 483 1834 516 corticis

449 529 484 561 δε
499 524 647 560 medullae
661 525 856 561 confirmare
874 527 957 562 mihi
972 527 1132 562 videntur.
1161 528 1246 562 Vide
1263 529 1399 575 primam
1412 525 1579 563 tabellam.
1814 533 1820 538 ’

483 575 520 609 ln
533 573 669 608 frustulo
678 574 984 622 &quercuexsiccata
995 574 1118 611 resec‘to
1129 577 1321 611 vireximius
1337 579 1380 613 D.
1400 574 1548 621 Estienm
1561 576 1743 612 Canonicus
1754 578 1834 613 Car.

446 622 582 659 nutensis
592 651 601 666 ‚
613 624 781 671 particulas
792 635 862 659 tum
877 624 1014 660 ramosas
1026 653 1036 668 ‚
1053 636 1118 660 turn
1132 625 1300 668 rotundas,
1322 630 1356 662 &
1369 624 1517 660 candidas
1533 628 1625 659 variae
1645 625 1753 675 figurae
1773 626 1835 662 ob-

446 672 585 708 servavit
602 689 610 715 ;
626 671 679 706 [ed
692 676 725 709 in
736 685 858 721 quercu
873 674 1010 710 fulmine
1018 675 1082 709 ieta
1092 701 1104 716 ‚
1115 676 1244 710 &intra
1254 686 1317 709 tres
1327 672 1548 709 hebdomadas
1561 673 1712 710 exsiccata
1722 705 1732 720 ,
1744 689 1846 717 mea--

447 733 497 757 tus
524 721 571 756 illi
585 723 660 757 ante
671 723 798 757 candidi
810 728 843 759 ὅ(
854 723 945 758 succo
962 722 1140 772 vegetabili
1158 722 1257 771 pleni,
1272 724 1407 761 omnino
1417 721 1540 762 fiderati
1554 728 1589 760 &
1606 726 1639 758 in
1656 725 1831 766 carbonem
1871 745 1874 750 -

445 769 588 805 conversi
605 783 840 818 apparuerunt:
863 784 925 821 ego
947 772 1043 809 facile
1061 771 1253 808 crediderim
1270 771 1439 822 particulas
1454 771 1522 807 illas
1543 771 1752 815 subrotundas
1771 773 1848 815 esse⁴

446 819 601 854 utriculos
616 820 801 869 Malpighii.

482 871 520 903 1n
531 869 639 903 radice
649 874 805 905 &trunco
820 870 931 906 duetus
943 870 1074 918 quidam
1086 871 1105 907 ὰ
1116 873 1236 905 cortice
1247 881 1303 918 per
1313 868 1471 919 lignosum
1483 882 1595 920 corpus
1614 874 1645 908 in
1657 872 1831 910 medullam

444 917 544 964 ipsam
556 916 701 953 desinunt
710 946 718 961 ‚
733 929 814 965 quos
824 920 987 965 praedictus
1000 919 1323 955 Authorinsertiones
1333 932 1446 956 vocar:
1465 931 1573 967 eaeque
1587 923 1621 956 in
1640 922 1726 958 serito
1740 923 1831 972 ligno

444 966 516 1001 (atis
529 965 599 1001 sum
612 966 796 1015 conspicuae.
807 969 897 1003 Nam
909 968 1152 1005 suntmolliores
1166 973 1221 1011 ‚&
1235 967 1414 1004 transversat
1427 998 1437 1011 ,
1458 968 1520 1003 hoc
1533 968 1577 1002 est
1589 997 1600 1014 ‚
1620 970 1639 1005 a
1656 973 1829 1008 circumfe-

442 1017 548 1050 rentia
557 1015 596 1049 ad
608 1027 754 1051 centrum
768 1017 870 1052 duetae
881 1046 891 1061 ‚
913 1029 1069 1066 tanquam
1079 1018 1159 1052 radii
1173 1015 1302 1060 circuli,
1315 1021 1349 1054 ὅ(
1362 1016 1503 1064 ejusdem
1515 1019 1637 1065 prorsus
1656 1020 1726 1059 sunt
1737 1033 1829 1057 natu-

441 1075 484 1098 rae
493 1077 566 1098 cnm
581 1065 855 1113 parenchymate:
876 1065 956 1114 saepe
965 1079 1041 1101 cum
1051 1064 1176 1116 lignofis
1190 1065 1278 1101 fibris
1287 1074 1371 1113 quas
1386 1077 1592 1114 perrumpere
1604 1080 1671 1103 non
1683 1068 1808 1117 poffunt
1818 1100 1829 1115 ‚

442 1116 530 1147 varie
545 1112 825 1161 fiintimplexae.1n
836 1127 934 1164 napo,
949 1115 1173 1150 ubicorticem
1185 1115 1355 1150 detraxeris
1366 1143 1376 1158 ‚
1399 1125 1467 1150 tum
1480 1114 1528 1149 illi
1545 1113 1697 1153 fibrarum
1716 1118 1826 1166 plexus

441 1160 526 1209 quasi
539 1161 723 1197 retiformes
734 1161 794 1198 sese
805 1166 837 1198 in
847 1162 1051 1212 conspefflim
1066 1163 1201 1200 dabunt.
1219 1162 1368 1199 Medulla
1391 1162 1532 1211 ejusdem
1552 1165 1595 1200 est
1618 1166 1734 1205 coloris
1753 1181 1827 1205 cum

440 1214 560 1245 cortice
572 1224 579 1245 :
592 1211 675 1245 adeo
687 1222 723 1245 ut
733 1211 924 1260 plerumque
932 1213 973 1247 ab
986 1225 1025 1248 eo
1033 1213 1109 1249 duci
1123 1213 1270 1248 videatur
1291 1218 1324 1249 &
1338 1210 1406 1259 quo
1430 1212 1534 1260 plures
1545 1212 1614 1249 sunt
1624 1215 1825 1262 insertiones,

440 1259 503 1294 hoc
518 1259 658 1294 medulla
671 1265 772 1308 major
782 1261 848 1296 est:
867 1261 1005 1309 ejusdem
1017 1261 1140 1309 prorsus
1150 1273 1271 1297 naturae
1281 1261 1409 1296 videtur
1424 1259 1484 1296 esse
1509 1274 1581 1297 cum
1594 1265 1827 1312 parenchyma-

435 1319 471 1342 *te
483 1337 492 1351 ,
501 1321 574 1343 cum
591 1321 658 1356 quo
672 1320 729 1357 per
739 1311 922 1359 interjeChis
938 1310 1129 1346 insertiones
1141 1311 1368 1346 communicat.
1383 1311 1461 1345 Haec
1476 1309 1640 1360 spongiosa
1653 1314 1708 1356 est,
1723 1325 1761 1350 ex
1775 1317 1826 1350 in-

438 1359 577 1391 numeris
593 1356 682 1395 velut
699 1356 791 1393 bullis
803 1359 976 1407 composita
990 1377 999 1403 3
1011 1359 1111 1407 ampli
1132 1359 1204 1394 sunt
1215 1358 1298 1393 illius
1312 1360 1402 1406 pori,
1415 1360 1470 1405 qui
1484 1372 1540 1407 per
1557 1361 1748 1397 minusculos
1765 1364 1824 1398 ad-

438 1405 500 1440 huc
514 1418 609 1454 poros
627 1405 840 1455 microscopio
856 1407 994 1443 visibiles
1014 1410 1101 1443 inter
1119 1407 1149 1442 se
1171 1409 1420 1444 communicant.
1437 1408 1584 1444 Medulla
1603 1412 1634 1444 in
1655 1410 1823 1449 arboribus

438 1457 563 1502 parcior
578 1455 621 1489 est
638 1483 648 1497 ,
669 1455 767 1502 quani
783 1459 815 1491 in
841 1456 1001 1505 plerisque
1016 1457 1158 1505 plantis:
1179 1459 1223 1491 ita
1247 1467 1283 1492 ut
1303 1457 1517 1503 quarumdam
1531 1458 1687 1503 radicum,
1703 1472 1739 1495 ur
1763 1473 1823 1496 na-

435 1505 471 1551 pi
496 1509 652 1552 majorem
682 1516 808 1552 partem
834 1503 956 1541 efficiat
971 1535 980 1551 ‚
1007 1518 1107 1554 quam
1123 1517 1236 1541 tamen
1256 1505 1415 1541 interdurn
1440 1505 1567 1554 lignosae
1599 1506 1688 1543 fibrae
1707 1508 1824 1558 perva‘.

437 1553 528 1589 dunn

473 1605 585 1648 Qiare
599 1612 634 1637 ut
650 1601 803 1638 summam
829 1604 985 1642 faciamus
1008 1616 1117 1640 eorum
1137 1616 1208 1652 quae
1229 1604 1366 1640 diximus
1381 1633 1389 1646 ‚
1418 1603 1567 1652 pellicula
1595 1618 1663 1653 quae
1682 1607 1701 1644 ὲ
1729 1608 1824 1647 semi-

437 1663 478 1685 ne
502 1650 570 1699 ipso
584 1679 593 1693 ,
621 1664 686 1687 non
703 1651 744 1686 ab
759 1664 832 1688 aere
849 1653 1079 1700 proficiscitur,
1096 1654 1333 1702 parenehyma,
1361 1653 1469 1702 lignofi
1485 1658 1627 1702 corporis
1653 1655 1742 1692 fibrae
1751 1671 1824 1693 cor-

438 1701 534 1733 ticem
564 1699 716 1735 efficiunt.
746 1700 918 1750 Lignosum
941 1703 1055 1737 itidem
1075 1715 1187 1751 corpus
1212 1703 1292 1738 nihil
1318 1703 1363 1737 est
1385 1714 1495 1750 praeter
1512 1702 1634 1739 seminis
1652 1705 1741 1753 ipsius
1770 1720 1821 1742 ra-

437 1748 522 1783 dices
556 1748 722 1783 seminales
745 1763 817 1797 quae
845 1763 901 1799 per
922 1750 1051 1787 seminis
1072 1763 1184 1799 corpus
1211 1751 1350 1800 dispersae
1379 1764 1414 1787 ut
1437 1763 1556 1787 caeterae
1581 1765 1688 1801 partes
1715 1757 1820 1791 incre-

436 1809 584 1832 mentum
606 1797 752 1834 sumunt:
770 1796 825 1834 seu
848 1802 880 1834 in
906 1798 1000 1835 fibras
1018 1799 1189 1835 manifeste
1208 1801 1239 1834 id
1263 1800 1399 1835 divisum
1428 1813 1600 1847 appareat,
1637 1802 1689 1837 seu
1716 1806 1747 1839 in
1771 1805 1821 1840 so-

435 1845 534 1880 lidum
549 1859 661 1894 corpus
683 1850 931 1895 compingatur,
958 1860 994 1884 ut
1022 1851 1056 1882 in
1071 1847 1241 1883 arboribus
1264 1850 1389 1884 accidit.
1423 1849 1613 1884 Insertiones
1630 1852 1770 1898 denique
1785 1859 1820 1890 δε

434 1894 572 1927 medulla
597 1907 636 1928 ex
658 1894 726 1941 ipso
747 1897 905 1942 prodeunt
932 1896 1194 1945 parenchymate.
1223 1897 1394 1945 Lignosum
1424 1900 1523 1932 etiam
1556 1910 1668 1947 corpus
1704 1904 1737 1935 in
1764 1914 1818 1936 ar..

434 1941 567 1976 boribus
584 1944 678 1976 variis
698 1943 822 1977 circulis
841 1956 998 1992 augetur,
1017 1945 1123 1978 donec
1136 1945 1176 1978 ad
1201 1944 1258 1979 suae
1276 1947 1463 1980 accrerionis
1474 1949 1598 1994 apicem
1614 1948 1645 1982 id
1660 1960 1819 1996 pervene-

434 1992 493 2026 rit:
512 2002 580 2024 tum
595 1993 680 2026 enim
702 2004 814 2039 corpus
838 1991 994 2041 lignosum
1011 1996 1044 2028 in
1055 1993 1271 2041 parenchyma
1281 1997 1383 2029 varias
1397 1993 1491 2029 fibras
1505 1997 1734 2033 emittir.Hinc
1745 2011 1818 2034 cor,

434 2039 626 2087 tex-semper
638 2039 778 2083 virescit,
791 2045 823 2077 ὅ(
841 2041 974 2077 humore
993 2043 1104 2089 aliquo
1120 2053 1188 2076 tum
1211 2044 1339 2088 madet,
1358 2042 1432 2079 curn
1447 2043 1586 2079 medulla
1600 2050 1669 2093 jam
1687 2046 1817 2083 exsucca

433 2089 476 2122 est
490 2118 499 2131 ,
522 2093 555 2125 &
572 2090 716 2125 candida.

468 2138 550 2172 Illud
565 2139 662 2172 etiam
675 2137 777 2185 liquet
787 2151 824 2173 ex
836 2139 957 2187 duplici
974 2138 1146 2175 substantia
1165 2152 1308 2176 truncum
1338 2141 1471 2178 conflari
1486 2173 1494 2187 ‚
1513 2155 1551 2177 ex
1577 2143 1664 2178 fibris
1689 2144 1750 2180 illis
1777 2145 1816 2180 li-

430 2186 554 2236 ἒτζηοὶῖς,
569 2186 835 2226 &insertionibus
859 2203 866 2224 :
894 2188 979 2224 fibrae
992 2189 1116 2236 lignosae
1134 2188 1305 2225 suntinstar
1323 2193 1491 2238 tegminiS,
1519 2192 1704 2227 insertiones
1724 2195 1815 2230 instar

431 2236 707 2284 subtegminis,ac
724 2235 785 2271 sese
797 2249 911 2272 mutuo
924 2239 1112 2273 intersecant
1132 2256 1140 2281 3
1170 2238 1237 2273 fere
1259 2250 1294 2274 ut
1320 2241 1354 2273 in
1376 2253 1491 2288 mappa
1506 2242 1619 2276 mundi
1640 2242 1814 2290 longitudi-

431 2298 507 2320 num
532 2290 565 2321 &
586 2284 793 2320 latitudinum
807 2287 928 2322 circuli.
943 2289 1018 2334 Jam
1032 2287 1282 2322 innumerabiles
1304 2300 1388 2335 pene
1401 2289 1474 2323 sunt
1498 2302 1620 2324 meatus
1639 2293 1669 2326 in
1686 2290 1810 2340 lignoso

431 2346 566 2381 corpore
579 2362 588 2375 ,
606 2336 663 2380 qui
678 2337 760 2369 inter
771 2333 799 2369 se
817 2339 1056 2371 communicant
1071 2365 1080 2378 ,
1091 2342 1125 2373 &
1140 2336 1564 2385 microscopiodeteguntur.
1580 2340 1678 2374 Unde
1696 2346 1730 2376 &
1744 2352 1813 2374 car-

430 2381 552 2417 bonem
568 2382 964 2432 hydrargyrus-penetrat:
981 2386 1114 2426 ,adeout
1133 2397 1237 2425 totum
1246 2398 1361 2434 corpus
1377 2386 1535 2435 lignosum
1555 2388 1635 2425 nihil
1644 2388 1729 2424 aliud
1742 2388 1812 2424 fere
