1878 2724
376 142 432 186 536
882 132 909 168 P
927 132 963 168 H
982 131 1014 167 Y
1031 131 1052 166 S
1070 132 1086 165 1
1112 131 1144 166 C
1165 132 1205 166 ΑΞ

377 197 515 233 cumque
526 196 596 233 pars
615 193 652 217 ea
668 193 736 229 quae
756 191 875 216 terram
896 182 1001 228 tangit
1017 207 1027 223 ,
1041 180 1179 229 deprimi
1195 189 1356 227 nequeat,
1369 190 1463 216 motu
1479 178 1603 219 reflexo
1619 184 1774 227 centnm&

369 236 538 269 oravitatis
550 243 646 267 antea
657 229 834 278 depressum
848 228 967 264 sursum
985 231 1118 278 erigitur
1132 241 1208 263 cum
1223 240 1299 263 arcu
1318 230 1458 277 integro.

368 266 391 285 ὃ
403 282 547 331 Qando
556 280 721 328 surgimus,
733 277 895 314 licetfiant
906 277 1023 313 breves
1036 277 1127 314 saltus
1138 307 1147 321 ,
1159 279 1182 312 ii
1197 278 1321 326 percipi
1335 288 1502 325 nequeunt
1519 290 1528 314 τ
1543 278 1630 314 unde
1649 290 1686 315 ut
1709 279 1772 323 sal-5

370 344 419 367 tus
430 340 585 378 appareat
596 357 605 372 ,
617 326 738 363 necesse
752 328 796 362 est
808 339 844 363 ut
857 340 975 376 magna
987 325 1023 361 sit
1037 327 1243 363 articulorum
1259 326 1409 362 dilatatio
1420 356 1430 371 ,
1454 332 1487 364 δ(
1497 327 1648 363 celeriter
1667 328 1762 377 perfi·

369 382 470 414 ciatur
483 406 492 422 ,
505 390 542 413 ut
552 379 620 413 virn
629 375 834 425 percuffionis
846 388 1005 411 exerceat.
1020 379 1056 411 ln
1073 376 1207 411 homine
1225 387 1287 411 tres
1309 375 1400 411 velut
1420 388 1509 411 arcus
1521 376 1744 413 distenduntur
1754 407 1778 423 „

369 441 438 464 non
456 439 520 475 prae
539 428 681 462 materiae
698 425 816 460 duritie
835 454 846 470 ,
865 427 898 460 in
916 427 1014 473 virgis
1052 423 1220 473 chalybeis
1241 453 1252 468 ,
1276 424 1330 459 sed
1357 427 1390 460 vi
1415 424 1628 460 musculorum
1654 437 1766 462 exten-

371 477 533 511 dentium.
568 477 659 510 Hinc
675 474 838 523 triplicato
865 473 967 523 spatio
993 472 1089 509 altius
1100 473 1280 522 impellitur
1289 485 1436 508 centrum
1447 476 1627 522 gravitatis;
1643 479 1677 512 ὅ(
1693 487 1767 524 gra-

373 526 430 560 dus
445 524 630 560 velocitatis
645 535 717 559 toto
728 535 878 571 tempore
888 535 956 571 quo
973 523 1175 572 explicantur
1185 521 1324 565 articuli,
1336 527 1495 571 majorem
1508 520 1654 558 efficiunt
1666 526 1776 573 impe·⁴

374 586 453 609 tum.
474 573 607 609 Alterna
623 584 755 621 quoque
768 571 927 619 dispositio
940 574 1035 607 trium
1047 570 1254 606 articulorum
1265 575 1360 619 juvat
1369 572 1408 605 ad
1419 574 1652 608 extinctionem
1663 575 1768 622 impe-

375 623 429 658 tfis
440 626 472 657 in
485 621 632 657 descensu
650 636 657 657 :
672 634 746 656 cum
757 623 845 656 enim
866 620 975 656 senfim
987 620 1125 664 cedant,
1140 622 1301 668 impeturn
1322 619 1408 654 casus
1429 621 1587 668 paulatim
1604 621 1780 671 frangunr‚z

374 673 461 717 Quae
480 670 626 720 longiora
635 669 758 706 habent
769 682 855 705 crura
866 698 876 713 ,
886 674 1023 716 majores
1036 668 1127 704 saltus
1145 669 1289 705 efficiunt
1298 668 1467 704 utlocustae
1478 676 1511 708 δε
1525 670 1658 719 pulices:
1670 682 1706 706 ut
1714 682 1779 707 ve-

376 723 442 757 eres
455 720 616 768 longiores
632 732 669 754 ac
679 723 815 767 majores
826 718 958 754 circulos
971 717 1166 762 describunt,

410 769 525 805 Cursus
535 781 666 816 quoque
676 767 788 802 saltum
807 779 983 816 promovet
997 782 1005 804 :
1021 779 1125 802 novus
1147 768 1233 802 enim
1252 768 1391 815 impetus
1403 780 1442 803 ex
1455 767 1532 805 saltu
1544 772 1611 818 jam
1627 779 1781 817 concep--

376 830 446 854 tum
464 831 503 853 ex
521 817 609 853 cursu
622 830 687 852 non
699 819 856 864 extinguit
868 846 876 860 ,
891 814 943 851 sed
958 821 1022 865 ejus
1037 816 1267 852 tantummodo
1285 818 1502 852 directionem
1525 829 1654 852 mutat.v
1668 816 1771 854 Unde'

375 869 459 903 inter
472 867 663 901 currendum
671 864 800 901 facilius
815 878 872 913 per
889 865 960 900 loca
978 864 1111 899 acclivia
1134 863 1394 909 conscendimus,
1414 866 1502 913 quod
1520 869 1608 914 prior
1627 868 1770 914 impetus

376 915 571 964 perseveret,
588 916 717 962 Corpus
734 914 853 962 duplici
863 916 985 961 impetu
1002 913 1058 949 sub
1075 912 1175 949 finem
1193 911 1287 947 saltus
1299 914 1479 961 impellitur
1490 942 1501 957 ,
1518 915 1707 963 projeffitio
1720 917 1771 951 ni-

377 966 497 1000 mirum
515 963 536 999 Ξι
551 963 696 1000 musculis
716 961 882 1010 impresso,
901 968 934 999 &
945 961 1099 1009 acquisito
1117 964 1150 997 in
1167 959 1325 997 descensu.
1338 964 1425 998 Hinc
1438 963 1520 997 adeo
1533 962 1650 999 fortius
1666 962 1770 1000 solum

378 1013 469 1048 ferit.
480 1015 534 1049 Ne
545 1012 794 1048 autemlaedatur
806 1040 816 1054 ‚
833 1011 945 1046 habitu
959 1016 992 1048 &
1003 1011 1200 1059 experienti&
1213 1008 1313 1044 sunius
1328 1012 1435 1046 edoffi
1451 1040 1460 1054 ,
1479 1024 1637 1058 quatenus
1653 1014 1770 1048 articu-

379 1062 428 1097 los
439 1062 560 1110 pedum
571 1061 745 1096 extendere
756 1071 906 1108 oporteat
917 1089 926 1103 ,
938 1072 973 1095 ut
986 1061 1135 1094 extremis
1148 1060 1258 1105 digitis
1275 1069 1392 1094 terram
1404 1062 1575 1108 attingant.
1586 1063 1676 1097 Nam
1686 1060 1771 1096 mol-

381 1110 425 1154 li,
456 1109 544 1145 flexu
556 1108 765 1144 articulorum
785 1110 854 1145 vim
879 1107 1274 1157 percuffioni5,paulatiin
1292 1109 1438 1144 cedendo
1452 1109 1677 1158 infringimus,
1699 1121 1770 1145 tum

381 1161 486 1206 capite
498 1164 532 1195 &
543 1160 674 1206 pestore—
684 1156 856 1192 retrorsum
873 1158 1001 1193 reflexis
1014 1160 1173 1205 impetum
1183 1168 1250 1204 quo
1263 1154 1363 1192 fertur
1371 1160 1537 1207 gravitatis
1550 1169 1709 1203 centrum,
1719 1160 1770 1194 in-

382 1207 532 1243 hibemus
546 1235 557 1251 ‚
574 1219 608 1241 ut
624 1217 717 1242 motu
728 1209 890 1241 contrario
903 1206 1002 1255 lapsus
1021 1218 1178 1242 arceatur.
1613 1202 1622 1212 ⁹

883 1308 932 1342 De
944 1306 1053 1351 inceffit
1063 1305 1261 1340 animalium.

382 1353 623 1441 NUsquam
636 1353 712 1388 alias
725 1366 842 1390 naturae
857 1353 1040 1396 artificium,
1053 1358 1085 1389 &
1098 1352 1257 1401 exquifitae
1270 1353 1464 1390 mechanicae
1478 1356 1562 1389 ratio
1574 1354 1617 1389 est
1626 1353 1784 1390 illustrior

480 1416 578 1451 quam
591 1405 622 1437 in
636 1415 829 1451 organorum
844 1415 915 1451 quae
928 1403 969 1438 acl
987 1400 1137 1438 incessum
1151 1403 1341 1439 animalium
1353 1403 1424 1438 sunt
1441 1414 1567 1450 aptata,
1583 1403 1772 1439 conforma-

384 1456 488 1488 tione.
516 1454 612 1487 Hanc
626 1453 736 1498 utique
749 1464 851 1487 artem
868 1463 987 1487 naturae
1002 1450 1093 1486 velut
1117 1451 1379 1487 machinarricem
1397 1451 1526 1499 copiose
1550 1457 1585 1488 &
1606 1451 1778 1500 eleganter*

385 1498 537 1549 expreffit
560 1503 619 1536 Vir
633 1500 752 1535 Clariis.
780 1504 822 1536 D.
840 1501 996 1536 Perrault
1013 1501 1043 1535 in
1065 1500 1204 1535 metatu
1215 1500 1324 1550 saepius
1337 1500 1357 1537 ὲ
1373 1499 1469 1536 nobis
1487 1500 1640 1536 laudato:
1655 1513 1694 1536 ex
1704 1514 1771 1549 quo

374 1548 500 1598 ‘utique
511 1549 664 1598 pleraque
687 1547 765 1583 scitu
776 1550 914 1598 jucunda
927 1561 1141 1597 excerpemus.

421 1602 457 1633 In
468 1598 712 1646 quadrupedum
724 1610 926 1647 genere,quae
941 1598 1081 1634 ferendis
1091 1596 1259 1641 oneribus,
1284 1610 1339 1633 aut
1356 1598 1517 1634 trahendis
1540 1599 1572 1633 in
1590 1597 1656 1634 usus
1667 1597 1779 1633 homi--

385 1661 464 1683 num
477 1648 598 1682 Auditor
610 1658 727 1681 naturae
739 1647 909 1682 destinavit
921 1675 931 1691 ,
947 1647 1060 1681 eadem
1078 1647 1162 1694 pede
1180 1647 1281 1681 solido
1300 1653 1332 1684 &
1343 1647 1459 1696 ungula
1471 1649 1596 1683 munito
1611 1646 1783 1683 instruxit-⁷

388 1695 537 1738 Cameli,
554 1697 609 1742 qui
623 1698 733 1743 gravia
743 1707 875 1743 portant
893 1707 991 1730 onera
1001 1724 1011 1739 ,
1021 1694 1074 1730 sed
1086 1708 1152 1730 non
1162 1695 1292 1730 trahunt
1304 1724 1313 1738 ,
1335 1695 1403 1731 l'ato
1416 1701 1449 1732 &
1463 1695 1564 1730 solido
1582 1696 1667 1744 pede
1677 1724 1687 1739 ,
1703 1708 1771 1731 non

386 1746 434 1778 ita
448 1744 545 1788 duro,
563 1755 598 1778 ut
617 1746 690 1789 equi
705 1755 760 1778 aut
778 1743 880 1779 boves
894 1745 1054 1780 donantur
1072 1756 1079 1776 :
1098 1756 1173 1779 narn
1189 1743 1273 1792 pelle
1284 1744 1443 1780 duntaxat
1460 1744 1551 1780 firma
1570 1745 1770 1780 muniuntur:

386 1793 477 1840 quod
491 1795 525 1827 in
536 1791 672 1826 arenosis
692 1792 771 1827 locis
787 1794 929 1841 degant,
952 1791 1010 1828 ubi
1037 1793 1132 1828 altius
1156 1793 1275 1841 pedem
1289 1792 1437 1842 infigunt.
1470 1793 1596 1829 Contra
1619 1794 1653 1828 in
1669 1795 1772 1841 capris

388 1839 565 1888 agrestibus
577 1869 587 1884 ,
604 1846 639 1877 &
651 1843 770 1888 capreis
784 1869 793 1884 ,
814 1842 914 1889 vulgo
923 1841 1059 1876 chameis
1073 1871 1083 1884 ,
1095 1854 1162 1888 quae
1176 1843 1259 1876 inter
1277 1853 1369 1888 rupes
1389 1847 1423 1878 &
1439 1840 1510 1876 saxa
1523 1843 1626 1876 vitam
1647 1851 1771 1889 agunt,

389 1887 492 1923 solido
506 1894 540 1925 &
554 1889 633 1922 duro
647 1889 937 1935 pedeinstruuntur.
955 1890 1131 1925 Cameli&
1141 1889 1203 1923 alia
1217 1889 1365 1923 animalia
1378 1901 1450 1937 quae
1463 1892 1496 1924 in
1508 1888 1641 1924 arenofis
1653 1889 1770 1925 Africae

390 1936 468 1971 locis
486 1947 652 1971 occurrunt
664 1964 674 1978 ,
688 1937 780 1970 molli
798 1936 880 1971 callo
901 1949 1003 1984 genua
1017 1943 1051 1974 &
1064 1939 1177 1985 peditus
1194 1937 1384 1986 plerumque
1414 1937 1558 1972 obduera
1575 1937 1722 1983 habent,
1735 1949 1772 1973 ut

391 1985 440 2020 his
449 1983 533 2032 quasi
546 1983 687 2031 pulvillis
711 1986 821 2019 innixa
842 1985 966 2020 facilius
986 1985 1186 2022 recumbant.
1218 1986 1364 2021 Struthio
1383 1986 1445 2022 hoc
1462 1986 1567 2031 callo,
1583 1988 1631 2022 uti
1647 1992 1681 2024 &
1707 1985 1772 2022 alia

390 2036 459 2068 avis
478 2033 579 2068 indica
596 2062 605 2075 ,
621 2032 721 2080 vulgo
739 2034 768 2066 le
783 2034 896 2078 cafitel,
911 2036 1097 2069 muniuntur
1110 2037 1142 2069 in
1156 2037 1299 2082 petitore.
1791 2065 1794 2068 .

428 2083 543 2117 Homo
560 2081 627 2116 talo
637 2080 793 2124 breviori,
811 2083 972 2129 &pedum
984 2083 1091 2131 digitis
1110 2085 1219 2119 vicino
1233 2083 1371 2119 donatur
1383 2094 1438 2127 ,ut
1450 2082 1516 2118 talo
1532 2082 1622 2119 fimul
1635 2089 1669 2122 &
1685 2084 1769 2132 digi-

391 2132 431 2165 tis
442 2132 535 2165 inniti
548 2129 653 2177 posl'it.
668 2130 905 2178 Quadrupedes
926 2143 1004 2166 vero
1025 2131 1155 2168 taluma
1175 2132 1301 2178 reliquo
1314 2132 1395 2179 pede
1412 2134 1622 2168 remotiorem
1634 2132 1771 2168 sortiun-

391 2190 451 2215 tur.
472 2178 604 2223 Qibus
617 2177 832 2212 animantibus
843 2179 921 2213 talus
935 2193 1001 2214 non
1018 2181 1100 2215 adeo
1119 2181 1139 2215 ὲ
1152 2180 1278 2227 reliquo
1290 2181 1373 2227 pede
1388 2193 1572 2216 removetur
1584 2181 1770 2224 ,utleones‚

391 2239 484 2262 canes
500 2256 510 2270 ,
526 2227 618 2270 feles,
630 2225 725 2261 simiae
740 2255 750 2269 ,
773 2227 820 2261 hae
845 2228 1089 2274 quodammodo
1118 2229 1228 2264 sedent
1239 2258 1248 2272 ‚
1262 2228 1314 2262 sed
1334 2230 1412 2263 stare
1429 2229 1485 2263 soli
1499 2230 1625 2265 homini
1639 2229 1770 2265 conces-

391 2275 458 2310 sum
471 2276 516 2309 est
526 2305 534 2319 ‚
549 2288 586 2310 ac
602 2288 642 2310 ne
655 2275 747 2310 simiae
756 2276 888 2321 quidem
897 2288 1007 2310 caetera
1021 2277 1146 2312 homini
1159 2279 1242 2312 adeo
1253 2276 1355 2314 fimili.
1376 2277 1435 2312 Ille
1448 2280 1568 2326 quippe
1578 2307 1586 2321 ,
1598 2290 1633 2313 ut
1644 2278 1770 2324 reliqua

393 2323 545 2359 animalia
560 2327 734 2359 anteriores
753 2324 886 2360 femoris
907 2324 1062 2363 musculos
1076 2327 1160 2363 adeo
1176 2325 1292 2364 breves
1306 2327 1416 2363 nactus
1431 2327 1485 2372 est,
1497 2338 1534 2365 ut
1551 2326 1654 2363 femur
1666 2338 1769 2375 angu-

392 2370 460 2408 lum
478 2385 549 2409 cum
557 2385 673 2410 trunco
686 2371 807 2422 semper
817 2371 944 2411 efficiat.

1730 2425 1768 2459 ln
