1878 2724
75 179 79 182 ’
128 168 376 217 Ista-Tantum
387 178 544 216 aquarum
556 180 596 202 ex
611 164 814 210 fluminibus,
827 172 858 203 ὃ(
871 166 988 214 pluviis
1004 168 1036 201 in
1048 177 1136 201 mare
1148 166 1259 202 delabi
1270 169 1285 212 ⁴,
1300 136 1458 213 quannirli

82 220 115 254 in
127 229 260 265 vapores
270 215 410 253 abitzfit
421 217 508 251 enim
520 218 602 263 jugis
613 217 780 263 quaedam,
795 221 827 252 &
846 228 912 250 non
936 217 1112 263 interrupta
1131 215 1305 253 circulatio.
1340 220 1413 253 lmo
1427 220 1459 254 id

58 287 61 291 ι
81 267 186 315 potius
210 277 248 300 ex
261 265 354 300 nobis
365 267 487 313 requiri
501 267 603 313 potest
616 277 668 299 cur
679 264 797 298 salsedo
810 266 904 299 maris
919 277 984 300 non
995 266 1152 299 minuatur
1166 293 1177 308 ‚
1188 264 1208 299 fi
1224 265 1324 301 fontis
1341 279 1459 316 magua

79 326 119 350 ex
138 325 227 362 parte
243 326 300 362 per
325 312 546 349 subterraneos
565 325 688 348 meatus
707 325 744 347 ex
763 325 847 359 aqua
863 315 956 347 matis
973 313 1135 361 percolata
1154 313 1328 350 nascuntur.
1351 317 1458 363 Atque

61 393 64 395 ,
78 362 152 398 hinc
166 361 238 397 sane
251 361 369 411 probat
381 365 442 398 Vir
456 362 566 397 clariis.
582 365 639 409 qui
655 363 694 396 de
707 361 844 396 fontium
868 364 994 411 origine
1006 361 1234 397 accuratiffime
1248 362 1377 411 scripsit,
1387 377 1457 401 eam

58 440 62 443 .
78 424 144 447 non
161 409 222 446 effe
239 412 382 446 fontium
398 411 679 459 originem.,Qod
694 410 828 457 quidem
846 414 986 445 maxima
1001 423 1050 445 ex-
1061 422 1151 457 parte
1165 423 1276 447 verum
1292 412 1352 448 effe
1370 413 1459 448 arbi-

56 487 59 491 .
79 471 163 496 tter..
174 459 238 493 Sed
255 471 367 495 tamen
382 461 484 496 nonis
501 458 585 503 sum,
599 461 654 507 qui
667 461 802 493 omnino
815 458 940 493 inficiet
953 471 1050 506 aquas
1068 471 1106 492 ex
1122 461 1259 494 Oceano
1275 474 1332 509 per
1342 473 1458 510 pater.-

78 520 125 544 tes
139 520 257 543 meatus
274 507 489 557 saepelong'us
500 520 676 543 excurrere.
708 510 781 543 Nec
798 507 894 542 salem
911 509 1075 556 deponunt
1095 507 1150 542 nisi
1173 521 1246 543 cum
1264 512 1296 544 in
1321 523 1456 558 vapores

76 556 220 592 abeunt:
238 568 307 591 tum
323 559 410 592 enim
426 557 504 592 fixas
518 555 586 591 salis
605 556 772 605 particulas
794 557 1052 603 relinquuntzex
1069 556 1185 604 quibus
1206 560 1294 605 putei
1311 557 1379 592 salis
1391 588 1400 602 ,
1418 573 1456 596 ur

75 607 108 641 in
125 606 311 653 Burgundiae-
319 607 484 641 Comitatu
494 634 505 648 ,
515 608 549 640 iu
560 603 798 653 Luneburgenfi
811 617 854 639 tra
861 607 922 648 Qu,
940 611 972 642 &
983 605 1051 639 aliis
1067 605 1179 653 paffim
1192 608 1222 640 iu
1235 607 1312 641 locis
1323 606 1455 645 scatent:

77 653 201 688 tametsi
211 655 244 688 hi
258 654 366 689 fontes
381 654 505 702 polsunt
519 656 618 689 etiarn
632 667 671 688 ex
689 653 808 688 fodinis
825 653 893 688 salis
908 657 1068 702 originem
1086 653 1169 689 suam
1182 666 1336 702 repetere.

53 731 61 735 .
110 704 220 750 Atque
234 715 271 737 ex
287 704 324 737 iis
332 703 433 750 liquet
459 712 496 738 10
513 715 568 737 cur
584 715 667 750 aqua
681 704 811 737 Oceani
823 705 856 736 in
877 702 1067 749 quibusdam
1087 703 1164 738 locis
1177 702 1214 737 fit
1228 703 1346 748 lailot,
1362 717 1397 741 ut
1413 707 1454 742 de

54 775 60 778 -
76 753 169 786 Zona
186 752 304 786 torrida
315 752 474 787 diximus:
493 750 548 787 nifi
559 752 644 787 forte
656 753 689 785 in
705 753 743 785 iis
756 750 914 786 mensibus
925 749 1059 799 ,quibus
1074 751 1191 800 largior
1201 752 1307 787 imber
1322 755 1452 792 decidit:

55 827 59 830 -
77 811 146 835 tum
159 802 245 835 enim
265 813 347 847 aqua
361 803 477 844 marn,
493 800 606 835 saltem
618 812 718 849 prope
733 800 843 834 littora
857 829 865 843 ‚
889 803 989 835 minus
1011 800 1084 835 salsa
1109 803 1281 849 percipitur
1295 817 1303 838 :
1317 805 1402 850 quod
1424 807 1457 840 in

76 848 187 884 littore
215 848 419 884 Malabarico
446 849 623 885 luculenter
643 851 789 884 cernitur.
825 851 912 895 Nam
936 848 1045 883 rnenfi.
1061 862 1097 883 us
1114 849 1308 897 pluvialibus
1324 864 1457 902 propter

76 909 228 946 magnam
241 910 330 945 aquae
344 901 472 946 copiam
489 910 609 946 quaerex
622 900 782 933 montium
800 900 879 946 jugis
898 897 1075 941 delabitur,
1087 910 1201 946 aquam
1224 901 1351 935 Oceani
1372 914 1456 949 pene

76 945 203 981 dulcem
215 949 432 994 experiuntur.
444 948 595 996 Cumque
606 949 637 982 in
650 947 729 982 locis
744 946 1057 993 Septentrionalibus
1069 959 1127 995 per
1136 959 1239 982 totum
1256 948 1324 983 fere
1337 961 1456 986 annum

75 994 166 1042 pluat
177 1024 187 1038 ,
203 995 277 1031 hinc
289 994 325 1031 fit
338 1008 374 1030 ur
387 998 540 1030 Oceanus
554 995 823 1044 Septentrionalis
837 998 939 1030 minus
952 995 1072 1030 habeat
1084 995 1241 1031 salsedinis
1250 1026 1259 1040 ‚
1272 1010 1369 1044 quam
1380 1012 1458 1034 ver-

73 1043 121 1077 sus
144 1046 273 1079 Zonam
302 1045 467 1080 torridam.
495 1046 633 1080 Accedit
649 1045 726 1078 illud
742 1042 877 1078 fortassis
892 1073 901 1086 ,
914 1044 1002 1091 quod
1034 1057 1117 1091 aqua
1138 1045 1286 1092 frigidior
1305 1050 1336 1080 in
1356 1050 1394 1081 iis
1406 1048 1455 1082 lo-

58 1107 60 1109 ·
75 1093 118 1125 cis
134 1094 236 1126 minus
253 1091 323 1126 salis
336 1105 378 1128 ex
398 1093 518 1127 fodinis
536 1092 689 1128 exsolvat.
713 1093 804 1138 Qun
822 1093 920 1127 etiam
935 1121 944 1136 ‚
962 1095 1109 1141 ingentes
1127 1092 1218 1127 fluvii
1235 1096 1291 1141 qui
1312 1097 1343 1129 iu
1367 1107 1455 1132 mare

74 1139 105 1174 se
118 1151 314 1184 exonerant,
326 1141 410 1176 illius
425 1140 609 1176 salsedinem
622 1155 689 1176 non
703 1142 910 1175 mediocriter
922 1151 1103 1187 temperant
1114 1159 1121 1183 ·,
1132 1143 1270 1176 maxime
1282 1155 1383 1190 prope
1400 1157 1456 1180 eo·

74 1201 144 1223 tum
161 1189 327 1224 fluminum
340 1190 426 1224 ostia.
445 1193 495 1224 Sic
505 1189 621 1224 fluvius
636 1189 691 1224 ille
701 1201 834 1236 magnus
858 1188 959 1237 vulgo
981 1190 1038 1223 Rio
1061 1190 1149 1223 della
1170 1190 1266 1223 Plata
1279 1219 1287 1233 ‚
1307 1192 1405 1238 quise
1419 1195 1454 1229 in

75 1237 232 1273 Brafiliarn
244 1250 405 1281 exonerat,
420 1239 501 1272 adeo
512 1239 640 1274 Oceani
653 1250 768 1285 aquam
783 1249 942 1285 temperat
952 1249 998 1281 ‚ut
1005 1237 1085 1272 ultra
1104 1251 1115 1272 1
1127 1253 1139 1284 5
1152 1238 1172 1272 a
1190 1238 1296 1273 littore
1308 1240 1454 1276 milliaria

74 1289 170 1321 maris
182 1299 264 1334 aqua
282 1286 381 1321 dulcis
393 1299 565 1335 appareat:
588 1287 676 1321 Idem
691 1287 759 1322 fere
776 1289 937 1334 contingit
951 1289 987 1323 in
997 1286 1105 1321 Africa
1116 1315 1124 1329 ‚
1143 1285 1200 1321 ubi
1222 1285 1337 1322 fluvius
1351 1290 1455 1325 Zaire

75 1334 177 1370 dictus
195 1338 227 1370 in
240 1337 412 1370 Oceanum
432 1333 557 1372 influit.-

112 1387 276 1433 Qaeritur
294 1398 306 1429 3
324 1409 330 1415 .
344 1385 410 1418 Cur
423 1397 506 1430 aqua
523 1384 670 1431 pluvialis
685 1385 781 1430 quaee
798 1382 924 1418 sublatis
936 1385 953 1419 ὲ
967 1386 1047 1418 niati
1065 1383 1239 1432 vaporibus
1266 1387 1386 1430 oritur,
1414 1386 1451 1421 fit

73 1432 190 1469 dulcis:
207 1445 283 1467 cum
298 1445 379 1479 aqua
389 1435 511 1468 marina
521 1432 668 1467 distillata
679 1444 811 1467 omnem
831 1432 914 1467 suam
929 1431 1113 1481 salsuginem
1123 1461 1133 1477 ,
1146 1438 1179 1469 &
1193 1436 1454 1483 ingratumlama.

73 1493 180 1516 rorem
193 1495 258 1516 non
272 1493 376 1516 exuat.

108 1531 284 1578 Respondet
298 1531 452 1564 Varenius
463 1557 472 1572 ‚
491 1528 592 1575 idque
609 1527 679 1563 satis
690 1540 765 1576 apte
777 1529 893 1576 duplex
911 1528 970 1563 effe
982 1528 1050 1563 salis
1062 1541 1159 1575 genus
1177 1533 1209 1566 in
1222 1542 1302 1577 aqua
1313 1535 1449 1576 marina,

75 1590 111 1613 ut
135 1581 168 1613 in
182 1578 252 1612 aliis
271 1577 459 1625 corporibus
473 1606 483 1620 ‚
508 1576 608 1611 fixum
623 1579 772 1612 nimirum
785 1605 795 1620 ,
810 1583 844 1613 &
861 1577 992 1611 volatile
1005 1595 1013 1620 3
1037 1577 1115 1611 illud
1130 1580 1197 1626 post
1210 1579 1450 1617 distillationem

75 1629 107 1662 in
126 1626 227 1660 fundo
242 1626 318 1661 vasis
335 1637 497 1668 remanet,
519 1625 581 1659 hoc
600 1638 659 1659 una
674 1638 743 1659 cum
756 1638 877 1673 vapore
897 1625 1034 1659 ascendit
1046 1654 1056 1668 ,
1073 1631 1104 1662 δι
1122 1629 1282 1675 ingratum
1305 1627 1450 1677 saporem

75 1677 205 1710 retinet.
219 1676 280 1709 Sed
296 1687 380 1722 aqua
392 1673 537 1722 pluvialis
553 1673 638 1708 hunc
659 1673 754 1709 salem
774 1676 862 1709 exuit
877 1675 983 1721 ,quod
999 1673 1079 1709 lenis
1091 1686 1129 1708 ea
1145 1674 1180 1709 fit
1192 1681 1398 1723 evaporatio,
1417 1684 1451 1715 &

75 1723 209 1771 longum
229 1726 290 1758 iter
299 1723 631 1769 conficiatantequam
645 1725 676 1757 in
687 1723 805 1771 pluviae
820 1723 958 1771 guttulas
972 1722 1152 1758 concrescat
1166 1725 1268 1760 :adeo
1283 1736 1318 1760 ur
1333 1729 1366 1761 in
1383 1727 1450 1776 ipso

73 1773 190 1806 itinere
201 1771 324 1820 spiritus
335 1771 422 1806 salini
435 1770 588 1820 paulatim
602 1770 632 1806 se
646 1772 803 1808 evolvant
814 1777 846 1808 δε
863 1784 934 1806 cum
950 1771 1018 1805 aliis
1039 1771 1178 1818 ejusdem
1197 1776 1320 1821 generis
1335 1776 1449 1811 conso-

75 1832 207 1855 cientur.

106 1869 189 1903 Illud
202 1881 330 1916 quoque
342 1881 408 1903 non
418 1868 572 1903 abhorret
590 1868 610 1903 a
626 1867 795 1902 verofimili
814 1867 999 1916 salsuginem
1017 1871 1110 1904 maris
1134 1881 1172 1904 ex
1192 1869 1364 1918 multiplici
1386 1869 1449 1906 sale

74 1918 297 1964 prodireeadeo
314 1929 350 1952 ut
363 1917 516 1964 quiddam
529 1915 647 1951 habeat
659 1917 794 1959 vitrioli‚
820 1929 874 1951 aut
888 1919 982 1952 nitri:
999 1918 1082 1952 unde
1093 1929 1181 1954 tanta
1192 1920 1220 1952 in
1235 1920 1271 1952 iis
1285 1919 1363 1953 locis
1381 1930 1449 1966 quae

77 1977 163 2000 mare
175 1965 264 1998 alluit
276 1966 476 2000 foecunditas.
496 1967 602 2011 Atque
614 1965 681 2000 haec
697 1966 784 2000 forte
800 1966 842 1999 est
863 1964 950 2000 causa
965 1979 1018 2000 cur
1028 1979 1114 2001 mare
1129 1966 1274 2002 nauseam
1289 1979 1326 2001 ac
1343 1969 1450 2002 vomi-

76 2024 146 2047 tum
157 2025 312 2060 ptovocet
329 2027 336 2048 :
351 2015 435 2060 quod
447 2012 650 2047 circumfusus
661 2025 714 2047 aer
734 2014 836 2048 multo
851 2013 911 2048 sale
933 2013 1149 2059 bituminoso,
1163 2018 1324 2050 autetiam
1336 2018 1449 2050 vitrio-

76 2061 138 2096 lico
149 2060 324 2103 inficiatur,
340 2067 423 2107 cujus
438 2061 615 2108 corpuscula
628 2063 799 2096 ventriculi
818 2061 913 2097 fibras
931 2063 1085 2098 vellicant
1103 2079 1110 2100 ε
1130 2076 1327 2111 quamquam
1346 2066 1450 2110 jadra-

79 2112 126 2144 tio
147 2110 210 2156 ipsa
228 2109 365 2144 multum
383 2111 480 2143 ctiam
503 2110 562 2143 huc
586 2110 734 2145 confert:
758 2123 832 2146 nam
859 2113 889 2144 in
909 2111 1041 2146 malacia
1057 2141 1067 2155 ,
1081 2112 1133 2146 seu
1162 2111 1336 2159 tranquillo
1364 2111 1454 2146 coelo·

75 2160 128 2192 vix
139 2157 247 2192 nausea
263 2160 426 2195 excitatur,
442 2159 527 2190 Hinc
539 2156 682 2204 plerique
695 2159 798 2193 rhedis
811 2161 895 2194 veeti
905 2160 1067 2195 nauseant.
1082 2161 1146 2196 Sed
1162 2172 1269 2194 tamen
1284 2159 1378 2192 salem
1389 2173 1449 2194 vo-

67 2205 198 2240 latilem
214 2205 273 2240 effe
292 2206 382 2251 hujus
397 2205 527 2240 effictus
543 2208 574 2239 in
585 2218 673 2252 parte
692 2207 814 2241 causam
831 2207 1026 2242 verifimilius
1047 2221 1174 2255 putem:
1196 2221 1268 2241 cum
1281 2218 1379 2241 etiam
1394 2219 1448 2244 aer

77 2257 252 2289 maritimus
270 2255 436 2288 oculorum
448 2255 576 2287 dolores
588 2258 714 2290 excitet.
737 2255 848 2290 Mult³s
872 2257 1004 2302 quidem
1020 2256 1197 2291 rationibus
1212 2253 1383 2288 confirmat
1395 2259 1446 2292 vir

69 2301 214 2339 nobiliis.
228 2304 438 2337 Ferdiuandus
450 2305 488 2337 M
510 2301 603 2336 rsilius
615 2305 646 2336 in
659 2304 804 2350 praeclaro
817 2304 966 2350 opusculo
977 2306 1017 2339 de
1033 2301 1308 2338 observationibus
1327 2302 1385 2337 ase
1395 2304 1446 2338 fa-

65 2351 179 2387 neusin
188 2351 348 2398 Bisphoro
361 2351 520 2395 Thracio,
534 2363 621 2399 aquae
636 2353 761 2388 marinae
773 2350 981 2390 [altitudinem
998 2365 1071 2388 cum
1084 2363 1228 2388 amatore
1240 2351 1445 2398 conjunstana

195 2401 285 2437 Tom·
322 2401 376 2436 ll„
1249 2401 1278 2436 Y
1291 2412 1313 2446 y
