1878 2724
399 109 459 144 228
788 102 1054 142 PHYSICAE
1094 105 1420 145 GENER-Ans

408 189 419 192 ,
432 153 548 191 Tertio
565 167 602 189 ex
615 153 892 202 partiumtextura
903 154 1043 190 fluidiras
1062 154 1381 205 &firmitasmagna
1400 166 1439 194 ex
1450 163 1541 203 parte
1557 157 1714 196 oriuntur.
1733 158 1790 195 sio

399 206 458 245 ubi
469 205 593 253 spiritus
604 204 672 237 vini
684 201 865 251 purissimus
874 231 884 246 ,
897 208 932 240 ὃ(
945 203 1070 252 spiritus
1085 206 1183 240 urinae
1193 207 1274 252 ,qui
1289 205 1386 255 longa
1406 204 1664 243 fermentatione
1671 216 1729 245 aut
1740 205 1787 244 di-

399 257 544 303 gestione
554 255 585 287 in
604 249 675 286 vase
685 252 812 287 occluso
824 251 976 301 praemiffa
986 282 996 297 ‚
1017 252 1082 289 leni
1102 252 1210 288 calore
1219 253 1346 290 elicitur
1356 283 1366 299 ‚
1382 254 1446 292 una
1458 258 1694 305 conjunguntur
1705 284 1716 300 ,
1727 257 1787 293 sta.

399 298 459 342 {im
472 306 504 337 in
513 303 595 337 nivis
610 299 749 349 speciem
767 301 988 339 concrescunt.
1002 304 1082 338 Non
1096 300 1240 339 diffimili
1256 306 1382 342 ratione
1399 303 1523 353 spiritus
1538 303 1608 340 salis
1624 305 1689 342 un&⁴
1709 318 1786 344 cum

400 350 632 389 ovialbumine
644 352 766 400 agitato
774 352 944 401 permistus
956 352 1043 387 idem
1059 350 1159 388 efficit
1172 353 1283 401 ‚quod
1293 355 1433 402 partium
1447 364 1613 390 contextus
1621 354 1787 404 utriusque

400 403 534 450 liquoris
553 410 708 437 mutetur.
726 404 779 437 Sic
794 403 853 437 ovi
873 400 1030 438 albumen
1044 430 1054 446 ,
1072 407 1106 438 &
1124 401 1289 450 sanguinis
1306 401 1408 439 serum
1427 402 1580 441 ,coctione
1596 405 1789 441 indurantur

399 462 524 488 mutato
542 452 685 498 partium
704 450 811 499 plexu.
830 452 903 486 Imo
916 463 954 486 ex
963 452 1081 486 eodem
1094 453 1149 487 ovi
1163 451 1328 487 albumine
1340 451 1417 486 dum
1432 453 1464 486 in
1478 452 1601 500 pullum
1613 452 1793 498 formatur,'

397 513 450 537 tot
469 511 575 549 partes
591 500 682 534 duras
698 500 870 544 &stabiles
884 498 970 536 solus
986 504 1124 549 partium
1135 511 1307 537 contextus
1322 512 1489 550 procreat:
1513 500 1646 538 infinitis
1661 505 1785 552 quippe

397 551 504 588 modis
521 551 638 583 variari
649 551 768 598 potest.
789 550 852 585 Sed
864 549 904 584 de
923 548 1075 586 firmitate
1085 550 1204 599 postea.

436 597 565 644 Qarto
575 599 907 647 praecipuafluiditatis
922 598 1012 635 causa
1022 599 1070 634 est
1084 610 1192 635 motus
1203 600 1345 648 partium
1354 598 1684 638 insensibiliumNon
1697 602 1786 637 enim

397 649 485 685 aliud
497 651 596 696 magis
607 647 708 684 fluida
718 648 738 685 a
747 649 832 684 duris
841 647 1030 697 corporibus
1044 648 1182 685 secernit
1198 663 1206 685 :
1225 649 1302 683 dura
1314 651 1435 698 quippe
1447 649 1519 685 sunt
1533 678 1543 693 ‚
1552 669 1554 672 ·
1562 663 1633 698 qua:
1646 649 1705 687 suis
1719 661 1790 686 ter-¹

397 701 494 735 minis
511 697 606 734 facili:
619 700 841 734 continentur.
859 697 897 732 Id
910 695 991 732 vero
1005 709 1178 747 propterea
1192 699 1305 734 evenit
1322 725 1333 741 ,
1350 698 1577 746 ·quod*eorum
1594 711 1700 747 partes
1712 713 1785 736 om-

396 751 476 785 nino
488 746 654 796 quiescant
668 746 797 795 3sei‘psas
814 746 1004 782 immediate
1014 758 1149 797 tangant
1163 774 1174 789 ‚
1189 752 1223 784 &
1233 745 1320 783 nulla
1332 749 1567 783 intercurrente
1584 751 1721 783 materia
1735 749 1788 783 di.

396 801 561 835 rimantur.
578 797 823 844 Undeicorpora
835 795 894 831 suis
906 798 1050 831 terminis
1060 807 1216 832 contenta
1227 807 1300 833 non
1313 793 1467 832 effluunt:
1485 808 1625 844 cumque
1639 809 1709 846 pars
1720 808 1785 833 una

396 847 530 897 pellitur
538 875 548 890 ‚
562 846 694 893 reliquae
703 857 817 881 omnes
832 845 906 880 huic
915 847 1018 880 motui
1028 844 1179 881 resistunt.
1190 845 1318 882 Contra
1325 845 1444 881 accidit
1456 847 1491 882 in
1500 844 1608 881 fluidis
1622 874 1633 890 ,
1646 858 1787 894 quorum

396 904 510 945 partes·
519 898 609 931 tenui
621 893 791 930 substantia
801 894 996 931 dirimuntur
1004 922 1014 938 ‚
1030 906 1091 930 nec
1100 892 1231 929 forfitan
1243 893 1356 942 seipsas
1371 895 1559 931 immediate
1573 907 1720 943 tangunt,
1732 895 1786 931 sed

398 949 432 985 in
442 946 597 983 continuo
606 941 768 980 versantur
784 954 888 988 motu.
912 944 1003 980 Hinc
1022 955 1136 992 corpus
1151 942 1285 979 fluidum
1299 955 1418 991 magna
1437 943 1596 979 facilitate
1611 944 1765 980 dividitur
1774 961 1792 988 5⁴

397 1006 504 1043 partes
516 995 605 1030 enim
617 994 709 1028 vario
725 998 759 1030 &
770 992 1024 1028 indeterminato
1035 1004 1126 1028 motu
1134 994 1262 1039 agitatae
1271 991 1419 1028 divisioni
1430 1005 1499 1029 non
1516 991 1648 1028 obstant
1657 1020 1668 1036 ,
1689 998 1723 1029 &
1733 993 1789 1028 'lo-

398 1057 439 1081 co
456 1043 552 1082 facile
566 1043 708 1079 cedunt:
733 1054 872 1089 cumque
881 1041 954 1076 aliae
973 1041 1044 1076 aliis
1064 1038 1131 1077 non
1151 1032 1211 1077 sint
1232 1040 1415 1084 consertae‚·
1436 1040 1528 1076 nullo
1539 1043 1677 1088 negotio
1695 1040 1793 1089 sepas·

397 1104 525 1136 rantur,
547 1097 580 1129 δε
596 1090 858 1139 quoquoversum
870 1089 1085 1138 *impelluntur
1095 1119 1105 1134 ‚
1119 1102 1181 1125 nec
1194 1101 1265 1138 pars
1275 1102 1338 1125 una
1353 1089 1489 1125 alteram
1503 1088 1579 1124 [istit
1591 1117 1602 1132 ‚
1623 1100 1678 1124 aut
1693 1091 1792 1126 instat·

396 1141 492 1178 fulcri
508 1140 650 1176 sustinet.
669 1142 777 1188 Atque
786 1139 844 1175 has
853 1136 915 1174 effe
926 1141 1100 1189 praecipuas
1114 1138 1283 1176 fluiditatis
1298 1137 1402 1175 causas
1419 1136 1564 1188 pluribus
1589 1137 1730 1175 ostendit
1745 1141 1788 1190 D,

397 1193 499 1240 Boyle
515 1193 548 1226 in
565 1189 623 1225 suis
636 1188 901 1225 Tenraminibus.
1790 1206 1793 1209 -

441 1243 530 1275 Rem
540 1241 587 1277 ira
600 1237 662 1272 effe
672 1239 778 1272 *variis
788 1238 1018 1286 experimentis
1031 1241 1099 1285 jam
1111 1237 1306 1273 ostendimus
1316 1265 1326 1281 ,
1340 1249 1414 1272 curn
1425 1237 1465 1271 de
1480 1237 1645 1285 principiis
1654 1236 1788 1272 mecha-

398 1291 477 1325 nicis
489 1298 671 1336 ageremus.
680 1287 755 1322 Nec
764 1284 840 1321 sanaev
846 1297 886 1321 ex
896 1285 961 1321 alio
970 1287 1129 1334 principio
1139 1286 1212 1321 duci
1225 1285 1352 1332 polsunt
1367 1285 1522 1333 pleraque
1532 1296 1646 1320 naturae
1656 1286 1789 1333 phaeno-

399 1349 508 1374 mena.
530 1338 597 1372 Cur
620 1335 699 1370 sales
720 1348 758 1370 -ν,
767 1347 817 1382 gr.
829 1337 862 1370 in
871 1346 956 1382 aqua
966 1363 978 1378 ,
992 1336 1063 1369 imo
1077 1337 1113 1369 in
1122 1334 1259 1371 humido
1275 1333 1476 1369 exsolvantur
1490 1346 1564 1368 aere
1575 1361 1586 1375 ,
1598 1345 1653 1368 aut
1672 1332 1790 1371 metal-

399 1387 429 1421 la
440 1388 474 1421 in
483 1388 574 1434 aquis
584 1385 694 1433 stygiis
704 1386 749 1419 ita
761 1382 970 1419 diffolvantur
980 1412 991 1427 ‚
1008 1394 1046 1418 ut
1058 1385 1187 1432 penitus
1200 1382 1390 1419 evanescere
1405 1383 1585 1419 videantur.
1605 1384 1688 1418 Sunt
1701 1385 1789 1419 enim

399 1436 469 1471 haec
478 1447 614 1483 corpora
625 1434 762 1469 humore
774 1432 842 1480 ipso
851 1434 1016 1480 graviora:
1031 1437 1066 1469 δι
1080 1443 1192 1468 tamen
1204 1434 1236 1466 in
1251 1443 1293 1466 eo
1303 1430 1452 1469 dilsQluta
1462 1459 1472 1474 ,
1499 1437 1533 1469 &
1549 1433 1582 1469 in
1591 1443 1720 1467 atomos
1731 1445 1790 1480 pe.

399 1497 440 1520 ne
453 1486 657 1519 comminuta
671 1511 681 1526 ,
693 1485 778 1517 intra
788 1481 880 1518 fluidi
892 1484 1036 1529 corporis
1045 1493 1142 1529 poros
1152 1480 1381 1516 reconduntur.
1404 1483 1482 1516 Hoc
1496 1484 1610 1528 utique
1629 1482 1709 1516 citra
1729 1481 1789 1517 ali-

400 1546 501 1580 quem
508 1543 633 1567 motum
643 1531 713 1568 fieri
728 1543 795 1566 non
807 1531 931 1579 potest:
944 1542 1005 1566 nec
1015 1532 1102 1565 enim
1118 1530 1293 1576 quicquam
1310 1528 1332 1563 ὲ
1353 1528 1450 1577 seipso
1465 1540 1623 1564 movetur.
1650 1528 1750 1578 Qd
1765 1528 1790 1565 li

400 1584 498 1631 igitur
510 1593 617 1630 partes
627 1593 718 1627 aquae
727 1578 786 1614 [int
794 1581 942 1615 ›immotae
954 1606 965 1622 ,
983 1591 1040 1613 cur
1053 1577 1124 1614 salis
1136 1606 1147 1622 ‚
1171 1589 1226 1612 aut
1237 1575 1375 1612 sacchari
1385 1606 1395 1621 ,
1413 1589 1470 1613 aut
1481 1579 1550 1612 duri
1564 1576 1694 1626 alterius
1713 1589 1790 1612 cor-

399 1633 486 1679 poris
505 1642 610 1679 partes
621 1628 824 1666 divellunt&
836 1631 1026 1678 exagitant?
1047 1640 1101 1663 cur
1117 1638 1209 1675 aquae
1227 1625 1329 1660 fortes
1350 1639 1420 1661 cum
1437 1638 1527 1662 tanta
1544 1625 1793 1662 effervescentia

401 1679 533 1716 metalla
545 1679 710 1714 exedunt?
726 1678 826 1714 Unde
837 1688 905 1713 tam
922 1678 1090 1724 inopinata
1103 1677 1210 1711 motio
1219 1703 1229 1718 ‚
1238 1673 1259 1709 fi
1269 1674 1355 1710 nulla
1367 1678 1504 1711 omnino
1513 1678 1546 1710 in
1557 1677 1593 1708 iis
1609 1678 1700 1721 aquis
1711 1688 1788 1723 prae-

400 1727 546 1764 cesserit?
573 1726 653 1775 Qio
669 1738 778 1761 autem
791 1726 880 1761 causa
890 1725 975 1761 illius
993 1727 1149 1760 motionis
1166 1723 1293 1758 facilius
1308 1722 1528 1771 perspiciatur,
1543 1724 1721 1771 adjicienda
1735 1724 1787 1759 est.

936 1821 1083 1857 Secunda
1107 1823 1134 1854 C
1136 1818 1226 1854 onclu
1222 1817 1281 1864 fio.

437 1925 616 1971 Liquorum
646 1921 784 1957 fluiditas
802 1920 821 1956 ὲ
841 1919 1003 1956 subtiliori
1016 1920 1227 1967 corporejugi
1242 1929 1334 1953 motu
1348 1918 1470 1966 agitato
1480 1915 1787 1965 proficiscividetur.

435 1975 514 2008 Haec
530 1970 688 2006 conclufio
701 2000 710 2014 ‚
724 1983 799 2005 curn
813 1981 852 2003 ex
875 1972 913 2003 iis
928 1982 996 2016 quae
1008 1981 1084 2003 mox
1101 1968 1237 2002 diximus
1251 1968 1290 2002 de
1300 1966 1466 2003 fluiditatis
1477 1977 1672 2009 natura,tum
1684 1967 1786 2002 etiam

401 2033 440 2056 ex
457 2023 494 2055 iis
509 2032 582 2068 quae
598 2019 758 2067 superiore
771 2020 910 2053 tractatu
922 2019 962 2052 de
977 2016 1070 2053 causis
1086 2028 1235 2051 motuum
1257 2015 1323 2052 sunt
1343 2015 1504 2063 explicata
1515 2043 1524 2057 ‚
1548 2014 1646 2050 facile
1667 2014 1788 2064 colligi-

402 2082 461 2108 tur.
474 2070 511 2103 Id
523 2081 623 2105 unum
647 2067 913 2116 inpraesentiarum
923 2067 1100 2101 admonere
1111 2065 1261 2100 volumus
1278 2065 1400 2110 ‚causas
1410 2063 1603 2100 mobilitatis
1627 2075 1698 2111 quae
1708 2064 1789 2099 inest

394 2118 506 2155 >fluidis
523 2116 713 2165 corporibus
729 2146 738 2160 ,
755 2115 860 2165 plures
877 2113 939 2149 effe
959 2113 1045 2163 posse
1059 2144 1067 2158 ‚
1081 2114 1135 2148 vel
1155 2113 1280 2162 spiritus
1299 2116 1386 2150 intus
1411 2112 1573 2148 conclusos
1584 2141 1592 2154 ‚
1615 2124 1651 2146 ur
1666 2115 1696 2146 in
1708 2115 1787 2147 vino

402 2171 479 2206 &in
492 2167 642 2216 sanguine
653 2166 728 2211 gvel
744 2166 860 2214 ignitas
874 2175 1003 2198 atomos
1021 2193 1031 2207 ,
1046 2165 1121 2198 utin
1140 2163 1281 2198 metallis
1297 2162 1385 2206 susp,
1400 2168 1434 2199 &
1447 2174 1528 2208 aqua
1543 2159 1786 2203 effervescente3

402 2218 454 2253 vel
465 2220 566 2252 eriam
581 2215 718 2259 cethem,
734 2227 791 2249 aur
807 2212 1002 2262 puriffimum
1020 2225 1093 2247 acra
1111 2212 1244 2259 liquoris
1258 2212 1386 2262 alicujus
1399 2213 1483 2260 potis
1500 2212 1717 2256 interceptum
1728 2238 1738 2252 ,
1749 2221 1786 2244 ut

402 2280 440 2302 ex
457 2265 552 2301 bullis
564 2277 636 2312 quae
653 2276 694 2299 ex
713 2262 888 2312 liquoribus
901 2264 933 2297 in
950 2261 1096 2296 machina
1107 2264 1313 2309 pneumatica
1323 2260 1490 2295 collocatis
1510 2257 1702 2292 attolluntur
1715 2257 1786 2292 col-

398 2316 497 2363 ligere
511 2315 563 2350 est.
578 2316 653 2349 Huc
668 2316 769 2348 etiam
790 2314 930 2361 pertinet
939 2313 1019 2345 aeris
1038 2309 1255 2345 incumbentis
1274 2308 1403 2359 prestio,
1416 2308 1537 2355 &jugis
1554 2315 1664 2341 motus
1676 2321 1684 2343 ι
1694 2307 1785 2354 quod

401 2363 510 2399 multis
529 2360 960 2412 experimentisconfirmanr
978 2363 1037 2395 viri
1051 2357 1229 2395 doc'tiffimi.
