1878 2724
462 93 825 134 TRACTATUS
870 95 1207 137 SECUNDUS.
1490 117 1521 139 η

204 149 314 196 Major
328 158 420 196 prop.
429 148 646 196 explicatione
672 148 775 195 magis
792 145 939 195 indiget,
953 159 1054 195 quam
1075 148 1282 196 probatione.
1322 150 1409 186 Cum
1432 118 1542 199 projef

154 199 241 235 &um
258 198 385 232 moveri
395 199 586 246 incipit,jam
597 195 913 239 determinatur,non
921 196 1022 232 modo
1038 197 1079 231 ad
1097 197 1303 246 praesentem,
1315 198 1367 234 sed
1384 201 1482 235 etiam
1497 203 1538 235 ad

154 246 341 294 sequentem
351 257 478 282 motum
490 274 501 290 ,
515 247 619 280 donec
627 247 788 280 contraria
796 245 836 280 ad
847 247 993 292 quietem
1015 244 1248 282 determinatio
1263 247 1424 283 accesserit
1436 263 1444 284 ε
1456 261 1536 297 ergo

154 295 206 332 vel
223 295 287 331 hoc
308 294 375 344 ipso
385 296 475 343 quod
491 308 558 330 non
570 293 655 329 adest
672 295 836 329 contraria
849 294 891 328 ad
906 296 1054 342 quietem
1079 295 1326 341 determinatio,
1351 310 1458 333 motus
1478 294 1536 346 qui

95 372 100 374 .
153 345 227 380 ante
237 343 302 380 fuit
318 373 327 388 ‚
345 344 450 379 adhuc
462 343 660 392 perseverat:
677 342 953 389 quemadmodum
977 355 1026 378 res
1041 344 1104 379 hoc
1117 344 1185 393 ipso
1202 347 1290 393 quod
1305 345 1469 394 quiescere
1488 350 1538 382 in-

151 396 249 442 cipit,
265 398 333 441 jam
343 393 560 429 determinata
574 392 620 428 est
633 403 668 428 ut
679 390 804 439 semper
813 391 954 440 quiescat
963 421 974 436 ‚
993 392 1100 428 donec
1113 396 1274 430 contraria
1285 397 1325 430 ad
1335 407 1465 431 motum
1477 396 1536 431 de-

153 445 341 478 terminatio
357 440 528 479 accerserit.

183 490 334 537 Confirm.
343 491 431 527 Cum
443 503 560 541 corpus
571 487 706 538 seipsum
717 499 774 523 aut
787 487 871 524 aliud
882 493 1101 533 movet,a&io
1114 490 1169 526 illa
1181 491 1261 528 nihil
1274 493 1317 528 est
1329 492 1418 527 aliud
1435 492 1536 541 quium

153 542 317 589 exigentia
338 551 489 575 creaturae
503 553 576 575 cum
585 538 696 572 divino
714 536 868 572 concursu
883 541 1068 587 conjuncia.
1085 541 1173 575 Rem
1186 543 1274 577 enim
1296 542 1316 578 ὲ
1334 541 1364 576 se
1388 544 1514 576 moveri
1527 571 1537 586 ,

152 602 221 624 non
239 589 286 623 est
297 588 384 624 aliud
395 589 496 637 quium
506 601 575 624 rem
587 589 620 622 in
630 585 758 621 divertis
768 586 848 622 locis
863 591 1019 624 continue
1034 594 1065 626 δε
1080 587 1251 625 succeffive
1269 592 1371 626 creati
1384 602 1424 625 ex
1446 589 1536 639 ipsius

153 639 201 672 rei
212 638 374 686 exigentia
389 649 487 686 :ergo
496 637 559 673 hoc
570 634 639 684 ipso
652 636 740 683 quod
759 637 940 685 proje&um
956 636 976 673 ὲ
997 639 1188 687 projiciente
1196 640 1236 673 ad
1253 651 1380 675 certum
1394 651 1535 682 motum,

151 691 187 723 &
199 697 322 721 certam
333 685 546 722 velocitatem
556 686 604 721 est
615 685 870 721 determinatum
882 714 892 730 ,
909 692 944 724 δι
957 686 1124 723 concursus
1139 699 1207 723 non
1227 688 1316 724 deest
1339 688 1413 724 huic
1429 689 1536 723 deter-

151 736 344 780 minationi,
358 734 411 771 vel
422 737 596 786 exigentiae
614 735 878 770 accommodatus
891 765 901 780 ‚
928 735 991 772 hoc
1010 734 1079 784 ipso
1097 747 1260 774 movetur.
1276 739 1535 775 Determinatio-

152 795 231 819 nem
247 783 326 820 vero
339 783 430 820 illam
446 785 467 822 ὲ
481 786 672 834 projiciente
686 786 808 832 excipit
822 796 920 834 :ergo
930 798 996 821 non
1008 786 1094 820 aliud
1115 785 1162 820 est
1181 789 1372 837 principium
1388 785 1534 823 intrinse-

150 844 226 868 cum
241 832 324 869 illius
341 846 449 869 motus
461 835 665 877 continuati,
685 833 784 881 quiim
802 835 964 883 impetus,
983 833 1036 870 seu
1054 835 1284 872 determinatio
1301 835 1366 887 ipsa
1391 836 1412 872 ὸ,
1437 838 1536 885 proji-

148 883 260 916 ciente
284 882 440 932 impreil'a.
807 885 811 888 ⁴

186 931 310 966 Utrum
323 943 434 967 autem
451 931 507 968 ille
520 932 658 980 impetus
676 959 686 974 ,
705 942 762 967 aut
774 931 1006 970 determinatio
1021 931 1058 971 fit
1079 935 1215 982 qualitas
1231 933 1382 982 quaedam
1394 934 1415 972 ὲ
1429 941 1536 984 proje-

151 980 207 1015 eto
217 979 361 1016 distincta
371 1009 383 1025 ,
397 994 468 1029 quae
477 993 606 1017 motum
621 978 722 1029 ipsum
739 992 793 1016 aut
807 980 948 1028 efficiat,
963 996 1019 1019 aut
1035 986 1146 1033 exigat
1156 1014 1165 1028 ,
1186 996 1237 1019 ma
1264 996 1305 1018 na
1321 987 1535 1020 contentione

150 1040 291 1064 certatur
307 1044 315 1066 :
333 1043 440 1077 neque
456 1031 490 1065 id
510 1032 621 1078 magni
641 1029 687 1064 est
707 1033 868 1066 momenti
885 1033 926 1068 ad
950 1033 1142 1083 explicanda
1166 997 1279 1069 motffis
1294 1032 1533 1082 phaenomena:

149 1088 326 1126 utrumque
340 1082 428 1114 enim
441 1078 703 1128 defendipotest.
721 1081 770 1114 Sit
780 1083 893 1128 itaque

680 1127 796 1162 Tertia
808 1129 839 1161 C
841 1128 989 1174 onclufio.

186 1176 393 1213 probabilius
410 1177 537 1213 videtur
549 1178 709 1223 impetum
719 1177 869 1224 projeffls
880 1177 1062 1227 impressum
1073 1192 1140 1214 non
1153 1176 1215 1215 effe
1224 1179 1417 1229 qualitatem
1428 1180 1450 1216 ἐι
1463 1192 1538 1216 mo·

149 1225 211 1261 bili
234 1227 423 1262 distinaam.

186 1275 279 1311 Proh.
295 1276 382 1311 Cum
396 1286 447 1309 res
459 1272 589 1322 seipsam
603 1285 716 1309 movet
732 1302 742 1317 ,
758 1272 778 1309 fi
799 1273 935 1310 alteram
959 1270 1106 1311 offendat
1134 1289 1206 1312 eam
1234 1275 1309 1311 loco
1329 1276 1535 1320 dimovebit,

151 1328 187 1361 &
203 1326 363 1373 impetum
381 1326 410 1359 ei
425 1322 683 1359 communicabit
698 1323 762 1358 hoc
781 1323 849 1372 ipso
867 1324 957 1372 quod
979 1324 1008 1359 se
1023 1337 1176 1370 moveat,
1193 1332 1226 1363 &
1245 1324 1281 1360 fir
1306 1325 1537 1376 impenetrabi—

150 1371 200 1407 lis.
210 1375 300 1410 Nam
311 1373 373 1408 hoc
384 1370 504 1421 posit0,
518 1378 551 1409 ὃ(
569 1374 658 1407 omni
675 1372 741 1407 alio
755 1373 902 1409 detraeio
914 1403 924 1417 ,
943 1385 994 1408 res
1006 1372 1070 1423 ipsa
1083 1377 1117 1410 in
1133 1388 1232 1423 quam
1247 1373 1372 1411 mobile
1387 1378 1535 1418 incurrit,

151 1424 290 1458 omnino
305 1433 472 1457 moveatur
486 1419 609 1456 necesse
618 1421 666 1456 est
680 1435 689 1458 :
703 1421 786 1457 adeo
801 1434 836 1457 ut
849 1423 931 1458 nihil
945 1435 1134 1471 permaneat
1154 1427 1187 1459 in
1201 1422 1342 1467 mobili,
1363 1423 1419 1460 nisi
1428 1425 1537 1460 detet-

152 1473 289 1506 minatio
304 1471 344 1506 ad
362 1470 460 1506 talem
473 1482 600 1505 motum
611 1499 621 1513 ,
640 1471 681 1506 de
694 1481 756 1518 qua
769 1475 836 1519 jam
849 1473 903 1507 diu
915 1471 1087 1520 loquimur.

158 1538 162 1545 ¹
189 1533 215 1555 2.
227 1520 310 1556 Illud
328 1519 554 1568 pervulgatum
567 1518 675 1555 afferri
685 1521 809 1568 potest,
830 1522 982 1557 entitates
999 1520 1112 1556 frustra
1139 1521 1347 1571 multiplicari
1359 1536 1426 1560 non
1435 1532 1537 1571 opor-

153 1579 223 1604 tere
234 1583 241 1604 :
252 1569 302 1603 sed
314 1568 401 1604 nulla
414 1569 460 1602 est
474 1566 638 1603 neceslitis
650 1568 806 1603 e'usmodi
824 1569 1018 1616 qualitatem
1034 1571 1208 1606 inducendi
1225 1599 1234 1613 ‚
1260 1583 1334 1617 quae
1349 1570 1486 1620 globum
1503 1583 1534 1604 v.

151 1628 199 1665 gr.
211 1618 228 1652 ὲ
240 1628 404 1652 tormento
422 1615 542 1651 bellico
558 1582 721 1665 explosiirn
735 1645 745 1660 ,
762 1628 817 1652 aut
828 1630 954 1652 currum
969 1618 1069 1655 vehat
1087 1633 1095 1654 :
1115 1631 1189 1654 cum
1206 1619 1263 1654 vel
1279 1618 1333 1653 illa
1347 1621 1388 1654 ad
1405 1630 1534 1654 motum

148 1667 401 1710 determinatio,
421 1665 462 1699 de
475 1677 539 1712 qua
561 1666 700 1702 diximus
715 1695 725 1710 ‚
740 1668 875 1701 omnino
891 1663 1046 1711 sufficiat,
1064 1667 1119 1703 vel
1135 1667 1258 1703 summa
1276 1667 1332 1702 illa
1351 1679 1468 1703 natura:
1485 1667 1538 1702 lex

151 1726 270 1761 quares
285 1726 418 1762 quaeque
435 1716 467 1748 in
483 1726 523 1749 eo
534 1714 612 1749 statu
623 1743 632 1758 ‚
654 1717 686 1748 in
709 1727 775 1762 quo
791 1716 834 1750 est
847 1744 857 1759 ,
878 1727 1067 1764 permanere
1076 1716 1214 1764 postulat
1229 1746 1239 1760 ‚
1260 1715 1317 1751 nisi
1331 1716 1374 1751 ab
1386 1716 1449 1751 alia
1461 1729 1537 1751 cau-

151 1763 181 1798 sa
198 1764 237 1798 de
254 1763 311 1798 illo
329 1763 411 1798 statu
424 1764 640 1800 dimoveatur.
667 1764 719 1799 Sic
732 1776 782 1798 res
794 1765 951 1812 quadrata
966 1763 1088 1813 semper
1099 1764 1233 1814 figuram
1245 1764 1330 1801 suam
1344 1777 1468 1808 tuetur,
1481 1764 1538 1800 nisi

151 1813 281 1848 aliunde
295 1825 332 1847 ca
344 1823 489 1848 mutetur
504 1812 614 1862 figura.
629 1813 797 1860 Qiodque
806 1813 909 1849 existit
920 1842 931 1858 ,
950 1812 1075 1862 semper
1092 1815 1227 1851 existere
1236 1814 1377 1864 postulat
1388 1844 1395 1857 ‚
1406 1819 1441 1852 &
1455 1814 1539 1850 nihil

150 1860 195 1897 sui
211 1861 302 1911 ipsius
317 1862 566 1898 destructionem
578 1861 721 1900 affeaat.
736 1862 838 1910 Qod
853 1862 968 1898 itidem
983 1862 1118 1910 quiescit
1130 1893 1140 1908 ‚
1161 1861 1286 1913 semper
1303 1863 1438 1912 quiescit
1449 1891 1459 1906 ,
1481 1862 1537 1899 nifi

152 1909 282 1946 aliunde
289 1923 418 1947 motum
433 1913 602 1960 acceperit.
623 1912 724 1960 Qod
735 1913 830 1961 igitur
838 1914 966 1947 moveri
978 1914 1110 1962 incipit,
1125 1915 1159 1950 in
1174 1924 1266 1949 motu
1276 1912 1469 1962 perseverat,
1482 1910 1539 1948 mfi

153 1959 231 2006 quid
248 1959 333 1995 aliud
350 1973 424 1996 eum
439 1972 567 1995 motum
589 1973 645 1996 aut
659 1962 822 2005 retardet,
841 1972 896 1996 aut
908 1960 998 1998 fistar.

189 2007 260 2052 3.1d
278 2007 324 2042 illi
342 2011 479 2056 impetui
489 2008 648 2057 peculiare
659 2011 804 2057 est,qu0d
815 2023 890 2046 cum
905 2010 1024 2046 nullam
1039 2010 1161 2047 habeat
1176 2011 1236 2047 fibi
1250 2012 1447 2048 contrariam
1459 2023 1540 2059 qua-

154 2055 299 2101 litatem,
311 2068 423 2092 tamen
435 2057 588 2106 paulatim
600 2058 718 2095 crescat
735 2074 743 2096 :
765 2060 854 2107 quod
869 2072 978 2109 neque
991 2063 1024 2098 in
1041 2060 1164 2096 lumine
1178 2091 1187 2105 ,
1206 2073 1315 2109 neque
1326 2063 1361 2096 in
1373 2060 1443 2094 aliis
1455 2073 1537 2106 qua-

152 2103 299 2140 litatibus
315 2117 444 2141 cernere
455 2107 509 2143 est.
525 2109 613 2143 Nam
633 2107 743 2144 lumen
758 2121 864 2144 totum
884 2111 918 2144 in
936 2122 1108 2146 momento
1126 2110 1327 2146 diffunditur.
1360 2110 1437 2144 Huc
1454 2109 1537 2143 adde

154 2156 314 2204 impeturn
324 2157 486 2190 moventis
506 2168 544 2190 ea
553 2159 680 2192 ratione
697 2160 863 2202 imminui,
882 2171 944 2206 qua
956 2166 1112 2209 maiorem
1124 2159 1276 2196 (ffe6kurn
1293 2162 1326 2194 in
1336 2156 1452 2193 mobili
1462 2169 1539 2205 pro-

155 2215 261 2248 (seat,
278 2205 367 2252 quod
382 2206 436 2239 vix
455 2207 581 2253 concipi
592 2205 706 2254 potest.
724 2210 798 2244 Nec
812 2208 932 2256 pendet
950 2209 971 2244 {i
985 2208 1038 2244 sua
1059 2211 1148 2244 caula
1165 2222 1200 2244 ut
1214 2207 1416 2243 conservetur
1434 2219 1441 2240 :
1462 2218 1537 2240 nam

155 2255 294 2302 impetus
314 2256 351 2289 in
379 2256 529 2302 projecio
554 2254 755 2303 perseverat:
768 2257 820 2291 sed
854 2258 942 2304 quod
960 2259 1006 2293 est
1033 2258 1211 2293 mirabilius
1225 2286 1233 2300 ‚
1262 2256 1384 2304 pendet
1402 2258 1540 2290 omnino

156 2300 198 2337 ab
216 2303 336 2339 effi&u
354 2301 407 2338 suo
432 2317 440 2339 ε
465 2305 548 2338 adeo
559 2315 594 2339 ut
610 2304 869 2350 statim-desinat,
887 2318 961 2341 cum
981 2307 1103 2342 nullum
1116 2306 1267 2341 efficium
1282 2314 1448 2352 procreat:
1471 2306 1540 2338 imo

128 2392 131 2397 ¹
158 2356 192 2388 ὃ(
208 2354 362 2388 minuitur
376 2381 386 2396 ‚
403 2365 478 2390 cum
495 2353 591 2390 alium
613 2357 770 2402 impetum
780 2353 888 2391 efficit.
921 2357 1014 2402 Qin
1035 2357 1134 2390 etiam
1153 2354 1232 2403 saepe
1246 2352 1361 2403 globus
1389 2355 1422 2389 in
1439 2352 1538 2389 alium

1283 2402 1373 2451 Q·
