1878 2724
542 107 957 147 DEPLANT1s
1375 132 1440 164 4„

586 206 799 244 CAPUT
862 208 920 244 in

368 303 422 340 De
438 306 639 357 vegetatione
645 306 802 352 ftminum
813 317 854 340 ex
866 306 923 340 M.
947 305 1149 356 Maspighio.

3 398 5 443 ,¹
22 399 176 491 “IDem
186 412 415 452 argumentum
431 402 470 437 de
491 404 700 451 vegetatione
720 400 876 437 seminum
895 404 947 437 M.
961 401 1161 451 Malpighius
1177 405 1211 439 in
1228 416 1317 452 parte
1338 409 1437 445 altera

2 485 3 490 ,
90 454 148 489 [uae
173 453 355 502 plantarum
375 462 541 487 anatomes
550 462 653 499 nuper
662 451 748 485 edita
763 478 774 493 ‚
791 449 830 486 fic
839 453 1054 498 pertractavit
1068 480 1077 495 ‚
1094 458 1126 489 δι
1148 453 1297 489 icombus
1313 458 1436 506 expres.

47 503 85 540 fit
98 532 108 547 ‚
123 514 159 537 ut
174 504 228 538 vix
242 502 419 548 quicquam
431 502 605 535 accuratius
621 498 787 534 desiderati
804 498 909 547 poffit.
926 500 1012 535 Cum
1024 503 1133 548 itaque
1145 503 1176 536 id
1195 503 1290 538 nobis
1310 504 1435 555 supro-

0 542 3 580 ζ
46 551 183 602 pofitum
201 561 236 585 ut
259 560 330 596 quae
352 549 454 583 nostra
472 547 668 596 potiffimum
681 560 775 584 aetate
789 549 861 584 sunt
878 548 1047 584 observata
1068 550 1276 598 diligentius,
1294 556 1326 589 in
1340 568 1436 590 unum

45 612 163 649 corpus
183 598 377 634 adducamus
391 627 400 642 ‚
419 611 485 632 non
498 598 770 633 committendum
783 610 928 647 putamus
946 610 982 633 ut
999 600 1061 632 viri
1071 599 1270 636 celeberrimi
1282 631 1292 646 ,
1306 609 1339 640 &
1359 616 1436 639 can-

47 650 114 684 didi
128 647 372 683 observationes
390 658 456 681 tam
474 647 638 694 praeclaras
652 649 852 682 omittamus.

71 699 119 734 Ac
135 696 381 745 primoquidem
392 695 475 730 licet·
488 695 595 731 semen
610 696 712 744 ipsum
724 697 812 743 quod
826 706 929 731 terrae·
937 697 1113 733 mandatur·
1123 723 1146 742 ,.-
1159 710 1312 747 tanquam
1335 714 1435 737 ovum

48 750 219 795 concipere
232 773 240 787 ‚
259 746 347 792 quod
360 744 466 779 calore
477 743 563 789 solis,
585 750 619 782 &
635 744 819 793 tepentibus
833 757 929 780 terrae
941 745 1095 782 halitibus
1106 747 1256 785 fovetur:
1269 751 1430 785 cortexil-

43 795 109 831 lius
127 795 264 831 humore
278 796 360 828 uteri
391 792 554 828 emollitus
578 806 697 841 aquam
720 794 898 841 pluvialem
922 795 1148 831 variis-salium
1175 797 1350 846 generibus
1370 799 1436 834 foe.

48 855 117 880 tam
135 844 278 879 admittit
304 856 313 878 τ
340 842 393 877 hic
414 842 528 878 humor
541 843 622 876 duos
636 842 766 878 seminis
783 842 974 878 lobossubit
986 871 996 886 ‚
1016 856 1088 879 cum
1110 844 1234 893 liquore
1254 846 1341 882 lobis
1355 861 1435 884 con-

47 904 142 929 tento
157 891 305 927 miscetur
322 891 416 927 :hinc
430 890 687 929 fermentatio&
706 903 815 927 motus
832 895 938 927 omnis
955 894 1156 942 principium.
1179 896 1281 932 Unde
1290 897 1444 945 quasplu-

47 941 175 979 volatili
189 940 354 976 abundant
365 952 431 984 ‚ea
453 939 640 988 plerumque
651 943 897 989 vegetationem
908 954 1130 990 promoventf

83 993 165 1026 Sunt
177 992 275 1039 igitur
289 988 494 1025 duoseminis
512 987 602 1033 lobi,
615 1000 697 1037 quos
717 989 843 1026 Author
859 990 1004 1025 laudatus
1018 992 1181 1028 seminalia
1200 994 1280 1030 folia
1292 994 1415 1031 vocitat
1425 1026 1435 1041 ‚

46 1037 574 1087 instarplacentaeinfanimalibus‘,
587 1040 711 1073 autovi
724 1037 899 1073 albumiuis
908 1038 963 1073 vel
977 1042 1075 1075 etiam
1087 1043 1231 1078 vitellini
1246 1046 1278 1078 in
1292 1044 1436 1082 alitibus,

47 1091 164 1124 Succus
179 1090 214 1123 in
227 1088 455 1136 corticeffgtani
464 1086 642 1135 percolatus
654 1116 664 1131 ,
674 1093 712 1124 A&
731 1090 763 1122 in
780 1086 874 1121 lobos
889 1098 1063 1136 penetrans
1073 1118 1083 1133 ,
1101 1103 1159 1139 per
1177 1091 1247 1126 vasa
1263 1092 1436 1129 umbilica-

47 1136 90 1173 lia
104 1139 137 1172 in
153 1148 299 1172 truncum
309 1134 456 1183 plantulae
473 1164 484 1179 ,
497 1141 531 1173 δι
549 1137 582 1172 in
600 1135 683 1171 illius
696 1137 837 1171 radicem
849 1138 995 1172 conicam
1018 1141 1186 1186 pervadit:
1203 1141 1277 1176 hinc
1298 1145 1436 1190 partium

47 1188 221 1235 vegetatio.
238 1185 339 1222 Unde
357 1185 463 1218 statim
476 1186 510 1219 in
525 1183 628 1229 lobis,
638 1185 690 1219 seu
701 1185 832 1221 infoliis
846 1184 1054 1220 seminalibus
1067 1187 1158 1223 color
1167 1191 1368 1234 immutatur,
1381 1204 1436 1227 ea..

47 1248 111 1283 que
120 1234 280 1270 interdum
293 1234 325 1268 in
335 1243 486 1280 maguam
498 1233 621 1269 molem
634 1233 827 1270 excrescunt.
841 1236 974 1268 Humor
992 1237 1024 1270 in
1041 1237 1078 1270 iis
1090 1236 1172 1272 lobis
1183 1239 1229 1272 est
1248 1238 1366 1275 lentior
1377 1269 1387 1284 ‚
1401 1243 1436 1275 ii.

47 1296 112 1332 que
127 1283 219 1319 succo
231 1285 263 1318 in
279 1281 455 1331 plantulam
466 1282 616 1317 traducite
626 1284 763 1319 omnino
777 1282 942 1318 tabescunt
954 1289 988 1321 δε
1005 1284 1155 1322 decidunt
1169 1302 1177 1324 :
1191 1286 1382 1338 plerumque
1397 1302 1449 1325 ea>

46 1332 127 1370 folia
146 1334 258 1369 eterra
267 1344 341 1366 cum
353 1330 444 1366 caule
455 1330 637 1375 ascendunt,
651 1335 729 1368 utin
741 1336 868 1368 minore
890 1331 968 1367 faba
982 1361 992 1376 ‚
1024 1333 1074 1369 seu
1090 1336 1125 1370 in‘
1145 1335 1300 1384 phaseolo
1315 1366 1326 1381 ,
1345 1342 1379 1375 &
1398 1342 1433 1374 in

48 1381 215 1417 cucurbita
227 1379 323 1429 3saepe
333 1382 366 1415 in
379 1378 450 1428 ipfis
460 1379 585 1416 haerent
600 1381 759 1417 radicibus
773 1386 806 1418 δι
826 1393 909 1415 terra
927 1380 1150 1429 obducuntur,
1165 1385 1253 1421 forte
1271 1398 1308 1422 ut
1328 1386 1433 1422 succus

49 1430 133 1467 lobis
151 1428 454 1465 contentustelluris
463 1440 574 1476 tepore
584 1429 746 1479 digeratur
761 1460 770 1475 ,
786 1436 819 1467 &
837 1441 1026 1467 maceretur.
1039 1432 1128 1468 Cum
1139 1446 1246 1470 autern
1264 1435 1366 1472 succus
1384 1436 1434 1472 fa.

47 1479 111 1515 cile
123 1478 321 1523 dsssokvstur,
335 1477 452 1513 sursum
461 1477 715 1514 lobiascendunt
727 1490 769 1514 ur
778 1479 1007 1514 volatilitatem
1026 1479 1113 1516 suam
1132 1483 1343 1532 consequatur
1357 1514 1366 1528 ,
1377 1497 1433 1520 aut

48 1526 187 1566 fortassis
205 1530 303 1563 etiam
320 1539 354 1562 ut
365 1527 534 1562 humorem
559 1526 600 1561 ab
617 1539 690 1562 aere
704 1539 887 1570 mutuetur,
911 1540 1044 1576 tumque
1055 1529 1201 1568 humor&
1223 1545 1315 1568 tertae
1336 1545 1432 1569 utero

48 1590 107 1628 per
129 1577 253 1612 caulem
272 1582 305 1613 δε
325 1576 467 1611 radicem
482 1574 630 1622 plantulae
643 1575 783 1612 sublatus
802 1577 888 1612 foliis
905 1575 1109 1613 seminalibus
1126 1580 1333 1620 distribuitur.

78 1629 145 1662 Res
155 1627 238 1660 adeo
248 1626 344 1674 digna
356 1625 398 1659 est
413 1637 482 1671 quae
493 1624 618 1672 aliquot
633 1626 834 1673 exemplis&
847 1625 954 1674 figuris
966 1626 1154 1665 illustretur.
1175 1632 1284 1679 Atque
1295 1643 1330 1666 ut
1344 1631 1364 1668 a
1375 1645 1433 1668 cu-

49 1674 179 1711 curbitae
190 1674 307 1709 semine
316 1685 390 1708 cum
401 1673 586 1722 Malpighio
596 1672 752 1709 sumamus
763 1675 929 1710 exordium
940 1703 949 1718 ‚
965 1687 1039 1710 caro
1057 1675 1142 1713 illius
1153 1707 1164 1721 ,
1184 1691 1220 1714 ut
1241 1692 1386 1728 raparum
1398 1687 1432 1718 δε

49 1723 180 1760 {affiicae
193 1753 202 1767 ‚
211 1723 382 1771 postquam
395 1726 428 1758 in
442 1734 532 1758 tetrae
543 1734 634 1758 utero
649 1722 712 1758 sata
722 1724 769 1759 est
783 1752 794 1767 ,
806 1729 840 1761 δε
849 1724 941 1758 instar
959 1726 1014 1758 ovi
1029 1725 1202 1770 incubatag
1223 1730 1257 1763 in
1267 1741 1269 1744 ¹
1280 1742 1433 1778 magnam

48 1773 206 1810 foliorum
223 1771 345 1807 molem
358 1783 490 1821 augetur
506 1801 516 1816 ,
530 1784 569 1806 ac
579 1774 685 1820 ptimo
705 1774 838 1820 quidem
854 1785 892 1808 ex
908 1771 1019 1807 obtusa
1032 1773 1157 1810 seminis
1179 1788 1270 1825 parte
1291 1778 1434 1826 plantula

48 1820 126 1871 ipsa,
143 1820 194 1856 seu
205 1832 339 1870 germen
348 1824 506 1870 erumpit:
521 1825 604 1869 quus
621 1821 718 1856 caulis
732 1835 788 1870 per
798 1822 931 1858 fibrosos
945 1820 1110 1858 fasciculos
1128 1824 1296 1860 cumlobis
1307 1826 1432 1863 seminis

50 1870 216 1907 manifeste
235 1871 439 1905 connectitur
455 1887 466 1913 3
485 1883 522 1905 ac
544 1869 633 1905 fibrae
649 1870 709 1904 illae
723 1871 818 1918 usque
843 1871 884 1905 ad
901 1872 1048 1906 conicam
1076 1874 1215 1910 radicem
1230 1876 1393 1923 produEtae
1412 1876 1432 1911 fi

50 1919 107 1955 soli
120 1918 314 1967 objiciantur
328 1947 337 1962 ‚
353 1925 386 1956 &
400 1919 494 1954 caulis
508 1919 698 1967 plantulaein
712 1919 844 1969 longum
857 1919 986 1965 secetur,
997 1922 1118 1968 punQa
1137 1924 1287 1971 quaedam
1297 1925 1434 1960 exhibe-

50 1968 135 2003 bunt
150 1997 159 2011 ‚
170 1979 239 2013 quae
253 1969 354 2015 prima
368 1966 437 2003 sunt
455 1968 595 2003 radicum
617 1970 753 2004 exordia.

85 2017 171 2052 Cum
184 2014 290 2050 semen
301 2015 376 2050 illud
387 2028 443 2063 per
456 2017 541 2051 diem
549 2019 710 2065 integrum
725 2020 757 2053 in
779 2030 859 2053 terta
871 2019 1038 2055 conditum
1059 2021 1120 2056 fuit
1138 2050 1148 2064 ,
1163 2032 1232 2057 tum
1253 2023 1432 2070 aliquantu-

51 2067 118 2101 lum
140 2063 321 2100 intumescit
338 2080 347 2106 3
377 2076 416 2098 ex
429 2067 547 2100 cortice
567 2067 724 2101 exteriore
734 2067 898 2115 paululum
910 2071 1089 2117 compreffo
1097 2070 1213 2105 humor
1228 2074 1433 2120 exprimitur3

50 2115 200 2150 foramen
211 2115 242 2148 in
263 2112 328 2160 ipso
342 2116 433 2161 apice
449 2116 624 2150 excitatum
634 2125 724 2164 patet
735 2117 883 2151 den-acio
894 2117 951 2152 illo
968 2122 1088 2154 cortice
1099 2131 1251 2167 tanquam
1269 2121 1367 2156 foetus
1383 2120 1433 2156 se-

51 2164 189 2199 cundina
203 2191 212 2205 ,
227 2165 366 2197 occurrit
378 2162 439 2196 alia
457 2162 646 2199 membrana
671 2166 782 2201 viridis
807 2171 840 2203 δέ
858 2168 983 2201 madida
998 2196 1007 2209 ,
1023 2170 1066 2202 ita
1078 2180 1187 2203 utnon
1197 2181 1278 2216 aegre
1293 2169 1431 2204 divella-

52 2223 103 2247 tur
125 2212 145 2248 ὲ
165 2210 248 2247 lobis
263 2227 271 2254 3
290 2210 439 2259 plantulae
462 2225 591 2261 gemma
609 2212 667 2248 suis
685 2213 806 2249 foliolis
819 2215 994 2251 convoluta
1011 2216 1049 2251 fit
1064 2220 1216 2264 apertior.
1242 2217 1359 2251 Altero
1377 2218 1431 2253 die

51 2263 164 2297 exaCm
177 2260 317 2310 plantula
328 2262 478 2305 tumidior
492 2273 625 2310 apparet
641 2279 650 2305 ;
668 2261 752 2298 secta
763 2277 819 2312 per
835 2266 978 2300 medium
999 2264 1094 2300 fibras
1108 2265 1228 2312 ligneas
1238 2294 1247 2309 ,
1267 2266 1407 2301 tracheas
1419 2297 1431 2312 ,

54 2311 236 2347 &radicum
248 2310 378 2345 exordia
391 2310 505 2349 clarius
524 2310 682 2349 exhibets
699 2315 815 2351 Tertio
834 2314 887 2349 die
900 2314 1006 2364 elapso
1020 2319 1086 2363 >jam
1104 2316 1215 2349 conica
1236 2316 1322 2350 radix
1335 2327 1429 2351 exte-

1113 2364 1154 2399 M
1164 2376 1196 2399 m
1207 2377 1239 2400 m
1264 2365 1284 2411 ij
