1878 2724
24 0 49 75 ,

24 88 30 104 ι
44 81 45 85 ,

24 114 27 125 ι

18 147 31 204 g
41 166 42 183 2

527 109 597 145 DE
634 107 988 145 Possumus.
1402 125 1460 162 439

75 163 132 198 'lut
146 159 253 198 anima
266 155 433 206 plumbum
459 155 612 195 subierit:
628 171 704 194 nam
719 160 752 192 in
766 158 891 206 cupella
908 158 1095 206 probatoria
1108 185 1118 202 ,
1141 158 1240 207 vulgo
1258 159 1291 193 la
1303 164 1460 208 cowelle,

18 207 39 256 δ,
83 222 204 248 tantum
214 208 338 257 argenti
349 205 470 255 praebet
487 206 654 255 plumbum
665 237 674 251 ,
686 218 840 255 quantum
854 219 929 243 ante
939 208 1107 242 admistum
1128 207 1211 243 fuit:
1224 213 1258 244 &
1280 220 1389 244 tamen
1408 212 1458 248 hie

37 289 38 297 ,
80 259 150 296 fere
163 259 250 293 idem
264 256 353 304 quod
363 258 394 291 in
404 255 570 291 cinnabari
582 258 761 304 contingit:
775 269 852 291 nam
865 268 968 292 totum
985 268 1154 306 argentum
1167 256 1336 304 plumbum
1355 259 1459 297 fusum

36 308 37 340 l
80 306 307 356 subiit2pulv1s
324 317 402 340 vero
413 307 600 352 quiinnatat
612 334 622 349 ,
633 306 714 342 nihil
731 305 776 339 est
787 317 899 353 praeter
907 307 1076 354 particulas
1095 305 1229 355 plumbi,
1245 318 1324 355 quas
1336 307 1456 357 spiritus

33 359 36 387 ἑ

28 460 35 578 ll

25 580 31 689 l

80 363 167 405 aquae
185 357 279 391 fortis
298 356 332 390 in
346 356 471 403 argenti
490 354 578 389 calce
592 354 768 402 superstites
786 355 971 390 exederunt.

110 409 151 441 ln
167 407 207 440 iis
228 402 379 440 omnibus
396 402 482 438 nulla
496 403 534 438 fit
545 403 778 447 transmutatio,
794 415 854 438 nec
868 403 994 438 metalli
1018 405 1050 439 in
1059 403 1112 438 sua
1129 407 1284 453 principia
1294 404 1457 444 resolutio:

76 453 128 490 sed
142 453 252 489 localis
263 455 416 487 duntaxat
432 452 603 490 transsatio.
632 454 741 500 Atque
762 453 848 486 idem
869 452 937 488 fere
954 452 1125 496 usuvenit,
1137 454 1226 500 quod
1244 457 1276 490 in
1292 467 1374 502 aqua
1390 455 1459 491 for-

75 505 100 538 ti
110 530 120 546 ,
138 514 208 550 quae
221 514 257 537 ut
274 514 387 536 omnes
408 512 528 537 norunt
540 530 550 545 ,
564 513 732 551 argentum
744 499 908 544 diffolvit,
923 515 990 537 non
1004 514 1125 538 aurum.
1138 506 1253 551 Itaque
1262 503 1335 538 crim
1349 505 1458 540 Borel-

75 550 109 586 lo
118 553 314 587 admonente
337 563 429 598 aquae
443 549 533 587 fortis
557 550 608 586 sex
623 552 722 586 unciis
732 551 798 585 duae
809 549 877 585 salis
894 553 1012 586 marini
1033 554 1133 586 unciae
1155 551 1294 587 admistae
1321 552 1457 598 fuissent,

73 611 154 647 aqua
164 613 249 649 pene
263 610 334 634 tota
346 598 552 635 distillatione
565 602 706 635 extracta
717 603 784 647 jam
797 598 910 647 regalis
929 599 1016 635 fasta
1029 600 1075 634 est
1090 617 1099 644 ;
1112 603 1233 648 quique
1252 603 1287 636 in
1299 602 1367 636 imo
1379 603 1457 639 vafis

72 647 114 684 sal
131 648 284 698 superfuit
296 677 307 692 ,
320 661 385 683 non
404 650 514 695 utique
529 649 571 683 est
585 648 626 683 sal
639 650 777 684 marinus
788 676 797 691 ‚
814 646 867 682 sed
877 647 920 686 sal
944 660 1038 692 etrae,
1057 652 1114 696 qui
1127 649 1284 685 carbones
1296 653 1456 696 accendit,

72 702 202 746 &aquae
216 697 384 734 exstillatae
403 696 524 746 guttula
543 698 711 746 vestigium
722 699 786 732 auri
797 699 830 732 in
841 661 947 746 lapidee
956 697 1047 746 lydio
1061 695 1213 734 dissolvit.
1228 700 1275 734 Ac
1288 698 1376 734 forte
1399 712 1455 735 ea-

70 746 146 782 dem
169 747 215 782 est
225 748 309 782 ratio
321 775 331 790 ,
344 758 414 794 qua’.
424 744 602 782 cinnabaris
616 760 712 783 :nam
727 745 767 780 sal
788 747 923 781 marinus
938 759 1056 794 aquam
1068 746 1188 782 fortem
1210 746 1310 791 subit,
1320 753 1354 785 ὅ(
1366 748 1454 796 spiri-

71 805 120 830 tus
132 796 206 831 nitri
224 808 262 830 ex
275 808 340 843 quo
354 807 439 843 aqua
461 794 552 830 fortis
565 795 690 831 constat
699 823 710 840 ,
727 797 759 830 in
771 793 968 843 salempetrae
981 807 1106 831 remeat
1120 797 1226 844 :quod
1238 796 1292 832 sali
1306 797 1371 834 fixo
1383 811 1455 834 ma-

50 856 53 860 ’
71 846 132 879 tini
155 843 224 879 salis
244 843 447 888 adhaerescat.

109 895 188 941 Jam
205 892 286 928 nihil
305 891 427 928 necesse
446 893 488 927 est
503 903 540 927 ut
565 894 606 928 de
624 893 828 929 metallorum
843 890 1107 928 transmutatione
1126 893 1188 928 hoc
1207 893 1280 929 loco
1293 894 1450 933 dicamus:

62 953 143 976 ¹cum
160 941 215 976 alii
243 954 316 978 eam
342 940 524 990 posfibilem
551 970 561 985 ‚
581 941 637 977 alii
669 945 795 991 penitus
824 940 1052 989 impossibilem
1076 953 1211 989 putent;
1234 941 1374 991 utrisque
1390 944 1451 980 sua:

68 992 209 1025 rationes
223 1004 289 1026 non
300 991 421 1027 desum.
444 993 490 1026 Ac
502 990 649 1039 plerique
661 1003 700 1027 ex
723 990 930 1038 Alchymistis
942 992 975 1026 in
994 1003 1030 1025 ea
1047 989 1118 1026 sunt
1131 990 1286 1027 sententia
1301 1021 1311 1036 ,
1337 1004 1372 1028 ut
1390 1007 1451 1042 pu-

68 1049 138 1075 tent
150 1039 282 1075 metalla
299 1053 366 1075 non
384 1039 487 1088 specie
501 1068 510 1083 ,
526 1040 578 1074 sed
588 1038 736 1089 gradibus
749 1039 879 1075 differre
895 1053 903 1075 ε
919 1039 1002 1074 adeo
1014 1050 1050 1074 ut
1067 1043 1213 1075 omnium
1234 1053 1298 1076 una
1314 1047 1347 1078 &
1361 1055 1451 1078 com-

67 1090 172 1122 munis
189 1087 225 1123 sit
242 1090 335 1137 origo
353 1117 362 1131 ,
380 1089 494 1123 eadem
509 1087 567 1123 sint
585 1089 781 1136 primordia,
795 1087 886 1122 solius
898 1086 960 1121 loci
971 1099 1024 1122 aut
1046 1090 1186 1123 matricis
1205 1088 1402 1135 diversitate,
1413 1104 1451 1127 ae

66 1139 257 1172 maturitatis
269 1138 370 1186 gradu
389 1149 426 1170 ea
444 1138 589 1186 distingui
603 1136 800 1172 arbitrentur
817 1165 826 1180 ,
848 1141 882 1172 &
900 1148 941 1171 ex
954 1135 1065 1171 iisdem
1077 1139 1146 1171 erui
1168 1139 1300 1172 mineris
1326 1140 1450 1175 diversa

66 1185 206 1221 metalla.
224 1188 270 1222 Ac
286 1186 424 1221 multum
440 1198 550 1221 eorum
564 1185 837 1221 interestmetalla
848 1187 959 1221 omnia
969 1187 1003 1221 in
1014 1197 1112 1220 unam
1126 1185 1265 1234 speciem
1274 1187 1446 1225 conclude.

65 1245 119 1277 re,
131 1246 167 1269 ut
181 1233 270 1269 elixir
293 1233 380 1269 suum
395 1262 404 1277 ,
418 1233 466 1269 seu
479 1233 621 1283 lapidem
640 1234 910 1282 Philosophorum
923 1244 1079 1268 tueantur.

109 1282 174 1318 Alii
191 1286 247 1331 qui
261 1283 441 1319 metallaex
459 1285 552 1318 certis
564 1282 702 1318 seminiis
720 1282 853 1318 formari
867 1293 1002 1331 putant,
1020 1281 1160 1316 diversas
1181 1283 1314 1330 quidem
1332 1284 1447 1320 metal-

65 1330 169 1366 lorum
192 1338 226 1369 &
249 1332 413 1368 distinctas
432 1331 550 1379 species
565 1332 760 1382 agnoscunt5
782 1331 833 1367 sed
855 1345 924 1370 non
937 1333 1095 1368 continuo
1119 1332 1159 1365 de
1181 1331 1446 1368 transmutatione

65 1378 232 1428 desperant
251 1392 346 1417 :cum
367 1379 497 1416 nihilsit
511 1383 542 1416 in
564 1392 677 1415 natura
704 1393 769 1417 tam
794 1379 958 1429 vulgatum
981 1392 1079 1427 quam
1103 1379 1276 1428 specierum
1299 1394 1446 1418 commu-

65 1431 157 1466 tatio.
176 1432 249 1466 Nec
267 1432 381 1465 mirum
396 1459 406 1472 ,
420 1432 568 1476 inquiunt
580 1459 589 1472 ‚
605 1428 626 1463 fi
636 1429 768 1465 metalla
783 1441 853 1477 quae
868 1440 941 1463 cum
957 1441 1034 1463 auro
1044 1428 1220 1477 composita
1235 1429 1306 1465 sunt
1325 1433 1444 1479 imper-

63 1477 151 1512 festa
162 1507 171 1522 ,
190 1477 246 1513 ubi
260 1477 311 1513 suo
326 1478 439 1513 sulfure
452 1483 669 1522 exuuntur,&
686 1481 718 1514 in
733 1489 942 1513 communem
953 1476 1150 1512 resolvuntur
1165 1481 1447 1527 materiem‚quatn

65 1529 256 1562 mercurium
275 1526 335 1561 ell'e
355 1527 468 1562 volunt
480 1555 489 1568 ‚
503 1529 536 1562 in
549 1539 658 1562 aurum
677 1525 848 1569 facessant,
865 1524 922 1560 ubi
942 1528 1008 1560 auri
1026 1525 1141 1560 sulfure
1158 1538 1311 1574 tanquam
1338 1530 1444 1562 anima

63 1575 288 1611 informantur.
315 1577 443 1610 Humor
456 1604 464 1618 ,
480 1577 628 1622 inquiunt
640 1605 648 1618 ,
664 1578 721 1623 qui
734 1575 858 1609 arboris
869 1574 989 1608 radices
1000 1573 1143 1609 illabitur
1155 1603 1164 1618 ,
1185 1577 1215 1610 in
1226 1574 1316 1623 ipsius
1325 1575 1442 1624 plantae

60 1635 210 1658 naturam
223 1626 422 1659 convertitur
436 1642 445 1668 3
458 1624 613 1659 alimenta
623 1627 655 1659 in
668 1625 850 1671 sanguinem
862 1653 871 1666 ‚
889 1623 939 1657 hic
956 1624 988 1657 in
1002 1634 1132 1658 carnem
1148 1622 1234 1668 abit,
1252 1636 1288 1658 ac
1302 1636 1444 1660 totana..

59 1682 132 1706 tura
145 1673 192 1707 his
204 1673 439 1708 mutationibus
454 1673 547 1721 plena
562 1674 620 1708 est.
648 1675 725 1707 Hoc
735 1672 837 1721 ipsum
849 1671 956 1706 multis
975 1671 1130 1720 exemplis
1144 1683 1200 1707 aut
1213 1672 1294 1707 falsis
1305 1702 1314 1717 ‚
1324 1684 1378 1709 aut
1388 1687 1442 1709 ve-

16 1720 18 1722 ’
60 1722 104 1754 ris
123 1720 316 1757 confirmare
335 1722 509 1757 moliuntur
522 1750 531 1763 ,
560 1721 681 1757 serrum
700 1725 731 1756 in
751 1721 924 1769 chalybem
939 1748 948 1762 ‚
964 1719 1133 1768 plumbum
1150 1723 1182 1755 in
1200 1722 1345 1757 stannum
1360 1752 1369 1766 ,
1385 1736 1441 1758 au-

60 1771 235 1805 timonium
253 1773 286 1805 in
300 1770 467 1819 plumbum
486 1773 634 1806 converti
651 1770 860 1819 pertendunt.
878 1769 999 1804 Multas
1010 1781 1142 1816 quoque
1152 1770 1358 1805 authoritates
1369 1784 1441 1819 gra-
1480 1786 1482 1789 ·

59 1817 258 1854 *viffimorum
276 1819 455 1855 Authorum
472 1819 608 1855 affixum
620 1849 631 1863 ,
651 1826 684 1857 δε
712 1819 879 1862 historias,
907 1829 986 1866 quas
1003 1818 1056 1853 vel
1074 1817 1130 1866 ipsi
1148 1829 1299 1863 texuere,
1319 1819 1372 1856 vel
1397 1819 1438 1857 ab

57 1866 135 1901 aliis
149 1868 247 1903 delufi
266 1880 467 1917 acceperunt.
1106 1902 1107 1905 ,

89 1919 130 1951 Et
139 1915 214 1952 sane
224 1931 295 1952 cum
309 1917 439 1953 metalla
453 1919 592 1966 partium
600 1915 734 1952 craffitie
748 1945 758 1960 ,
775 1917 891 1966 figura,
902 1927 1079 1960 contextu,
1095 1921 1128 1953 &
1149 1915 1218 1951 aliis
1233 1916 1253 1950 si
1275 1930 1347 1965 quae
1359 1916 1417 1952 [int
1430 1925 1443 1961 ‚⁴

56 1965 255 2000 mechanicis
266 1966 495 2002 affectionibus
510 1968 592 2001 inter
606 1965 636 2000 se
652 1964 831 2013 discrepent
841 1996 850 2009 ,
869 1965 956 2000 forte
967 1979 1033 2000 non
1050 1967 1185 2002 omnino
1199 1966 1245 2000 est
1256 1965 1438 2015 impossibi-

64 2012 102 2048 lis
117 2013 170 2048 illa
186 2013 405 2050 transmutatio
417 2027 498 2062 ,qua
514 2025 620 2062 partes
641 2014 760 2060 vilioris
770 2014 901 2050 :metalli
912 2014 1090 2050 nobilioris
1105 2026 1266 2051 texturam
1285 2027 1340 2051 aut
1361 2015 1440 2063 figu-

63 2075 134 2098 ram
155 2064 285 2112 adipisci
303 2075 431 2110 queant.
455 2064 516 2098 Sed
532 2061 605 2097 cum
624 2075 662 2097 ea
679 2074 804 2098 textura
816 2091 826 2106 ‚
849 2076 905 2098 aut
928 2062 1025 2111 figura
1040 2061 1076 2097 fit
1090 2062 1184 2098 nobis
1198 2066 1362 2112 incognita
1377 2093 1385 2107 ,
1407 2069 1440 2100 &

64 2115 270 2158 quantumvis
285 2124 455 2161 argentum
469 2113 561 2146 variis
574 2113 746 2159 pigmentis
760 2115 828 2146 auri
843 2111 985 2148 colorem
997 2112 1107 2148 induat
1118 2140 1128 2155 ,
1142 2114 1196 2147 vix
1210 2112 1292 2146 illius
1314 2113 1436 2160 pondus

64 2159 180 2207 assequi
196 2160 307 2210 poffit,
325 2175 361 2196 ea
375 2161 447 2196 sane
459 2161 679 2196 transmutatio
692 2173 726 2195 ut
748 2159 945 2209 impoffibilis
961 2160 1111 2196 habenda
1127 2161 1173 2195 est
1187 2175 1194 2196 :
1209 2173 1279 2195 cum
1296 2173 1336 2196 ne
1357 2172 1436 2194 unus

63 2210 197 2255 quidem
217 2212 233 2246 ὲ
249 2211 393 2246 millibus
406 2212 479 2246 voti
494 2208 537 2243 sui
548 2221 679 2257 compos
692 2208 853 2245 efficiatur.
866 2210 965 2245 Unde
981 2211 1068 2244 enim
1082 2221 1170 2244 tanta
1187 2221 1287 2256 grano
1298 2209 1436 2256 pulveris

65 2257 187 2293 aurifici
204 2261 304 2294 virtus
318 2289 327 2303 ‚
340 2272 376 2295 ut
389 2257 512 2308 plumbi
527 2257 655 2293 massam
670 2260 701 2293 in
712 2261 779 2294 ictu
788 2258 872 2294 oculi
884 2259 1010 2308 propria
1022 2258 1125 2293 forma
1141 2268 1246 2299 exuat,
1260 2262 1292 2292 &
1308 2259 1336 2290 ei
1349 2256 1439 2291 colo-

56 2316 132 2341 -rern
143 2335 153 2349 ,
169 2306 356 2345 firmitatem
368 2338 377 2352 ‚
396 2321 433 2343 ac
447 2307 569 2357 pondus
588 2307 758 2355 largiatur?

90 2356 373 2404 ·Setl,inqninnt5ex
384 2357 493 2394 iisdem
503 2359 664 2406 principiis
673 2359 751 2393 aur'u
760 2362 793 2394 &
802 2367 970 2404 argentum
979 2356 1145 2398 ducuntur,
1155 2364 1253 2402 atque
1263 2365 1339 2389 auro
1348 2354 1437 2392 omui
