1878 2724
534 149 701 189 PARS
733 148 966 190 TERTIA.
1415 175 1444 197 χ-

58 198 164 254 ‘partes
177 203 319 251 corporis
333 201 388 237 vel
399 202 537 238 multum
547 200 668 237 diffitas
680 205 809 251 integrae
819 204 982 239 ducuntur.
1009 203 1100 250 Quin
1117 209 1150 241 ὃ(
1168 202 1300 254 singulas
1317 174 1440 245 fleniz-²

60 267 128 289 tum
141 252 273 288 fibrilias
287 253 339 299 pia
352 264 453 286 mater
469 252 608 287 involvit
618 282 627 296 ‚
641 265 705 299 quo
717 251 775 286 fiut
787 251 947 287 solidiores
957 282 966 295 ,
986 258 1018 289 &
1041 257 1142 302 magis
1155 254 1299 302 exquisiti
1314 256 1436 294 sensus:

60 316 125 339 non
137 302 221 337 secus
232 312 329 347 arque
340 302 372 336 in
390 299 483 335 rnaffa
497 313 644 349 argentea
659 314 731 334 curn
749 302 915 335 deauratur
926 329 935 343 ,
948 301 1000 336 fila
1013 307 1080 350 ejus
1094 303 1209 338 arctius
1220 308 1393 351 contracta,
1405 314 1439 344 ἃς

61 351 184 399 longius
199 351 354 399 produCla
372 352 572 385 aurcitidem
585 349 799 384 obducuntur.
818 352 870 383 Sic
881 349 1004 397 spiritus
1023 364 1078 396 per
1093 364 1194 386 cerras
1208 356 1327 400 quique
1337 354 1439 391 fibril-

60 401 106 435 las
121 401 159 433 ad
175 411 278 446 partes
293 397 409 445 qulbus
426 411 471 432 eae
485 398 676 440 inseruntur,
704 397 827 446 impulsi
849 411 964 433 animae
976 399 1052 447 juss'a
1071 400 1195 435 facilius
1216 414 1418 448 exequuntur
1430 434 1440 449 ,

58 462 157 496 quam
171 448 190 482 si
202 450 341 483 nervulis
355 459 538 495 aptarentur
549 447 684 482 valvulae
694 475 703 490 ,
714 449 789 481 utin
802 449 911 481 venis:
925 460 997 494 quae
1012 449 1029 482 ἐι
1040 449 1185 483 Cartefio
1199 452 1356 498 ingenioli
1377 453 1439 489 fin-

58 509 187 546 guntur:
205 497 255 531 sed
269 496 429 544 finguntur
444 508 564 532 tamen.
578 499 763 532 Nervorum
774 495 880 529 tubuli
891 497 945 531 vel
958 496 1026 531 sunt
1046 501 1193 532 excavati
1208 528 1211 533 ,
1229 500 1280 533 vel
1292 503 1439 536 innume-

59 557 111 581 ros
123 558 247 580 meatus
259 546 327 580 fere
335 556 370 579 ut
383 558 507 588 cannae,
520 544 571 579 seu
581 545 752 579 arundines
767 545 879 579 indicae
890 546 1078 581 admittunt.
1097 550 1166 581 Hos
1181 550 1292 594 utique
1304 551 1440 597 implent

60 607 127 631 non
141 595 263 642 spiritus
281 594 444 641 modoqui
458 594 553 628 instar
567 594 644 628 lucis
668 591 732 627 sese
746 594 837 628 latius
855 593 1034 640 explicant:
1049 595 1099 629 sed
1121 599 1220 630 etiam
1243 597 1344 644 liquor
1367 613 1440 634 ner-

58 650 152 685 v'euS,
168 645 224 690 qui
237 643 360 691 spiritus
373 644 574 686 continet‚&
591 642 628 676 ad
646 650 751 689 partes
765 654 878 676 omnes
896 646 1039 690 corporis
1054 644 1201 687 vehit‚ac
1214 645 1299 679 forte
1317 647 1439 682 viscosi-

57 701 126 727 tate
140 692 188 727 sua
200 693 334 739 impedit
345 704 387 726 ne
404 690 612 728 iidifflentur.
628 694 743 738 Itaque
754 690 856 725 succus
875 691 930 725 ille
944 694 976 726 in.
988 691 1109 726 cerebri
1121 695 1239 727 cortice
1254 695 1438 740 exstillatus,

59 744 95 776 in
114 741 285 775 medullam
295 740 508 788 oblo‘ng'atam
523 743 662 789 primurn
677 769 686 782 ‚
697 746 727 775 ὅ(
746 742 777 774 in
793 739 945 787 spinalem
961 768 969 783 ,
985 752 1020 774 ut
1034 743 1065 775 in
1083 754 1187 776 arcam
1205 745 1317 791 organi
1335 758 1439 791 pneu-

58 792 181 833 matici,
197 801 264 825 tum
279 792 439 824 iuneti-os
454 795 608 826 &eorum
618 789 732 833 fibras,
746 800 900 836 tanquam
915 791 950 823 in
964 788 1108 833 tubulos,
1122 804 1187 825 non
1199 796 1353 841 praecipiti
1363 794 1440 837 ‚sed

59 839 189 888 placido
205 850 297 874 motu
310 838 462 874 defertur.
484 856 488 859 ·
1128 874 1134 877 .

97 895 138 931 30.
163 888 214 921 Ut
239 899 351 922 omnes
366 887 552 922 animalium
573 898 679 921 motus
702 899 767 921 non
786 885 855 921 sunt
870 887 1070 929 uniusmodi,
1088 886 1126 921 fic
1138 891 1231 924 nervi
1249 891 1304 936 qui
1323 891 1438 927 horum
1460 908 1464 912 ⁴

59 947 206 971 motuum
217 935 284 970 sunt
294 934 427 984 opifices
440 963 449 976 ‚
466 949 531 970 non
549 936 688 970 eandem
699 933 823 969 habent
836 937 1005 983 originem.
1034 939 1103 988 Qi
1126 949 1230 972 motus
1245 938 1438 986 spontaneos

58 995 192 1020 exerunt
208 1014 217 1027 ,
234 985 332 1018 iidem
346 987 446 1033 magis
461 985 604 1031 pendent
615 983 779 1019 acerebro
791 1013 799 1027 ‚
815 986 898 1030 iique
908 984 1077 1019 amedulla
1091 984 1268 1034 oblongam
1287 993 1318 1024 ἃ·
1329 990 1440 1036 spinali

58 1036 210 1070 oriuntur.
230 1035 299 1082 Qi
312 1044 394 1068 vero
409 1033 521 1067 vitales
533 1034 733 1069 &naturales
750 1043 856 1066 motus
877 1031 1024 1068 efficiunt
1036 1063 1044 1076 ,
1055 1033 1151 1069 nobis
1166 1038 1268 1069 iniciis
1280 1041 1312 1071 ὃς
1328 1040 1440 1072 invitis

59 1086 268 1130 tamquamin
283 1093 458 1125 automate‚
474 1083 572 1116 iidem
583 1082 603 1117 ὲ.
625 1080 787 1115 cerebello
802 1081 988 1117 dimanant:
1011 1081 1135 1129 spiritus
1158 1086 1279 1131 quippe
1302 1087 1334 1119 in
1348 1099 1440 1121 cere-

59 1130 161 1174 belli,
172 1142 208 1165 ut
222 1133 255 1165 in
269 1127 392 1164 cerebri
408 1132 530 1165 corrice
544 1133 728 1178 gignuntur.
744 1132 831 1165 Nam
842 1129 971 1177 copiose
989 1143 1030 1164 eo
1056 1130 1128 1164 loco
1153 1132 1340 1179 sparguntur
1354 1147 1440 1170 arte-

58 1181 121 1223 riae,
140 1187 171 1217 &
184 1192 274 1215 venae
285 1178 470 1226 sanguinem
480 1178 613 1213 refluum
627 1181 801 1226 accipiunt3
810 1178 967 1226 glandulae
980 1179 1082 1213 serum
1095 1180 1114 1214 a
1124 1179 1273 1228 stmguint·
1284 1181 1440 1230 separant.

59 1230 126 1263 Sed
144 1227 273 1263 effluxus
292 1227 458 1275 spirituum
471 1229 486 1263 ὲ
500 1226 665 1260 cerebello
680 1227 726 1260 est
745 1228 894 1274 perennis
907 1255 916 1269 ‚
933 1233 965 1263 δε
983 1230 1116 1262 minime
1129 1230 1324 1277 interruptus
1345 1248 1353 1273 3
1373 1245 1440 1268 non

60 1279 140 1312 item
154 1279 187 1312 in
204 1276 337 1311 cerebro
346 1275 402 1310 usu
419 1278 532 1318 venia·
544 1276 632 1322 quod
647 1275 733 1310 forte
754 1278 836 1309 inter
846 1275 1070 1311 dormiendum
1089 1281 1247 1323 majorem
1257 1281 1360 1326 gignit
1378 1280 1440 1328 spi-

52 1328 179 1361 -rituum
191 1335 396 1373 proventum.
408 1326 507 1361 Unde
520 1325 633 1359 eadem
648 1337 731 1372 pene
744 1325 827 1358 estin
839 1326 928 1358 omni
941 1325 1128 1359 animalium
1138 1338 1257 1373 genere
1285 1328 1439 1364 cerebelli

60 1375 167 1410 forma
180 1403 189 1416 ,
209 1380 241 1411 δε
260 1374 381 1421 ubique
398 1376 431 1409 in
443 1373 578 1409 laminas
598 1372 662 1407 alte
679 1372 790 1407 incisas
808 1374 975 1410 dirimitur.
999 1375 1084 1408 Cum
1102 1376 1187 1408 enim
1206 1377 1238 1410 in
1261 1380 1350 1411 omni
1372 1380 1440 1413 ani-

62 1423 196 1458 malium
211 1434 328 1469 genere
337 1420 584 1470 praecordiorum
597 1433 704 1456 motus
724 1428 757 1458 &
770 1423 916 1456 actiones
928 1424 1044 1457 eodem
1063 1435 1147 1470 pene
1166 1425 1266 1458 modo
1285 1438 1439 1474 peragan-

61 1482 196 1515 tur,non
211 1463 329 1506 initum
340 1471 386 1505 est
403 1471 424 1506 fi
437 1484 549 1506 eorum
567 1470 726 1505 cerebella
742 1473 877 1505 eandem
899 1470 1018 1518 ubique
1032 1472 1312 1515 formam,e0[dem
1327 1475 1440 1510 circel-

62 1520 110 1555 los
122 1520 174 1555 vel
185 1520 327 1556 lamellas
337 1530 352 1563 ‚‘
361 1520 489 1554 eosdem
500 1517 654 1567 processus
664 1548 672 1562 ‚
686 1520 814 1554 eosdem
827 1519 910 1566 quasi
944 1521 1116 1555 edunculos
1138 1521 1280 1556 habeant
1293 1551 1302 1564 ,
1321 1522 1439 1569 quibus

63 1569 211 1603 medullae
227 1569 409 1615 oblongatae
422 1565 605 1615 affiguntur.
621 1569 707 1602 Cum
721 1579 829 1603 autem
847 1580 907 1601 nec
916 1533 1029 1611 sZnsuQ
1047 1582 1106 1603 nec
1127 1582 1234 1603 motus
1250 1570 1414 1617 spontanei
1429 1602 1439 1616 ‚

64 1609 370 1664 necimaginatrici5‚
382 1622 413 1653 δὲ
424 1619 582 1665 appetitus
603 1618 746 1651 aetiones
770 1615 828 1651 sint
848 1618 880 1650 in
892 1616 1043 1651 omnibus
1059 1617 1277 1652 animantibus
1297 1619 1439 1655 consimi-

64 1666 129 1710 les,
153 1679 189 1701 ut
200 1657 272 1701 sunt
288 1666 452 1714 respiratio
468 1677 522 1699 aut
535 1665 637 1699 cordis
653 1676 760 1699 motus
773 1695 781 1707 ,
796 1678 910 1713 magna
927 1678 1056 1712 quoque
1069 1668 1100 1699 in
1118 1669 1157 1699 iis
1177 1669 1334 1714 reperitur
1352 1682 1441 1705 cere-

65 1714 116 1749 bri
132 1720 165 1750 ὃ(
181 1715 330 1749 medullae
344 1713 688 1762 oblongatae'varietaS.
714 1713 849 1760 Ubique
870 1716 902 1748 in
926 1714 1090 1748 cerebello
1110 1714 1200 1762 plicae
1216 1721 1249 1751 &
1277 1716 1440 1753 anfractus

65 1763 320 1810 conspiciuntur,
343 1765 398 1809 qui
413 1765 444 1797 in
464 1761 603 1796 cerebris
622 1762 796 1797 multorum
830 1762 1015 1797 animalium
1039 1762 1158 1799 desunt.
1190 1765 1325 1798 Accedit
1342 1770 1441 1804 etiam

66 1813 153 1859 quod
166 1810 251 1847 secto
266 1815 297 1846 in
316 1811 446 1846 animali
469 1807 743 1853 cerebrofcordis
767 1823 872 1845 motus
886 1817 918 1847 ἅτ
938 1811 1101 1859 respiratio
1123 1824 1293 1847 maneant:
1314 1812 1363 1847 sed
1383 1815 1442 1850 ubi

67 1860 370 1895 cerebellocultrurn
382 1860 566 1894 adhibueris
577 1870 589 1903 ‚⁷
603 1861 708 1894 statim
733 1860 846 1894 vitales
871 1873 978 1894 motus
993 1863 1126 1895 omnino
1148 1860 1320 1898 ceffiibunt.
1342 1865 1442 1899 Unde

66 1911 159 1945 nervi
179 1909 330 1944 vitalibus
344 1910 464 1943 addicti
477 1908 714 1952 functionibus,
731 1908 751 1944 ἐι
768 1908 932 1943 cerebello
949 1908 1038 1943 suamv
1053 1909 1170 1944 ducunt
1188 1912 1347 1958 originem
1360 1941 1370 1955 ‚
1389 1913 1441 1948 vel

67 1968 155 1992 certe
168 1958 187 1992 ἐι
204 1958 342 1992 medulla
361 1957 470 2005 spinuli
481 1986 491 1999 ,
503 1970 573 2003 quae
589 1958 660 1992 huic
682 1957 853 2006 subjicitur.
1470 2000 1472 2002 Ι

106 2006 296 2052 40-Nullum
309 2007 354 2039 est
366 2009 447 2039 inter
457 2006 624 2040 cerebrum
636 2019 708 2040 cum
718 2005 881 2040 cerebello
892 2006 1115 2041 immediatum
1131 2012 1376 2045 commercium:
1388 2010 1443 2046 etfi

70 2057 158 2090 enim
175 2066 264 2102 parte
278 2053 394 2087 summa
407 2053 643 2100 colligariinter
661 2053 690 2087 se
707 2056 871 2090 videntur.
892 2066 999 2088 tamen
1016 2055 1149 2090 non-nisi
1167 2056 1329 2105 superficie
1349 2070 1441 2094 tenus

70 2103 100 2138 se
120 2113 256 2148 tangunt
275 2117 282 2137 :
304 2101 373 2136 sunt
404 2104 524 2149 quippe
548 2104 696 2137 distinetae
715 2103 848 2136 omnino
867 2103 915 2138 hae
936 2104 1001 2137 duae
1025 2105 1172 2140 animalis
1188 2109 1349 2151 rcqiminis
1370 2119 1442 2154 pro-

68 2155 182 2186 vinciae
195 2168 203 2194 ·‚
216 2163 275 2186 nec
292 2153 373 2185 inter
392 2163 443 2185 eas
457 2150 619 2197 spirituum
643 2162 842 2185 commeatus
856 2152 941 2186 ultro
950 2154 1094 2199 citroque
1103 2146 1259 2200 peragitur
1273 2183 1282 2196 ,
1301 2154 1356 2188 nifi
1374 2168 1442 2189 me-

71 2200 163 2234 dullae
175 2199 359 2246 oblongntae
371 2202 564 2234 interventu.
581 2201 712 2245 Qiuue
724 2201 756 2233 in
773 2199 908 2234 cerebro
922 2200 1125 2235 elaboramus
1141 2196 1263 2248 spiritus
1276 2232 1285 2242 ,
1302 2216 1359 2249 per
1376 2216 1441 2238 rne-

72 2248 414 2286 dullamobloncgatam
431 2249 463 2283 in
484 2260 597 2282 nervos
618 2251 672 2291 qui
692 2261 797 2282 motus
811 2247 974 2295 spontanei
993 2249 1063 2284 sunt
1084 2262 1222 2297 organa,
1240 2253 1442 2287 continenter

72 2297 231 2342 profluunt
244 2312 252 2333 :
263 2310 296 2332 ut
315 2297 437 2331 spiritus
452 2299 483 2330 in
495 2295 658 2330 cerebello
666 2299 833 2343 praeparati
845 2298 884 2331 ad
894 2310 945 2331 eas
958 2310 1060 2346 partes
1072 2299 1207 2332 tendunt
1219 2327 1228 2340 ,
1243 2312 1314 2345 quae
1323 2312 1441 2336 naturae

70 2346 216 2382 instinctu
230 2375 241 2391 ,
257 2358 313 2382 aut
330 2358 414 2381 caeco
434 2344 610 2394 passionum
625 2346 907 2394 impetwastx'ones
925 2345 991 2382 suas
1010 2358 1152 2382 exerunt.
1166 2349 1215 2380 'At
1230 2346 1305 2395 saepe
1323 2361 1442 2396 perma-

1147 2397 1177 2431 T
1190 2405 1225 2430 tt
1250 2398 1271 2443 ij
