1878 2724
567 120 602 154 D
616 120 641 156 E
680 119 706 154 P
725 118 752 154 L
766 118 792 154 A
803 118 836 154 N
853 119 884 154 T
895 118 907 151 l
919 116 949 152 S.
1398 139 1415 152 .‚

4 172 5 176 ’
52 196 55 207 2
78 168 204 206 Omnes
214 175 297 215 pene
311 165 424 215 plantae
435 165 496 202 hae
508 168 635 203 ratione
646 178 829 216 praeparata:
843 168 934 201 citius
949 165 1087 213 liquores
1102 166 1209 201 acidos
1223 194 1233 211 ,
1255 179 1310 204 aut
1333 137 1433 206 sulfrliff

2 234 4 249 ,-
50 229 121 254 reos
134 215 335 266 protulerunt
349 233 358 259 3
380 217 496 250 diutius
506 215 648 263 liquores
664 219 708 250 ita
721 217 890 264 praeparati
904 218 1019 263 integri
1033 215 1238 263 perstiterunt
1248 245 1258 259 ,
1272 230 1369 265 quam
1379 223 1433 267 qui

2 283 3 299 1
51 279 92 303 ex
106 266 206 300 crudis
225 269 258 301 &
294 278 338 300 on
353 276 520 299 maceraris
534 265 649 312 plantis
665 267 824 300 exierunt.
844 263 918 299 Plus
935 263 1004 309 salis
1016 263 1154 299 volatilis
1164 276 1298 312 quoque
1315 266 1431 316 suppe-

0 348 1 355 ,
52 315 175 357 ditant,
189 325 364 348 necn=inus
376 325 484 347 tamen
506 312 574 347 salis
591 312 645 348 fixi
664 312 883 349 &carbonibus
901 316 1030 347 eruitur.

0 358 1 362 ¹
97 366 209 410 Itaque
225 362 366 408 liquores
383 374 495 396 omnes
509 362 614 409 aquosi
628 391 638 406 ,
652 363 709 408 qui
723 362 840 397 scilicet
854 373 927 394 cum
948 373 1031 408 aqua
1047 360 1141 395 facile
1164 361 1430 409 comniiscentur3

0 410 2 454 ζ
50 423 105 448 aut
118 411 188 446 sunt
200 410 344 458 insipidi,
360 422 414 444 aut
423 411 593 452 acidi,aut
604 409 754 453 sulfurei,
772 421 825 444 aut
846 408 959 443 urinosi
978 421 1030 444 aut
1053 411 1169 445 mixti:
1189 413 1353 460 praecipmr·
1376 430 1435 449 to-

50 473 121 496 rum
145 458 335 494 affeffiones
357 457 518 506 saporibus
531 470 752 497 continentur,
767 461 824 505 qui
842 457 973 491 confuse
997 458 1173 493 admodum
1192 460 1260 493 solo
1277 462 1369 508 gustu
1383 469 1434 511 ju-

50 510 205 544 dicantur.
226 510 339 554 Quare
349 507 411 541 alia
429 506 556 542 fuerunt
569 507 754 547 adhibenda
773 508 896 540 criteria
914 505 1028 553 quibus
1041 505 1288 554 saporesvetiam
1306 510 1435 546 infensi.

46 556 133 600 ,biles
152 557 316 603 dijudicari
333 555 466 604 poffenr.

51 627 54 629 >
85 608 228 642 Primum
244 610 278 642 &
292 606 484 653 praecipuum
496 606 657 639 criterium
667 603 713 637 est
728 602 833 639 succus
848 603 1044 650 heliotropii,
1061 602 1161 651 vulgo
1172 605 1303 652 tornesbl
1315 634 1324 649 ‚
1337 619 1436 653 quem

49 655 143 693 acida
156 655 266 689 omnia
275 652 374 688 rubro
388 652 497 687 colore
509 652 672 688 inficiunt.
687 654 870 687 Secundum
887 653 930 686 est
944 652 1102 700 sublimati
1123 652 1238 686 lolutio
1249 681 1258 696 ,
1275 666 1371 700 quam
1393 655 1436 690 sa«—

51 703 98 738 les
114 702 262 739 volatiles
283 700 361 736 albo
381 701 489 736 colore
501 704 640 750 tingunt,
656 713 692 736 ut
711 700 766 735 fixi
779 704 810 736 in
826 700 1005 736 subflavum
1023 713 1076 736 aut
1098 700 1284 736 subrubrum
1298 715 1437 738 conver·

52 762 135 787 tunt.
149 755 297 786 Tertium
313 749 450 785 sacchari
462 752 586 785 Saturni
597 750 830 796 solutio,quam
841 750 880 783 sal
901 753 1037 784 marinus
1053 749 1223 784 conturbat
1233 755 1265 786 &
1280 752 1311 785 in
1324 752 1436 788 album
1458 773 1460 775 ·

52 800 197 835 colorem
215 801 404 848 praecipitat.
419 800 582 843 Qartum
591 800 754 833 criterium
771 799 813 833 est
829 799 982 834 vitriolici
998 800 1186 834 Germanici
1198 797 1327 843 solutio,
1338 814 1437 849 quam

53 848 132 884 sales
148 850 238 883 mixti
256 847 355 882 rubro
370 848 479 882 colore
497 850 637 896 tingunt.

86 900 175 932 Inter
193 909 247 930 eos
267 899 321 943 qui
336 895 501 931 manifeste
517 895 555 930 se·
575 896 713 943 produnt
739 895 865 943 sapores
878 925 887 939 ‚
908 895 1012 932 nullus
1030 894 1217 942 heliotropii
1244 895 1436 933 solutionem

7 976 12 980 .
52 945 152 981 rubro
170 945 280 980 colore
291 947 385 993 tingit
405 956 520 992 praeter
539 946 664 979 acidum
676 974 686 987 ,
705 945 807 980 nullus
818 944 978 980 sublimati
989 942 1135 979 solutioni
1147 944 1283 979 lacteum
1293 945 1438 981 colorem

53 994 207 1030 conciliat
220 1006 334 1042 praeter
346 993 537 1028 sulfureum:
563 993 648 1028 unde
662 993 681 1027 fi
695 996 748 1040 qui
760 994 899 1040 liquores
921 1006 976 1028 eos
998 992 1132 1028 effi-’stus
1151 1005 1332 1039 procreant,
1343 996 1438 1030 acido

55 1055 112 1078 aut
129 1042 244 1077 sulfure
254 1056 319 1077 non
332 1054 452 1077 carent.
473 1044 520 1078 Ac
536 1041 556 1076 fi
567 1044 621 1088 qui
641 1041 780 1088 liquores
793 1043 929 1076 acriores
941 1053 996 1076 aut
1009 1039 1124 1076 urinosi
1143 1040 1373 1089 heliotropium
1386 1056 1439 1078 ru-

55 1091 118 1126 bro
136 1091 245 1126 colore
256 1090 452 1138 perfundunt
463 1119 472 1132 ,
484 1091 507 1123 ii
523 1089 594 1124 sane
612 1091 701 1124 omni
718 1091 812 1124 acido
832 1103 898 1125 non
911 1089 1122 1124 destituuntur
1136 1103 1143 1124 :
1161 1101 1236 1124 nam
1248 1089 1315 1123 salis
1336 1090 1438 1127 sulfu-

56 1143 103 1175 rei
116 1140 299 1186 adjectione
309 1141 433 1175 nativus
452 1144 485 1175 δέ
497 1137 643 1173 caeruleus
658 1138 747 1171 color
761 1137 960 1186 heliotropio
983 1137 1111 1180 redibat
1124 1166 1134 1180 ‚
1152 1138 1227 1171 dum
1241 1138 1281 1172 [al
1301 1138 1355 1173 ille
1374 1143 1440 1175 aci-

57 1190 132 1224 dum
144 1191 257 1236 prioris
280 1187 412 1233 liquoris
429 1186 642 1234 deprimebat.
663 1188 762 1223 Unde
774 1186 831 1221 ubi
846 1187 954 1233 liquor
963 1199 1016 1221 aut
1029 1186 1226 1233 heliotropio
1243 1185 1439 1233 subrubrum,

57 1248 111 1272 aut
121 1236 289 1272 sublimato
302 1235 477 1272 subflavum
490 1235 633 1270 colorem
647 1235 811 1279 conciliat,
826 1237 859 1270 in
876 1233 1035 1284 progressu
1053 1233 1270 1269 distillatiouis
1290 1239 1388 1285 magis
1402 1251 1439 1272 ac

56 1289 161 1335 magis
186 1286 219 1320 id
239 1284 384 1328 colorat,
410 1284 487 1318 dum
501 1284 683 1319 manifestus
703 1282 793 1332 sapor
810 1296 971 1332 appareat.
997 1284 1137 1329 Qoties
1158 1285 1298 1331 denique
1313 1287 1438 1321 acidum

58 1336 136 1382 quid
146 1346 201 1369 aut
217 1333 391 1368 sulfureum
404 1345 491 1380 aquae
504 1335 550 1367 ita
567 1334 733 1367 admistum
748 1334 828 1376 fuit,
845 1345 879 1368 ur
897 1332 999 1367 nullus
1020 1332 1108 1379 sapor
1122 1335 1242 1380 percipi
1255 1333 1369 1381 posset,
1387 1347 1439 1369 to-

59 1385 121 1418 ties
131 1383 363 1430 heliotropium
373 1381 539 1416 rubescere
549 1410 558 1424 ,
569 1387 603 1419 ὃς
616 1381 819 1422 sublimatum
833 1381 984 1417 vnonnihil
995 1379 1165 1429 pallescere
1176 1380 1276 1416 visum
1291 1382 1349 1418 est.

91 1434 144 1467 Sic
154 1431 222 1466 salis
238 1433 352 1466 marini
365 1430 419 1464 vel
432 1432 566 1465 minima
576 1430 726 1465 admistio
736 1432 770 1466 in
786 1430 935 1478 liquore,
961 1432 1017 1476 qui
1042 1429 1163 1476 alioqui
1178 1430 1259 1466 nihil
1284 1431 1439 1477 ejusmodi

61 1480 142 1516 solet
158 1479 305 1522 efficere,
320 1479 501 1513 saccharum
515 1481 641 1514 Saturni
651 1478 760 1514 turbat
773 1508 783 1523 ‚
799 1480 886 1526 quod
899 1479 1004 1525 plures
1018 1490 1109 1524 aquae
1129 1477 1267 1526 insipida:
1289 1485 1322 1515 &
1343 1480 1442 1514 distil-

62 1529 134 1570 latae
143 1543 208 1565 non
223 1526 547 1573 efficiunt,quamvis
564 1529 647 1561 aceti
659 1530 724 1562 vim
744 1539 780 1561 ut
791 1539 872 1573 aqua
889 1529 1068 1561 communis
1079 1555 1089 1569 ,
1111 1525 1233 1572 poffent
1253 1528 1440 1574 infringere:

62 1578 146 1613 adeo
161 1590 197 1612 ut
212 1589 339 1613 acetum
349 1575 552 1610 debilitatum
563 1575 683 1609 calcem
697 1575 824 1623 plumbi
834 1588 901 1611 non
911 1575 1017 1609 valeat
1025 1574 1161 1621 amplius
1171 1573 1326 1612 sustinere.
1340 1578 1442 1623 Qod

65 1639 149 1674 aqua
164 1627 346 1662 communis
365 1625 396 1658 id
412 1623 539 1658 turbare
549 1623 658 1666 soleat,
671 1625 703 1657 id
720 1623 806 1658 forte
821 1627 854 1659 in
870 1623 959 1658 causa
987 1622 1053 1666 est,
1073 1623 1161 1670 quod
1174 1622 1243 1658 salis
1261 1628 1441 1659 communis

65 1688 131 1710 non
149 1676 286 1709 omnino
301 1685 413 1722 expers
428 1673 588 1708 videatur.
605 1673 702 1707 Unde
717 1685 798 1718 aqua
811 1684 982 1720 puteorum
999 1673 1100 1718 magis
1115 1671 1146 1704 id
1160 1675 1442 1720 praecipitat,quam

65 1735 150 1770 aqua
166 1723 303 1758 fluminis
314 1750 323 1764 ‚
338 1722 423 1768 quod
439 1720 532 1756 inilla
546 1721 616 1768 plus
630 1719 665 1755 sit
674 1720 743 1755 salis
754 1733 853 1767 quam
865 1723 898 1755 in
907 1733 988 1767 aqua
1002 1722 1159 1765 Sequanae
1170 1735 1199 1754 v.
1210 1735 1239 1769 g.
1252 1722 1374 1756 tametsi
1392 1722 1442 1757 fa-

66 1783 136 1806 teor
147 1772 209 1806 hoc
219 1772 378 1805 criterium
392 1771 495 1804 minus
505 1774 614 1817 patere
626 1778 723 1816 quarn
735 1769 868 1816 reliqua.
886 1771 973 1806 Nam
987 1767 1175 1816 heliotropii
1190 1771 1328 1805 tinelura
1338 1776 1442 1819 majo-

65 1825 134 1869 jore
146 1819 321 1862 rubedine,
335 1831 404 1865 quae
416 1819 454 1851 ad
467 1817 589 1853 flavum
607 1820 708 1865 magis
731 1819 875 1862 accedit,
889 1817 1059 1859 imbuitur,
1082 1829 1148 1863 quo
1169 1817 1288 1864 liquori
1308 1820 1443 1854 acidiori

67 1868 254 1904 admiscetur
267 1885 277 1913 3
294 1868 376 1902 adeo
400 1878 436 1903 ut
452 1866 504 1902 vel
523 1879 613 1915 gutta
629 1867 713 1900 acidi
727 1865 857 1915 liquoris
876 1866 947 1902 satis
967 1877 1118 1914 magnam
1135 1865 1442 1915 solutionispartem

68 1919 178 1964 tingat.
195 1937 200 1941 ·
450 1954 453 1956 ,
601 1954 603 1956 ,

105 1967 179 2000 Nec
197 1966 302 1998 minus
317 1964 504 2011 exquisitum
523 1963 733 2010 deliquorum
750 1975 862 2000 natura
882 1961 1036 2011 &scipore
1050 1974 1088 1996 ex
1106 1961 1280 1997 sublimato
1293 1964 1444 2010 judicium
1468 1970 1470 1973 ”

69 2015 223 2060 capimus,
236 2015 323 2047 Nam
335 2012 392 2046 ubi
410 2012 579 2046 sulfureum
589 2010 697 2046 debile
707 2013 749 2047 est
761 2041 770 2054 ,
784 2014 936 2060 pallidum
948 2010 1090 2046 colorem
1106 2010 1277 2046 sublimato
1287 2014 1445 2061 impertit,

69 2062 183 2097 fortius
211 2062 315 2095 laeteo
341 2060 450 2095 colore
464 2060 496 2092 id
517 2061 637 2107 tingit,
654 2065 688 2095 &
708 2059 815 2095 sensim
833 2061 1008 2109 praecipitat
1031 2076 1040 2101 ·‚
1055 2058 1110 2094 ubi
1126 2060 1261 2094 multum
1279 2063 1369 2108 viget
1387 2062 1447 2105 sul-

70 2109 123 2145 fur
148 2123 220 2150 tam,
240 2120 307 2143 tum
318 2109 656 2155 repentinaminducit
667 2110 963 2155 praecipitationem.
996 2107 1083 2142 Cum
1107 2108 1249 2155 denique
1273 2108 1446 2146 sulfureum

70 2158 185 2194 fortius
196 2158 258 2200 est,
276 2156 468 2191 solutionem
482 2155 639 2190 sublimati
654 2158 811 2205 coagulat.
839 2161 953 2204 Sicque
971 2168 1108 2202 quatuor
1125 2159 1241 2204 gradus
1262 2159 1294 2191 in
1309 2156 1447 2193 sulfureo

73 2207 298 2254 distinguimus,
317 2208 390 2241 Nec
419 2205 487 2239 fere
514 2204 545 2237 id
575 2207 736 2239 criterium
762 2206 847 2241 fallit
860 2235 870 2248 ,
886 2203 1005 2240 etiamsi
1016 2216 1150 2252 parvam
1166 2205 1296 2251 liquoris
1317 2204 1447 2240 sulfurei

73 2267 198 2302 partem
211 2253 387 2288 admisceas.
411 2255 497 2287 Cum
515 2253 690 2287 admodum
705 2253 814 2289 debile
831 2255 900 2299 est,
916 2254 997 2302 saepe
1021 2265 1088 2289 non
1110 2253 1234 2295 statim,
1250 2250 1302 2286 sed
1315 2255 1447 2301 interje-

76 2305 129 2338 eto
143 2315 290 2350 tempore
307 2302 394 2350 opali
412 2301 554 2336 colorem
568 2301 703 2337 inducit.

112 2353 247 2400 Spiritus
264 2350 403 2387 urinosus
418 2363 496 2386 cum
513 2349 689 2386 admodum
714 2350 830 2387 debilis
847 2350 891 2388 est
901 2377 914 2396 ,
930 2350 1056 2400 aliquot
1079 2352 1114 2387 in
1131 2348 1237 2396 spiritu
1255 2347 1325 2384 salis
1342 2348 1446 2387 bullas

1140 2399 1177 2435 Ο
1186 2411 1206 2432 0
1218 2411 1238 2433 o
1264 2399 1285 2445 ij
