1878 2724
393 158 457 191 430
702 141 956 180 PHYSICAE
1003 142 1143 179 PARS
1194 141 1491 181 SECUNDA.

393 192 574 243 permisceri
596 202 717 240 queant
731 220 740 235 ‚
761 190 814 226 nisi
831 192 929 227 iidem
956 194 989 227 in
1015 204 1150 241 vapores
1176 204 1399 229 extenuentur.
1423 194 1523 230 Unde
1545 192 1696 231 Alberrus
1724 195 1781 242 qui

395 243 628 290 Cliymicorum
642 239 809 275 sententiae
822 239 913 275 favet
925 269 933 282 ‚
944 253 1054 275 aurum
1073 243 1104 276 in
1126 241 1285 289 lapidibus
1304 241 1426 278 duobus
1442 243 1547 277 modis
1564 245 1704 278 inveniri
1721 244 1781 278 do-

395 302 456 327 cet.
471 289 652 336 Aliquando
663 300 719 336 per
732 300 839 324 totum
853 289 994 336 lapidem
1010 288 1200 325 diffunditur
1212 303 1330 338 ,quem
1346 289 1435 326 flavo
1446 291 1555 327 colore
1569 293 1666 340 tingit
1678 309 1686 335 ;
1699 293 1782 327 inte-

395 342 455 373 rim
471 349 568 372 venas
590 338 746 373 duntaxat
768 351 843 372 auro
866 349 1064 386 praegnantes
1080 338 1291 388 conspicimus
1306 353 1314 374 :
1332 344 1421 387 cujus
1441 339 1626 375 discriminis
1647 352 1719 375 earn
1732 340 1783 376 aff.

394 387 459 422 fert
476 384 601 421 causam
615 414 624 430 ‚
641 384 729 432 quod
744 387 850 423 fumus
861 399 899 420 ex
918 400 985 434 quo
1001 399 1115 421 aurum
1134 394 1167 424 &
1188 388 1313 435 reliqua
1324 388 1455 423 metalla
1474 389 1620 437 prodiere
1635 419 1643 432 ,
1658 401 1713 437 per
1735 389 1782 424 la-

397 435 478 483 pidis
493 446 618 470 meatus
629 433 799 470 discurrens
816 434 923 471 sensim
945 436 1154 484 congeletur(
1168 438 1255 472 Cum
1273 438 1366 485 igitur
1385 438 1464 485 lapis
1481 438 1524 472 est
1544 437 1673 485 porosus
1687 466 1695 480 ,
1716 449 1799 474 tum'
1821 445 1827 449 '

395 484 500 519 fumus
519 483 680 517 mineralis
697 484 782 518 illius
797 483 1004 519 substantiam
1025 496 1196 532 penetrat,
1213 490 1247 522 ὃ(
1266 498 1339 520 cum
1355 498 1396 520 eo
1414 485 1631 521 confunditur.
1653 487 1714 520 Sed
1727 485 1783 521 ubi

394 531 527 567 solidior
541 532 583 565 est
594 536 626 568 ἀ
640 535 842 580 ςοῑῃρειᾶίοῖ
852 562 861 576 ,
875 544 944 569 tum
957 533 1073 568 halitus
1087 546 1241 569 venarum
1260 535 1370 570 duetus
1388 533 1443 569 sibi
1455 537 1561 582 aperit
1576 563 1584 578 ,
1603 547 1664 569 nec
1677 546 1782 571 totum

396 582 511 628 lapidis
526 592 638 629 corpus
653 594 810 628 permeat.
828 584 915 630 Saepe
930 584 1029 617 etiam
1041 584 1109 618 auri
1119 595 1265 618 ramenta
1280 582 1371 618 fluvii
1388 585 1553 619 devehunt
1564 612 1574 627 ,
1588 596 1655 630 quae
1668 586 1699 618 in
1714 582 1784 618 filae'..

395 642 506 666 menta
524 629 701 665 tenuiffirna
715 631 921 666 diducuntur:
937 632 1026 678 quod
1041 631 1126 666 forte
1146 632 1308 667 exhalatio
1330 645 1402 680 qua:
1424 633 1442 669 ὲ
1459 644 1546 667 terrae
1563 631 1788 681 penetralibus*

397 681 538 726 erumpit
553 707 564 722 ,
583 690 678 725 aquae>
697 678 817 728 frigore
835 678 1010 727 repercuffir
1024 680 1224 727 congeletur.

444 728 512 774 Qi
525 727 659 761 metalla
668 740 707 761 ex
720 741 812 775 aquae
826 734 858 765 &
871 740 962 762 terrae
978 729 1133 775 exquisita
1151 730 1301 765 mistione
1315 729 1446 778 prodire
1462 726 1622 773 volung‘ii
1638 740 1784 766 commu:

396 788 473 811 nem
485 774 635 811 foffilium
649 805 658 820 ‚
671 790 738 811 non
751 779 912 825 propriam
923 776 1127 812 metallorum
1138 781 1307 814 materiem
1317 777 1454 814 afferunt
1464 807 1474 822 ,
1506 784 1539 816 &
1553 779 1690 813 eandem
1712 792 1784 814 are-

398 837 468 868 nce,
488 825 654 873 crystallo,
679 827 746 860 imo
767 829 947 874 &gemmis
967 826 1120 861 omnibus
1142 827 1291 863 tribuunt
1316 829 1485 875 originem.
1517 828 1619 862 Addit
1633 827 1785 876 Caesalpie

397 886 456 909 nus
474 873 599 909 nullum
610 874 779 908 humorem
792 887 932 921 aqueum
948 887 1009 923 prae
1025 875 1145 924 frigore
1159 876 1242 911 effici
1253 875 1406 910 ductilem
1420 904 1428 918 ‚
1441 881 1476 913 &
1490 875 1659 925 preffilem.
1688 876 1783 926 Chy-

395 924 469 956 mici
482 922 613 957 metalla
622 934 661 957 ex
673 934 755 956 terra
773 923 931 957 vitriolica
941 953 950 967 ‚
968 922 1084 959 sulfure
1096 930 1128 960 ὃς
1142 927 1299 959 mercurio
1311 937 1522 972 componunt.
1539 927 1628 961 Nam
1637 926 1784 972 quaedam

395 971 527 1006 metalla
544 973 576 1006 in
591 971 755 1006 vitriolum
771 971 975 1008 resolvuntur
988 984 1105 1020 3atque
1122 975 1156 1008 in
1167 973 1326 1021 plerisque
1342 973 1546 1008 metallorum
1559 975 1710 1018 mineris,
1724 986 1789 1008 ve‘

396 1022 443 1054 nis
455 1048 464 1062 ,
488 1026 520 1056 &
536 1018 725 1055 marcaffitis
736 1019 896 1055 foecundis
909 1033 1126 1056 atramentum
1145 1051 1153 1065 ,
1172 1022 1224 1057 seu
1243 1022 1409 1057 vitriolum
1428 1035 1489 1056 una
1503 1035 1575 1057 cum
1592 1021 1710 1057 sulfure
1732 1034 1798 1057 re.-

395 1071 523 1116 peritur.
543 1069 676 1104 Addunt
686 1069 835 1104 nonnulli
846 1069 1014 1104 virriolum
1028 1082 1066 1104 ex
1090 1070 1228 1105 metallis
1239 1073 1274 1105 ur
1287 1083 1325 1104 ex
1336 1070 1423 1105 ferro
1435 1076 1468 1107 δι
1487 1082 1587 1119 cupro
1605 1073 1784 1108 extr-aetum

397 1119 429 1152 in
444 1116 496 1151 sua
519 1119 676 1166 principia
695 1117 875 1153 dissolutum
889 1147 898 1161 ‚
917 1118 1145 1162 terram‚salem
1161 1147 1171 1162 ,
1196 1132 1313 1166 aquam
1332 1118 1523 1154 mineralem
1536 1148 1544 1162 ,
1564 1125 1598 1156 &
1616 1121 1785 1169 pinguedid-

396 1178 472 1201 nem
483 1164 655 1201 sulfuream
669 1166 756 1202 dare.
779 1169 901 1215 Magna
911 1180 1042 1215 quoque
1052 1168 1095 1202 est
1113 1170 1198 1203 inter
1212 1168 1308 1203 sulfur
1325 1173 1359 1204 ὅ(
1372 1179 1588 1203 atramentum
1609 1170 1761 1216 cognatio
1773 1186 1784 1214 ς

396 1227 436 1249 ex
447 1226 584 1261 utroque
595 1213 720 1263 spiritus
729 1217 836 1250 acidus
850 1222 882 1252 δε
893 1228 1065 1263 penetrans
1076 1217 1219 1252 educitur
1229 1234 1238 1261 3
1249 1229 1422 1264 utrumque
1433 1216 1486 1265 figi
1502 1218 1604 1264 potest
1613 1246 1622 1260 ‚
1633 1222 1666 1253 &
1679 1216 1785 1253 firmi:

1862 965 1871 998 ..-

398 1264 669 1298 ratemidoneam
689 1263 823 1311 adipisci*
851 1266 972 1313 Neque
986 1265 1048 1300 alia
1071 1265 1267 1300 excludimus
1284 1265 1460 1301 mineralia.
1501 1268 1589 1301 Nam
1604 1265 1783 1302 arsenicum
1804 1282 1808 1285 >
1849 1261 1854 1299 ³0

397 1311 485 1347 forte
497 1314 528 1347 in
540 1311 676 1360 plumbo
690 1313 772 1347 inest
785 1338 793 1355 ‚
807 1326 844 1347 a:
858 1316 978 1349 nitrum
995 1313 1125 1350 forsitan
1136 1344 1145 1359 ‚
1158 1314 1247 1362 quod
1263 1315 1294 1350 in
1308 1312 1404 1349 rebus
1416 1327 1502 1363 pene
1516 1312 1668 1350 omnibus
1688 1316 1782 1352 inve-

397 1362 484 1396 nitur
498 1389 507 1403 ,
523 1360 542 1397 ὲ
557 1360 696 1396 metallis
710 1375 775 1397 nou
790 1364 924 1397 omnino
939 1362 1037 1400 abest.

432 1411 559 1444 Omnes
570 1421 654 1457 pene
673 1410 830 1458 Chymici
841 1411 971 1446 metalla
987 1424 1025 1446 ex
1043 1410 1160 1446 suifure
1171 1414 1348 1455 ‚mercurio
1359 1418 1391 1449 δε
1405 1411 1467 1448 sale
1483 1424 1684 1461 componunt
1703 1427 1711 1448 ε
1728 1412 1801 1448 sed—⁴

398 1468 507 1493 tamen
522 1459 608 1493 deiis
621 1461 784 1507 principiis
802 1459 1087 1496 inconstantiffime
1099 1461 1282 1509 loquuntur.
1310 1461 1462 1509 Plerique
1481 1474 1654 1497 commune
1672 1462 1783 1506 sulfur‚‘

398 1507 567 1556 vulgarem
576 1507 811 1555 hydrargyrum
825 1538 833 1552 ‚
850 1513 883 1546 &
896 1508 991 1544 salem
1004 1512 1037 1545 in
1050 1523 1132 1557 aqua
1146 1509 1356 1545 exsolubile‘m
1379 1511 1426 1545 his
1449 1511 1583 1547 vocibus
1604 1510 1782 1560 designant·-

397 1558 533 1599 Negant
544 1556 598 1590 alii
611 1569 648 1590 ex
664 1555 780 1591 sulfure
795 1563 827 1594 &
841 1570 976 1607 argento
991 1562 1068 1594 vivo
1090 1559 1218 1594 metalla
1239 1559 1414 1594 coalescere
1426 1589 1435 1603 ‚
1457 1559 1511 1595 vel
1532 1563 1564 1594 in
1586 1559 1638 1594 illa
1663 1559 1781 1596 resolvi

397 1604 484 1651 polfe
503 1620 510 1641 :
529 1604 580 1639 sed
595 1608 744 1640 mercurii
763 1609 897 1641 nomine
918 1607 1093 1643 humidum
1105 1608 1268 1655 quoddam
1288 1609 1474 1645 uneluosum
1493 1608 1610 1643 crebris
1628 1607 1782 1644 sublimast-

400 1653 544 1688 tionibus
556 1683 565 1697 ,
579 1659 610 1690 &
624 1656 720 1689 variis
731 1654 935 1690 coenonibus
945 1669 1155 1705 expurgatum
1167 1686 1176 1700 ‚
1199 1668 1235 1692 ut
1249 1655 1344 1692 sulfur
1362 1658 1452 1693 velut
1473 1657 1610 1693 calidum
1635 1659 1787 1693 innatum

398 1703 566 1738 &metalli
580 1703 719 1738 formam
733 1703 871 1752 intelligi
882 1704 1008 1743 volunt.
1023 1706 1132 1741 Placet
1145 1706 1205 1740 illis
1227 1705 1378 1750 metalla,
1403 1712 1436 1743 &
1455 1706 1577 1753 lapides
1592 1717 1628 1740 ex
1657 1702 1715 1741 suis
1731 1705 1790 1741 se-²

397 1753 506 1785 rniniis
517 1754 607 1795 oriri,
620 1755 652 1785 vi
663 1753 801 1799 quadam
812 1753 940 1799 plastica
953 1767 1021 1789 non
1039 1766 1163 1789 errante
1186 1760 1220 1791 δέ
1236 1767 1316 1800 vaga
1329 1784 1338 1798 ‚
1352 1755 1403 1789 sed
1415 1754 1517 1789 stabili
1533 1784 1542 1798 ‚
1559 1753 1682 1801 ubique
1701 1767 1789 1803 gen-2

398 1802 482 1834 tium
501 1801 622 1835 eodem
639 1801 733 1848 plane
753 1802 853 1835 modo
870 1813 1027 1849 operante
1042 1832 1053 1846 ‚
1065 1803 1161 1837 instar
1182 1797 1360 1850 plantarum
1384 1804 1545 1838 interdum
1573 1802 1729 1846 crescere3
1746 1806 1788 1840 in³

399 1859 525 1883 truncos
539 1855 571 1886 δε
583 1861 687 1884 ramos
697 1849 835 1883 diffundi
854 1855 887 1885 &
903 1850 1019 1885 sursum
1037 1853 1130 1887 eniti.
1149 1854 1306 1886 Nam‘vis
1320 1851 1486 1886 formatrix
1504 1864 1574 1898 quae
1587 1852 1667 1886 inest
1682 1850 1780 1886 sulfu-

399 1897 426 1929 ri
445 1900 613 1931 materiam
632 1897 785 1944 paulatim
804 1900 969 1941 immutat,
990 1911 1128 1945 eamque
1151 1900 1188 1932 ad
1208 1899 1353 1934 debitam
1375 1900 1612 1948 perfectionem
1625 1902 1789 1946 perducitr

400 1946 479 1979 Hoc
490 1946 621 1992 quidem
635 1945 739 1988 sulfur,
756 1957 790 1980 ut
800 1947 996 1981 cordatiores
1009 1947 1163 1995 Chymici
1179 1948 1315 1984 statuunt
1325 1979 1332 1991 ‚
1343 1963 1409 1983 non
1422 1948 1442 1984 ὲι
1453 1949 1539 1983 coelo
1549 1962 1605 1984 aut
1616 1948 1789 1994 fideribus‚;

399 2006 466 2029 non
484 2006 524 2029 ex
548 1997 623 2041 igne
638 1994 771 2029 centrali
799 1994 1023 2040 profiviscitur,
1038 2007 1073 2030 ut
1091 1996 1206 2030 volunt
1220 1996 1429 2040 l'aracelfirae,
1447 1997 1499 2032 sed
1518 1997 1656 2045 ejusdem
1674 1997 1787 2035 forsan*

400 2043 443 2076 est
457 2054 578 2077 naturae
598 2055 671 2077 cum
691 2042 810 2090 vulgari
833 2042 948 2078 sulfure
963 2074 972 2088 ‚
984 2045 1038 2080 nifi
1055 2046 1140 2092 quod
1153 2045 1249 2095 longa
1272 2048 1445 2095 digcstione
1464 2049 1496 2081 in
1518 2046 1614 2081 fixum
1626 2076 1635 2090 ‚
1652 2059 1780 2093 purum,

401 2096 433 2127 δε
454 2090 714 2126 incombustibile
735 2092 877 2126 evaserit.
897 2094 1109 2129 Metallorum
1132 2097 1238 2129 anima
1256 2100 1415 2130 vocitatur
1436 2125 1444 2135 ,
1466 2097 1553 2141 quod
1577 2098 1614 2129 iis
1640 2094 1781 2144 speciem

399 2139 550 2188 largiatur
567 2145 599 2176 ὅ(
611 2140 764 2183 formam3
781 2153 878 2188 atque
892 2141 912 2176 si
930 2145 965 2177 iis
985 2144 1262 2186 credimus,custos
1273 2146 1316 2179 est
1334 2147 1460 2179 virtutis
1478 2143 1634 2179 seminalis
1654 2143 1696 2179 ab
1715 2147 1786 2182 Au-v

401 2188 494 2223 thore
516 2200 632 2223 naturre
647 2189 748 2224 insitae.

438 2238 539 2284 Qod
558 2237 635 2272 alibi
652 2240 811 2272 innuimus
823 2268 832 2281 ‚
847 2239 909 2273 hoc
929 2239 1002 2274 loco
1016 2243 1191 2286 repetimus
1203 2270 1211 2284 ‚
1233 2243 1386 2276 incertum
1402 2242 1575 2276 admodum
1594 2242 1654 2277 effe
1672 2248 1706 2279 &
1720 2243 1787 2278 dtr-1

400 2286 491 2321 bium
502 2315 511 2329 ,
530 2300 570 2322 an
583 2287 711 2335 vulgata
729 2287 965 2334 Chymicorum
983 2292 1139 2339 principia
1155 2303 1194 2324 ex
1207 2289 1342 2324 metallis
1354 2301 1407 2325 aut
1424 2290 1629 2327 mineralibus
1648 2292 1711 2326 ulla
1726 2305 1776 2326 ar-

401 2345 433 2368 te
445 2347 600 2370 eruantur.
631 2339 676 2370 An
691 2333 943 2371 vitriolum'illud
957 2340 1043 2384 quod
1065 2352 1101 2373 ex
1115 2339 1199 2374 ferro
1220 2345 1251 2375 δέ
1273 2351 1372 2384 cupro
1395 2338 1564 2374 conficitur
1577 2369 1586 2382 ‚
1605 2352 1679 2374 ante
1702 2339 1784 2376 effer

400 2384 434 2418 in
451 2386 485 2418 iis
505 2385 662 2434 metallis,
679 2397 720 2422 an
739 2384 807 2421 salis
821 2388 983 2424 rationem
997 2387 1142 2434 habeam
1160 2400 1201 2425 an
1222 2391 1330 2438 potius
1351 2400 1389 2425 ea
1406 2391 1545 2437 partium
1564 2401 1689 2426 textura
1708 2400 1778 2426 arte

1866 1551 1874 1575 ᾳ

1864 1745 1875 1850 a*
