1878 2724
424 125 795 165 TRACTATUS
834 126 1158 167 SECUNDUS.
1444 142 1501 170 19

92 179 184 230 egula
226 178 348 228 topi-ias
361 177 450 213 sedes
469 188 622 226 repetunt
635 193 644 220 ·,
658 176 807 213 infimum
821 204 831 219 ‚
843 176 976 215 &velut
992 189 1081 214 terrae
1106 178 1213 213 locum
1233 190 1369 228 occupat
1379 146 1499 215 vitriiin

109 221 146 266 in
155 192 326 279 pusilerem
339 230 578 264 comminutum
593 241 600 263 :
615 227 700 262 hunc
710 225 879 275 pulverem
889 228 1011 276 excipit
1027 226 1136 275 liquor
1147 230 1255 263 tartari
1270 257 1279 271 ,
1295 228 1348 262 seu
1372 228 1414 264 sal
1434 242 1501 264 tar..

97 282 172 316 <tari
195 277 443 326 exsolutus,qui
455 289 573 325 aquam
586 275 720 311 exhibet
733 292 742 320 3
756 274 830 310 huic
851 275 991 311 succedit
1003 276 1131 325 spiritus
1148 279 1218 312 vini
1237 279 1294 325 qui
1315 278 1424 314 a‘e'rem
1447 291 1501 313 ex-

96 330 228 378 primit.
239 330 425 371 Summum,
442 333 475 365 &
492 325 582 361 velut
595 328 676 375 ignis
688 324 798 360 locum
814 335 904 360 tenet
912 325 1021 361 oleum
1033 325 1269 363 subtilissimum
1279 355 1289 370 ,
1301 326 1403 362 velex
1415 341 1501 375 quo-

107 377 185 412 darn
194 380 321 426 gummi
335 407 344 422 ,
358 377 448 425 quod
467 375 577 411 beben
591 386 713 411 vocant
728 403 739 418 ‚
753 373 972 418 exstillaturn3
988 375 1042 410 vel
1064 377 1152 423 quod
1175 375 1301 411 facilius
1330 376 1374 411 est
1390 376 1500 412 oleum

97 427 250 475 -petrolei
259 456 268 470 ,
281 427 371 474 quod
386 426 431 461 est
444 424 613 462 bituminis
624 436 725 474 genus
735 421 928 460 levissimum
939 439 945 460 ·.·
956 423 1010 459 sua
1021 427 1140 474 cuique
1153 426 1196 461 est
1207 427 1348 474 gravitas
1357 454 1367 470 ‚
1378 431 1413 463 &
1427 426 1500 462 nul-

99 476 140 512 vla
157 476 203 511 est
217 475 360 511 absoluta
377 475 501 511 levitas.

144 526 233 575 Resp.
249 538 281 568 3.
290 524 373 561 nihil
389 524 477 560 forte
489 521 616 558 absurdi
626 520 688 558 esse
706 521 728 558 fi
737 523 933 572 principium
949 535 1057 558 motus
1067 521 1109 559 ab
1122 523 1267 560 Authore
1288 534 1411 559 naturae
1429 536 1501 559 cor-

95 574 241 622 poribus
254 574 290 610 sit
305 575 488 623 ingenitum
500 601 510 616 ‚
526 584 594 619 quo
607 572 756 607 ordinem
767 583 908 620 quaeque
921 570 1010 608 suum
1031 573 1161 609 servent
1181 585 1189 607 :
1211 584 1246 607 ut
1262 571 1370 607 multis
1387 585 1499 608 exem-

107 623 170 672 plis
183 623 294 659 saltem
309 621 480 671 probabile
494 619 558 657 effe
569 620 781 658 ostendimus.
799 622 1001 669 Qanquam
1016 621 1124 657 fateor
1137 620 1217 657 illud
1231 618 1292 656 esse
1308 623 1500 670 optandum,

107 685 142 708 ut
155 683 260 708 motus
276 674 420 721 gravium
431 683 488 719 per
510 670 715 707 mechanicas
734 673 876 706 rationes
889 670 1043 720 explicari
1054 670 1160 720 point.
1177 672 1268 707 Nam
1277 682 1349 718 quae
1368 671 1388 707 ὲ
1405 671 1500 706 nobis

105 721 204 756 allata
216 721 286 757 sunt
302 719 521 770 propensionis
540 719 695 756 naturalis
706 720 857 768 exempla
869 749 878 764 ‚
896 721 936 755 ad
947 720 1150 757 mechanicas
1164 720 1253 768 leges
1267 723 1412 755 revocari
1426 720 1500 768 pos-

105 768 177 806 sunt
187 799 197 814 ‚
212 782 250 805 ut
271 771 379 820 postea
393 771 538 807 dicemus
549 782 586 804 ac
597 771 684 805 reela
698 769 951 819 philosophandi
962 772 1046 805 ratio
1058 769 1163 805 causas
1181 769 1273 818 hujus
1282 772 1409 818 generis
1427 783 1501 806 rno-

106 818 189 855 rales
210 832 249 855 ex
260 819 396 856 naturali
413 819 626 856 inclinatione
645 822 802 868 repetitas
816 848 826 863 ,
844 830 983 866 quaeque
1007 821 1231 869 cognitionem
1255 818 1400 866 aliquam
1414 848 1424 863 ,
1445 831 1501 854 aut

105 866 228 905 sensum
246 869 394 906 videntur
403 868 755 919 postulare‚quantum
769 868 899 916 potest,
918 870 1042 917 rejicit,
1061 881 1097 903 ut
1115 879 1222 904 motus
1239 867 1447 917 sympathiae,
1467 874 1501 905 δι

104 917 573 968 antipathiae‚antiperistaseos
584 946 594 963 ‚
607 922 640 955 δι
651 917 714 953 alia
731 917 960 967 hujuscgeneris
983 917 1194 954 balbutientis
1213 916 1430 966 Philosophiae
1452 917 1502 954 lu-

95 965 226 1005 .dibria.

139 1016 225 1052 Cum
243 1027 354 1051 autem
375 1027 483 1051 motus
497 1017 603 1053 omnis
622 1019 780 1054 “actione
801 1021 835 1054 &
852 1015 1042 1064 impulsione
1060 1019 1290 1060 contineatur3
1311 1027 1419 1063 neque
1436 1014 1502 1050 ulla

99 1067 223 1101 Vtraffio
241 1064 348 1101 afferri
369 1077 490 1113 queat,
506 1077 561 1100 aut
573 1067 713 1116 intelligi
726 1079 796 1114 quae
813 1065 1039 1114 impulsionem
1057 1080 1126 1102 non
1148 1065 1270 1102 habeat
1289 1066 1499 1113 adjunctam:

104 1126 245 1162 cumque
262 1113 403 1162 intelligi
414 1113 591 1163 non-point
602 1129 665 1164 qua
677 1118 804 1151 ratione
825 1125 910 1149 terra
927 1115 968 1149 ad
983 1114 1013 1149 se
1031 1115 1160 1150 trahere
1173 1113 1282 1149 valeat
1290 1116 1401 1164 gravia
1411 1125 1501 1161 quae-

107 1175 172 1211 que
189 1175 347 1211 corpora,
369 1162 450 1199 nulli
468 1162 602 1200 dubium
616 1166 682 1209 est,
704 1166 783 1214 quin
804 1163 903 1213 longe
919 1163 1046 1199 facilior
1074 1162 1151 1199 esset
1173 1174 1280 1201 motus
1303 1175 1407 1199 rerum
1428 1174 1499 1211 gra-

99 1215 202 1250 -xium
225 1215 370 1261 cognitio
382 1241 392 1257 ,
408 1211 428 1248 si
443 1213 483 1248 ad
501 1213 726 1261 impulsionem
746 1212 863 1248 referri
876 1211 989 1260 posset.

626 1313 657 1348 C
691 1313 720 1347 A
754 1313 780 1348 P
815 1311 850 1348 U
884 1312 916 1347 T
964 1312 1023 1347 11.

297 1412 378 1460 ’95ae
395 1412 485 1458 ‘'⁶⁶¹ss
511 1414 682 1459 extrinficae
694 1414 852 1460 gravium
877 1409 1050 1457 desbenfiam
1071 1406 1185 1457 poffint
1205 1405 1333 1453 efficere.

105 1548 108 1551 ,
164 1528 171 1532 -
198 1512 265 1548 'Uo
273 1507 399 1556 aliquid
417 1507 470 1543 ve'l
490 1507 664 1557 probabile
690 1510 722 1544 in
748 1508 798 1544 re'
812 1508 896 1543 adeo
925 1505 1067 1543 abstrusa
1082 1505 1198 1542 afferre
1216 1503 1375 1555 possimus
1388 1534 1397 1548 ,
1422 1504 1500 1541 illud

103 1510 360 1608 Qprincipii
378 1557 451 1592 loco
460 1558 631 1592 statuamus
647 1586 657 1599 ‚
672 1558 762 1604 quod
778 1568 817 1592 ex
830 1560 902 1592 viro
914 1553 1022 1590 clariss·
1034 1559 1077 1592 D.
1091 1556 1245 1590 Perrault
1255 1582 1262 1592 ,
1282 1557 1394 1600 jamin
1413 1557 1502 1602 prio-

108 1610 136 1642 ri
148 1609 293 1644 editione
303 1607 402 1655 'hujus
417 1608 524 1653 operis
543 1606 709 1641 attulimus
722 1634 731 1648 ‚
747 1606 903 1652 quodque
918 1606 953 1640 in
969 1615 1044 1653 egre
1069 1605 1100 1637 io
1115 1614 1214 1651 opere
1231 1603 1319 1650 quod
1332 1615 1432 1651 nuper
1443 1614 1501 1651 pu-

108 1656 281 1702 blici-iuris
296 1655 395 1698 fecit,
416 1660 449 1691 δε
463 1657 663 1691 Tentarnina
681 1653 811 1703 physica
831 1651 992 1701 inscripsit,
1007 1617 1124 1688 diserte
1134 1651 1274 1701 explicat
1292 1680 1301 1694 ‚
1318 1663 1428 1687 aerem
1451 1654 1501 1686 vi-

108 1697 230 1740 delicet
239 1704 337 1742 nobis
354 1703 577 1739 circumfusum
591 1716 629 1738 ex
647 1703 748 1738 tribus
768 1702 971 1752 potissimum
982 1699 1124 1750 partibus
1147 1713 1210 1737 una
1238 1701 1401 1749 permistis
1421 1713 1501 1736 con-

99 1755 198 1791 stare.
214 1752 506 1801 Primamappellat
519 1752 707 1787 crassiorem
721 1779 731 1791 ‚
742 1752 879 1787 alteram
890 1750 1041 1786 fiibtilem
1052 1779 1062 1794 ‚
1085 1752 1214 1785 tertiam
1229 1749 1410 1785 aetheream.
1426 1752 1501 1786 Pars

109 1803 383 1846 aeris‹crassior‚ex
401 1804 437 1837 iis
449 1800 647 1850 corpusculis
657 1800 824 1845 coalescit,
840 1814 913 1849 quae
928 1800 1089 1836 mediocri
1113 1799 1291 1834 subtilitate
1312 1804 1344 1836 δι
1358 1800 1503 1848 pondere

109 1853 273 1888 donanmr
286 1882 296 1897 ,
307 1864 377 1899 quae
391 1857 425 1889 δι
441 1850 538 1886 facile
552 1853 722 1900 comprimi
733 1849 859 1899 possunt
869 1849 1013 1886 :subtilis
1026 1861 1081 1884 aer
1097 1849 1140 1883 est
1152 1861 1206 1884 cor
1230 1846 1409 1884 usculorum
1421 1861 1502 1883 con-

101 1904 296 1951 >geries‚qnae
309 1913 345 1937 ut
368 1901 464 1950 longe
482 1899 649 1936 subtiliora
662 1930 673 1945 ‚
684 1904 728 1936 ita
741 1906 775 1938 ὅτ
796 1901 947 1949 graviora
956 1898 1026 1935 sunt
1053 1899 1091 1933 iis
1106 1861 1296 1947 corpusculis
1311 1926 1322 1941 ‚
1340 1896 1505 1945 exquibus

111 1951 241 1986 crassior
249 1964 303 1986 aer
315 1952 532 1999 componitur.
558 1950 619 1985 Sed
637 1962 676 1985 ea
688 1952 862 1999 comprimi
878 1961 945 1984 non
962 1947 1091 1998 possunt
1105 1977 1114 1991 ,
1129 1948 1218 1995 quod
1232 1959 1295 1995 prae
1310 1945 1363 1982 sua
1377 1948 1505 1996 exigui-

114 2005 254 2042 tate.‚r&
266 1999 370 2049 'figura
384 2000 476 2035 forte
493 1999 644 2048 sphaerica
655 2012 714 2035 nec
727 2000 830 2035 dividi
847 2010 991 2047 queant,
1008 2010 1069 2034 nec
1088 1996 1210 2033 infleffl
1227 2010 1236 2033 ε
1262 1997 1347 2032 unde
1364 1998 1395 2030 vi
1411 1998 1504 2031 omni

114 2047 240 2083 elastica
255 2059 495 2096 exmintur‚quae
506 2052 540 2084 in
555 2047 652 2084 crasso
662 2062 736 2084 aere
748 2063 817 2085 non
830 2049 895 2084 alia
906 2050 1031 2083 ratione
1049 2047 1128 2081 inest
1137 2075 1146 2090 ,
1160 2059 1261 2094 quam
1273 2045 1361 2093 quod
1376 2043 1502 2093 singulis
1524 2078 1526 2080 ,

116 2102 182 2144 ejus
193 2096 263 2133 in'sit
276 2095 470 2146 partibusnxt
485 2097 561 2133 lanae
573 2127 583 2142 ,
597 2109 650 2133 aut
662 2098 803 2147 pilorum
812 2110 945 2134 acervus
954 2097 1127 2144 comprimi
1141 2095 1246 2144 potest
1258 2125 1267 2139 ,
1288 2100 1321 2131 &
1332 2096 1366 2130 vi
1380 2094 1504 2129 elastica

115 2147 322 2195 estspraeditus
336 2147 443 2194 ‚quod
452 2146 521 2194 pili,
532 2158 590 2181 aut
607 2146 661 2182 fila
678 2146 796 2196 singula
805 2149 921 2183 eadem
937 2146 1108 2182 vielastica
1121 2145 1294 2180 donentur.
1305 2146 1378 2180 Nec
1392 2154 1503 2178 tamen

116 2197 272 2245 exiguitas
282 2199 425 2243 partium
437 2197 573 2243 impedit
583 2198 755 2243 quominus
772 2210 820 2231 ‘eae
834 2197 884 2233 sua
894 2199 1065 2247 gravitate,
1077 2207 1132 2230 aut
1149 2193 1292 2243 pondere
1312 2191 1370 2227 sint
1391 2193 1503 2226 instru-

118 2247 183 2282 ἃῑε.
201 2247 709 2289 Cummercuriusssurumssenuis
717 2258 912 2294 arena,aqua
929 2245 993 2294 ipsa
1010 2245 1117 2293 palam
1137 2244 1255 2277 faciant
1270 2243 1410 2290 partium
1430 2239 1503 2275 sub·

118 2294 273 2330 tilitatem
284 2307 340 2330 aut
352 2298 545 2330 tenuitatem
558 2324 567 2338 ,
585 2307 658 2329 cum
674 2297 834 2341 gravitate
849 2302 883 2332 &
905 2294 1066 2330 soliditate
1079 2294 1215 2340 partium
1237 2290 1334 2326 facile
1354 2291 1504 2337 conjungi

119 2342 203 2391 posse
215 2357 222 2378 ε
236 2356 301 2379 non
320 2347 406 2380 enim
419 2347 483 2380 toti
495 2347 574 2380 aeiis
588 2343 712 2378 subtilis
730 2343 832 2388 moli,
844 2343 897 2379 sed
912 2343 1040 2392 singulis
1059 2347 1123 2389 ejus
1144 2339 1330 2388 corpusculis
1349 2350 1384 2372 ea
1399 2337 1505 2373 solidi„

122 2403 169 2428 tas
182 2392 340 2430 tribuitur.
365 2395 495 2430 Pondus
516 2407 595 2430 vero
611 2393 700 2442 liujus
713 2392 836 2428 subtilis
851 2395 931 2428 a'c'tis
946 2394 1034 2427 exiis
1049 2403 1116 2439 quae
1137 2392 1168 2425 in
1185 2389 1329 2425 machina
1348 2400 1507 2436 pneuma⁹

1274 2441 1303 2474 T
1332 2439 1362 2485 iij
