1878 2724
408 173 472 216 498
874 199 877 202 .
956 163 984 201 P
994 163 1032 200 H
1045 162 1075 201 Y
1085 165 1109 200 S
1119 165 1132 199 1
1145 161 1175 200 C
1184 164 1237 199 AE‘
1279 169 1282 171 ’

408 223 549 268 Qartus
567 215 586 251 Ξι
600 216 765 250 communi
777 212 916 249 aliorum
928 211 1083 248 concursu
1094 215 1135 248 ad
1151 209 1334 262 glandulam
1348 212 1515 261 pinealem
1524 213 1613 249 resta
1630 211 1715 249 intra
1727 219 1782 250 cea·

407 269 538 303 rebrum
557 263 714 298 delabitur
733 291 743 306 ‚
764 267 797 299 &
821 260 1006 311 sanguinem
1028 262 1049 298 a
1066 261 1276 297 cervicalibus
1294 263 1417 296 arteriis
1442 273 1611 311 exceptum
1631 265 1665 298 in
1684 262 1781 304 venas

404 316 519 353 itidem
529 324 599 360 quae
610 310 769 360 jugulares
779 311 927 347 dicuntur
935 339 945 354 ‚
954 323 1043 345 extra
1054 313 1196 346 cranium
1213 308 1318 358 ipsum
1336 310 1471 346 revehit.

442 366 529 399 Nam
545 361 698 409 jugulares
708 372 797 396 venae
816 358 999 409 sanguinem
1015 373 1148 396 omnem
1163 359 1181 394 ὲ
1192 357 1327 402 cerebro
1338 359 1377 393 ad
1392 371 1446 394 cot
1460 358 1604 395 referunt
1618 389 1630 405 ,
1653 373 1713 396 nec
1726 373 1782 396 ce.

405 412 535 449 rebrum
549 409 651 458 ipsum
666 409 863 458 pervadunt:
881 421 988 456 neque
1005 411 1093 444 enim
1112 421 1178 444 tam
1200 405 1330 442 densam
1347 407 1474 442 cerebri
1495 419 1687 458 compagem
1712 421 1783 446 tuto

407 460 559 498 subirent.
572 459 681 503 Quare
695 471 738 494 ex
755 459 833 492 dura
845 459 999 507 meninge
1013 460 1046 492 in
1072 457 1137 493 sese
1155 456 1329 492 convoluta
1350 455 1430 493 finus
1446 469 1600 504 tanquam
1610 457 1785 508 oblongio-

406 523 456 546 res
472 508 607 543 sacculos
620 512 653 544 δε
667 507 799 546 venulas
820 518 860 541 ex
878 509 915 541 iis
931 507 1128 555 prodeuntes
1156 505 1431 554 compendiosiore
1450 507 1503 541 via
1516 533 1526 549 ‚
1545 511 1577 543 &
1596 509 1715 541 tutiore
1733 506 1785 542 ef.

408 560 502 595 finxit
520 568 640 591 naturae
651 556 785 604 Opifex.
811 556 898 592 Cum
913 567 1022 591 autem
1033 554 1210 604 periculum
1231 553 1307 590 effer
1330 567 1371 589 ne
1390 552 1513 604 sanguis
1530 555 1628 590 redux
1642 556 1659 591 ὲ
1680 550 1785 604 capite‘

407 607 537 644 uberius
553 608 588 642 in
601 605 759 654 jugulares
776 617 875 640 venas
892 605 1071 640 exundaret
1088 634 1098 648 ,
1111 605 1273 650 utrimque
1295 605 1329 638 in
1345 615 1476 638 externa
1497 605 1597 639 cranii
1614 616 1702 652 parte
1715 616 1785 639 am-

410 657 464 706 pla
477 685 485 699 ‚
503 652 647 689 tortuosa
657 683 668 697 ‚
681 660 715 691 &
725 652 810 689 ossea
825 652 933 702 specus
947 654 1025 688 dura
1037 655 1192 702 >meninge
1202 652 1346 687 obducta
1360 651 1468 694 ,velut
1485 653 1648 700 quoddam
1663 651 1788 702 sangui-

410 706 514 755 guinis
526 702 748 738 diverticulum
757 732 767 747 ‚
776 703 839 737 fuit
848 714 1002 738 excavata
1016 713 1068 745 ,ut
1086 703 1119 737 in
1137 703 1196 737 hac
1209 701 1300 736 velut
1312 699 1458 749 spelunca
1469 712 1623 748 tanquam
1636 703 1671 737 in
1683 714 1788 749 prom*—

412 755 537 804 pruario
554 751 710 800 quodam,
729 763 785 787 aut
797 751 874 789 vase
889 750 1000 799 amplo
1020 750 1146 800 sanguis
1159 749 1316 785 sisteretur
1328 778 1338 792 ,
1357 749 1428 784 fere
1441 761 1477 784 ut
1489 761 1580 798 aquae
1597 753 1630 788 in
1641 749 1789 794 castellis,

412 802 509 851 vulgo
528 800 659 850 regards
672 829 681 844 ‚
699 799 821 837 solent:
838 813 880 835 ne
892 799 1017 849 sanguis
1029 800 1199 835 confertim
1217 802 1336 834 irruens
1352 798 1441 832 cordi
1451 799 1606 834 diluvium
1622 810 1678 835 aut
1693 797 1790 835 suffo-

413 856 573 887 cationem
588 851 768 885 minaretur.
801 850 893 897 Qin
908 849 994 883 forte
1010 848 1055 883 ob
1070 861 1142 883 eam
1155 847 1282 883 causam
1295 859 1408 883 omnes
1435 848 1518 882 durae
1533 850 1692 897 meningis
1711 847 1790 884 finus

413 912 466 936 tot
478 899 676 947 distinguunt
684 897 805 933 cellulae
817 927 827 942 ‚
843 909 893 932 tot
906 896 993 932 fibrae
1003 896 1201 932 transversim
1215 896 1382 932 collocatae
1397 897 1551 933 dirimunt
1560 926 1570 941 ,
1580 909 1616 933 ut
1630 896 1791 946 sanguinis

413 960 540 985 motum
556 959 670 996 regant
680 976 690 990 ,
706 952 739 984 &
753 947 842 982 velut
853 945 987 982 habenae
1001 947 1148 993 quaedam
1169 946 1384 980 moderentur.
1597 972 1604 979 Ι

449 997 644 1045 Sanguinem
658 995 679 1031 a
695 996 791 1030 corde
804 997 836 1031 in
854 994 1021 1030 cerebrum
1032 995 1198 1030 advehunt
1213 996 1336 1029 arreriae
1355 994 1513 1029 carotides
1529 999 1562 1030 δε
1581 993 1790 1038 vertebrales,

415 1046 562 1094 longiore
579 1045 711 1091 quidem
731 1045 829 1080 duCtu
848 1056 943 1090 quam
964 1045 998 1078 in
1017 1046 1110 1077 mutis
1123 1042 1352 1078 animantibus.
1375 1044 1507 1077 Arteriae
1529 1043 1686 1078 carotides
1705 1043 1792 1092 post-

413 1107 510 1143 quam
520 1095 619 1127 cranii
633 1091 732 1127 basim
748 1091 892 1135 subiere,
902 1094 1156 1140 circumaguntur
1167 1120 1176 1135 ‚
1187 1103 1222 1127 ut
1234 1090 1354 1140 sanguis
1372 1091 1472 1139 pleno
1489 1090 1588 1127 fluens
1601 1091 1713 1134 alveo,
1724 1104 1792 1127 non

414 1141 590 1178 confertim
605 1170 616 1185 ‚
630 1146 662 1177 &
676 1143 827 1177 torrentis
841 1141 952 1184 instar,
967 1139 1020 1174 sed
1031 1140 1209 1188 placidiore
1220 1151 1310 1174 motu
1326 1142 1359 1175 in
1368 1139 1536 1174 cerebrum
1551 1139 1712 1177 illabatur.
1728 1140 1793 1175 Sed

416 1203 526 1227 tamen
537 1190 718 1225 cavendum
731 1201 851 1226 eratne
864 1188 1018 1238 sanguis&
1035 1191 1123 1224 recto
1141 1191 1257 1224 itinere
1269 1190 1352 1223 intra
1370 1191 1511 1224 cranium
1524 1217 1535 1232 ‚
1550 1187 1604 1223 seu
1620 1189 1792 1224 calvariam

415 1240 594 1275 defleetens
605 1267 616 1281 ,
629 1241 662 1273 in
674 1237 812 1287 seipsum
825 1249 991 1273 contortus
1006 1266 1016 1281 ,
1028 1243 1061 1274 &
1071 1236 1156 1284 quasi
1170 1239 1259 1273 actus
1271 1239 1303 1272 in
1314 1239 1472 1272 vorticem
1483 1237 1556 1273 vasa
1571 1237 1791 1286 disrumperet.

416 1293 531 1335 Itaque
546 1287 618 1321 huic
628 1286 648 1322 a
663 1299 776 1322 natura
787 1285 961 1321 discrimini
971 1285 1133 1335 provisum
1145 1288 1242 1322 etiam
1260 1286 1323 1320 fuit
1333 1314 1343 1328 ‚
1363 1286 1441 1320 durn
1456 1288 1587 1333 utrique
1603 1289 1728 1321 arteriae
1749 1289 1795 1321 ita

417 1336 542 1373 inflexae
559 1335 676 1371 osseum
690 1336 833 1371 canalem
851 1338 935 1370 intra
949 1337 1092 1370 cranium
1109 1338 1232 1383 aptavit
1247 1363 1257 1377 ,
1274 1346 1310 1368 ac
1324 1346 1474 1382 praeterea
1495 1347 1616 1370 novam
1630 1334 1675 1369 illi
1691 1335 1708 1370 ὲ
1719 1336 1796 1370 dura

418 1397 521 1422 matre
536 1386 677 1419 tunicam
691 1387 823 1431 majoris
843 1382 1017 1418 securitatis
1028 1382 1117 1418 causa
1127 1385 1284 1432 adjunxit.
1303 1383 1366 1417 Sed
1386 1382 1442 1417 ubi
1455 1380 1572 1418 sursum
1585 1384 1629 1417 est
1643 1384 1796 1428 eluctata,

417 1436 454 1470 tsi
463 1432 597 1469 ascititia
611 1435 765 1476 tunica‚ut
774 1432 878 1468 inutili
888 1431 1130 1480 deposita,tenui
1142 1433 1287 1480 meningi
1299 1430 1472 1467 &cerebro
1485 1431 1620 1467 surculos
1631 1431 1796 1469 distribuit.

445 1485 524 1533 Jam
541 1484 663 1516 arteriae
675 1494 788 1517 omnes
806 1493 917 1516 mutua
937 1481 1090 1516 societate
1103 1483 1147 1515 ita
1161 1483 1244 1516 inter
1262 1480 1294 1514 se
1313 1484 1544 1528 conjunguntur
1557 1508 1567 1523 ,
1583 1492 1618 1514 ut
1642 1480 1662 1515 si
1678 1493 1740 1517 una
1757 1492 1796 1516 ex

423 1534 460 1567 iis
473 1528 546 1565 casu
561 1530 704 1578 quodam
724 1529 848 1565 occlusa
860 1530 958 1565 fuerit
974 1559 984 1572 ‚
1000 1530 1158 1578 sanguinis
1179 1541 1285 1564 motus
1302 1529 1382 1564 nihil
1397 1528 1591 1563 inhibeatur.
1617 1530 1720 1574 Qod
1734 1528 1798 1564 tibi

419 1579 626 1616 manifestum
645 1578 702 1613 fiet
715 1608 724 1622 ‚
739 1577 760 1613 si
773 1579 931 1626 liquorem
941 1590 1122 1614 atramento
1133 1578 1290 1614 infestum
1304 1577 1436 1626 syringis
1446 1591 1508 1626 ope
1521 1577 1683 1625 injeceris,
1708 1581 1796 1615 Nam

420 1629 527 1676 liquor
542 1639 609 1663 tum
628 1627 761 1662 alteram
772 1629 951 1662 carotidem
961 1656 970 1670 ,
984 1638 1053 1662 tum
1066 1629 1164 1662 etiam
1173 1626 1371 1662 vertebrales
1380 1628 1509 1662 arterias
1525 1625 1657 1663 inficiet.
1682 1629 1798 1662 Minu-

422 1680 520 1713 tiores
549 1689 680 1724 quoque
700 1679 821 1711 arteriae
848 1679 882 1711 in
898 1675 1107 1712 substantiam
1129 1675 1255 1710 cerebri
1273 1687 1464 1724 penetrant:
1479 1673 1602 1710 tametfi
1624 1675 1707 1710 adeo
1728 1676 1799 1711 sunt

422 1725 520 1761 exiles
543 1755 553 1769 ‚
572 1737 606 1759 ut
621 1724 701 1759 visus
720 1728 821 1760 aciem
849 1737 932 1773 pene
952 1724 1108 1774 effugiant
1127 1739 1135 1760 :
1152 1724 1208 1761 nisi
1232 1726 1333 1760 tenuis
1351 1723 1473 1759 cerebri
1494 1723 1686 1759 membrana
1699 1752 1710 1767 ‚
1724 1737 1798 1772 quae

422 1777 474 1823 pia
488 1786 590 1808 mater
599 1773 697 1822 vulgo
707 1774 824 1809 dicitur
836 1803 847 1817 ‚
856 1773 988 1808 solerter
1001 1774 1194 1809 detrahatur.
1211 1777 1248 1809 Et
1264 1773 1396 1820 quidem
1405 1771 1601 1817 ubicumque
1611 1772 1732 1808 secetur
1743 1785 1798 1808 ce-

421 1822 508 1857 rebri
521 1822 703 1865 substantia,
720 1824 838 1870 puncta
847 1834 1002 1871 apparent
1013 1822 1180 1871 sanguinea
1189 1851 1199 1866 ‚
1214 1835 1281 1870 quae
1293 1835 1367 1857 cum
1382 1821 1475 1856 latius
1489 1821 1519 1856 se
1532 1820 1732 1866 diffundant,
1742 1833 1800 1870 pa-

422 1872 485 1906 lam
502 1872 543 1905 est
562 1884 636 1905 eum
655 1872 671 1906 ὲ
689 1871 778 1905 sestis
798 1870 876 1905 vafis
891 1870 1044 1907 defluere.

462 1922 563 1953 Venae
575 1918 698 1953 cerebri
717 1921 733 1954 ὲ
753 1919 834 1953 durae
846 1921 957 1955 matris
973 1918 1088 1953 finibus
1104 1921 1135 1953 in
1150 1930 1280 1952 tenuem
1295 1918 1368 1952 huic
1383 1916 1556 1962 subjectam
1578 1915 1801 1952 membranam

425 1967 646 2003 diffinduntur
667 1980 674 2001 :
695 1967 760 2002 haec
778 1979 857 2001 vero
870 1965 1058 2001 membrana
1071 1967 1154 2000 adeo
1170 1967 1271 2000 tenuis
1284 1967 1330 2000 est
1341 1995 1351 2007 ‚
1366 1978 1402 2000 ut
1420 1968 1469 2000 vix
1482 1966 1501 2000 a
1516 1965 1650 2000 cerebro
1671 1965 1745 2000 sano
1767 1971 1802 2002 &

420 2018 547 2055 >recenti
557 2014 666 2049 divelli
680 2014 781 2062 poffit.
795 2017 835 2049 Et
848 2026 954 2050 tamen
969 2017 1093 2049 arteriis
1104 2020 1135 2051 δε
1146 2017 1235 2049 venis
1249 2017 1295 2048 ita
1311 2015 1355 2050 est
1368 2014 1529 2061 conspersa
1544 2043 1553 2057 ‚
1579 2026 1630 2049 tot
1654 2013 1802 2049 vasorum

426 2063 575 2113 plexibus
587 2075 740 2098 contexta
750 2092 758 2106 ‚
776 2076 810 2099 ut
827 2063 974 2112 sanguini·
984 2063 1129 2098 universo
1142 2062 1266 2098 cerebri
1279 2065 1431 2098 corticem
1444 2092 1454 2106 ,
1466 2068 1500 2100 &
1516 2074 1621 2112 partes
1635 2065 1804 2098 interiores

423 2114 575 2161 irriganti
592 2111 755 2160 praebeant
766 2124 996 2156 commeatum3
1010 2125 1122 2147 omnes
1135 2110 1429 2147 cerebrivanfraetus
1447 2112 1740 2149 &convolutiones
1758 2110 1802 2146 su-

426 2161 638 2206 bir,snmmas
652 2166 684 2198 &
700 2173 849 2197 extantes
868 2174 975 2209 partes.
985 2162 1149 2196 conneffit
1163 2177 1172 2202 ς
1188 2163 1355 2197 interiores
1371 2160 1567 2196 ventriculos
1592 2159 1716 2194 cerebri
1741 2159 1799 2194 ob·

428 2208 723 2257 ducit-‚sanguinem
740 2212 878 2257 denique
891 2209 981 2245 velut
1003 2212 1034 2244 in
1059 2210 1128 2244 vase
1152 2209 1352 2245 circulatorio
1369 2210 1536 2258 gignendis
1551 2207 1708 2256 spiritibus
1727 2220 1803 2257 [πει

428 2271 528 2308 parat.
538 2259 701 2295 Postremo
718 2258 841 2294 cerebri
857 2263 889 2294 &
907 2258 1059 2293 cerebelli
1078 2258 1204 2294 molem
1217 2258 1386 2295 aretiffime
1402 2257 1684 2306 coniplestitur,ne
1694 2257 1801 2292 mollis

429 2314 463 2345 &
485 2308 567 2342 male
579 2308 744 2344 cohaerens
757 2307 926 2343 substantia
947 2307 1041 2342 facile
1053 2310 1251 2350 concuti,aut
1268 2307 1323 2342 suo
1334 2305 1430 2355 possit
1446 2307 1519 2341 loco
1529 2308 1699 2341 dimoveri.

470 2358 580 2392 Tenui
596 2359 748 2405 meninge
758 2386 767 2399 ,
780 2357 830 2392 Gen
844 2356 1031 2391 membrana
1045 2357 1188 2391 detracta
1202 2385 1212 2399 ,
1235 2357 1362 2391 cerebri
1374 2354 1542 2390 substantia
1555 2355 1616 2390 sese
1628 2353 1800 2389 videndam

429 2405 571 2440 exhibet.
601 2407 747 2453 Qatuor
757 2409 792 2448 in
801 2403 894 2441 lobos
909 2417 1063 2453 tanquam
1073 2407 1106 2441 in
1115 2417 1253 2452 quatuor
1263 2404 1501 2454 propugnacula
1511 2404 1681 2440 dividitur:
1695 2411 1802 2437 cortex
