1878 2724
134 171 260 208 validus
274 171 337 208 fuit
351 181 389 209 ut
404 172 593 222 angulorum
607 172 714 220 apices
725 170 881 215 elideret,
908 176 941 207 δε
951 173 1091 220 partium
1103 171 1328 220 asperitatem,
1354 171 1374 207 fi
1393 184 1462 219 quae
1480 141 1527 208 eAl5

135 221 181 258 set
195 249 205 264 ,
222 221 396 271 laevigaret.
419 225 579 269 roirca
591 219 682 256 scobs
697 219 750 254 illa
763 218 971 256 minutiffima
984 249 994 264 ,
1007 233 1079 268 quae
1096 233 1135 256 ex
1147 221 1258 256 collisu
1277 220 1517 269 majuscularum

134 272 272 319 partium
282 272 421 320 prodiit,
446 284 519 318 quae
534 269 660 305 fuissent
681 281 780 303 vacua
793 269 949 317 spatiola,
971 272 1108 304 omnino
1123 269 1283 318 implevit.

166 321 271 368 Hujus
284 320 367 354 adeo
379 323 484 355 tenuis
494 319 636 368 pulveris
647 317 735 353 velut
753 317 883 366 granula
896 318 959 353 hoc
974 317 1111 352 celerius
1129 324 1161 355 ὃ(
1176 318 1304 354 facilius
1319 331 1493 354 moventur
1505 348 1515 363 ,

133 366 335 416 quominora
352 369 442 413 sunt,
465 374 499 405 &
523 380 581 416 per
600 367 797 415 angustiores
817 378 938 402 meatus
955 395 967 411 ‚
984 367 1036 402 vel
1051 366 1261 416 globulorum
1277 368 1440 404 anfractus
1452 370 1515 402 im-

133 415 307 466 pelluntur.
321 419 372 452 Sic
382 416 682 453 comminutafleffl
693 415 787 451 facili:
795 414 939 463 poffunt,
959 421 992 452 8<
1008 415 1088 450 nulli
1097 415 1168 451 sunt
1182 415 1288 464 figurat
1302 418 1429 453 addicta
1441 430 1450 452 ε
1462 416 1515 451 sed

132 477 205 500 eam
222 466 359 501 induunt
377 479 446 516 quae
463 465 602 514 spatiolis
617 463 791 511 implendis
810 464 856 496 est
866 466 964 511 magis
980 465 1109 500 idonea.
1132 467 1207 501 Nec
1217 477 1324 500 motus
1335 464 1516 514 impreffio-

131 516 165 549 ni
179 513 426 563 obstant‚neque
436 516 498 549 alia
510 513 579 547 aliis
594 511 665 546 sunt
681 510 902 559 implicitazsed
919 514 1056 546 omnino
1072 515 1154 547 inter
1173 512 1203 547 se
1221 513 1319 548 divisa
1330 517 1457 549 moveri
1479 527 1519 549 ea.

132 562 233 609 quam
243 561 526 597 citiffimeneceffe
545 561 604 595 est.
629 560 759 607 Corpus
773 562 861 594 enim
875 560 965 607 quod
984 558 1027 594 ab
1046 560 1110 596 alio
1125 562 1322 610 impellitur,
1341 563 1404 597 hoc
1421 562 1515 598 citius

132 623 282 646 movetur
293 639 304 655 ‚
321 609 389 658 quo
402 613 503 646 minus
515 610 567 645 est.
586 609 696 660 Qre
705 607 795 643 scobs
808 608 861 643 illa
873 614 907 645 &
922 608 1014 644 velut
1028 609 1134 658 pulvis
1148 609 1248 657 quam
1261 609 1435 659 raptislime
1449 625 1521 646 mo-

132 670 224 693 vetut
238 670 296 708 per
305 659 514 708 globulorum
526 658 690 693 anfractus
707 672 714 694 :
737 669 773 693 ut
795 656 999 694 follibusvel
1019 658 1111 694 lento
1128 670 1220 695 motu
1241 659 1369 695 occlusis
1389 662 1440 694 aiir
1460 672 1518 709 per

131 705 203 742 tubi
216 710 372 757 angustias
382 708 482 756 quam
499 706 647 744 citiffime
676 709 825 755 erumpit.

165 756 249 791 Cum
260 756 385 806 globuli
406 761 489 792 circa
500 768 673 793 commune
699 768 844 792 centrum
863 768 997 806 gyrant,
1017 758 1039 791 ii
1056 770 1171 794 omnes
1184 757 1203 794 ὲ
1217 757 1327 793 medio
1340 761 1430 806 juxta
1443 772 1515 795 mo-

131 815 218 839 tuum
241 804 329 854 leges
353 807 504 841 rece'dete
521 816 682 842 conantur
697 819 704 840 :
719 816 756 839 ut
776 805 873 840 funda
885 806 1079 840 circumacta
1097 808 1238 842 tenditur
1251 835 1261 850 ,
1277 808 1367 853 quod
1390 807 1418 842 la
1445 810 1471 841 is
1494 806 1515 841 ἐι

128 864 242 888 centro
251 856 359 891 motus
368 857 519 890 recedere
533 854 696 890 moliatur.
722 854 835 900 Qare
846 853 968 890 necesse
978 856 1021 890 est
1032 867 1069 890 ut
1087 856 1232 891 medium
1246 855 1329 890 illius
1342 820 1515 902 qiialsvor-

128 903 198 937 ticis
212 931 222 946 ‚
241 915 297 939 aut
311 916 446 940 vacuum
460 904 543 939 telin
570 914 663 938 natur
677 931 688 947 ‚
712 902 798 938 autin
831 905 912 938 rimo
925 903 1089 939 elemento
1111 916 1298 952 occupetur.
1322 905 1424 951 Qod
1442 918 1515 941 curn

127 950 278 987 citiffime
294 954 434 1002 agitetur
447 982 457 997 ‚
478 965 533 988 aut
545 916 651 987 (solem
665 980 674 995 ‚
697 963 750 986 aut
766 915 889 987 stellam
913 954 946 988 in
965 953 1076 988 medio
1094 952 1244 1001 cujusque
1271 954 1458 997 constituit,
1477 965 1515 989 ut

127 997 182 1034 suo
203 999 277 1035 loco
292 1002 450 1038 dicemus.
475 1002 589 1048 quue
605 1001 724 1035 eodem
743 1001 813 1036 fere
842 1001 943 1036 modo
963 1004 1073 1036 evenit
1086 1031 1097 1046 ,
1126 1013 1226 1049 atque
1254 1004 1285 1037 in
1307 1001 1409 1038 fluvio
1423 1031 1432 1046 ,
1456 1002 1514 1037 ubi

127 1051 219 1097 parvi
239 1053 378 1086 vortices
399 1061 556 1102 apparent
574 1052 606 1085 in
620 1050 731 1086 medio
749 1052 841 1086 vacui
859 1067 870 1095 ς
896 1062 964 1087 tum
983 1053 1070 1087 enim
1095 1053 1147 1086 a‘c'r
1162 1050 1300 1100 spatium
1318 1051 1398 1086 illud
1421 1055 1514 1087 inane

126 1109 274 1146 occupat.

163 1146 304 1194 Reliqua
318 1160 386 1195 quae
408 1149 448 1184 ad
465 1147 832 1197 systema'Cartesianum
848 1149 1014 1198 pertinent
1033 1177 1043 1192 ,
1070 1148 1275 1184 commodius
1294 1161 1514 1198 exponemus,

126 1207 200 1230 cum
216 1196 256 1229 de
274 1197 360 1231 coelo
375 1198 584 1233 tractabimus
599 1211 606 1232 :
627 1198 747 1232 eodem
760 1208 894 1244 quoque
909 1197 983 1231 loco
999 1198 1040 1231 de
1054 1200 1153 1231 tertio
1166 1197 1333 1232 elemento
1344 1198 1487 1233 dicemus
1503 1229 1512 1239 ,

125 1245 214 1290 quod
239 1256 276 1278 ex
320 1246 459 1280 articulis
474 1249 569 1294 primi
582 1246 738 1281 elementi
749 1257 863 1281 mutuo
878 1244 1027 1293 implexis
1045 1248 1197 1282 exoritur.
1213 1248 1302 1282 Nam
1315 1245 1372 1280 ubi
1388 1258 1513 1282 motum

124 1291 213 1327 suum
226 1257 377 1338 armare,
397 1306 467 1330 tum
482 1295 551 1330 aliae
563 1295 629 1330 aliis
641 1293 859 1330 adhaerescunt
869 1323 880 1338 ,
897 1293 966 1328 fere
979 1305 1016 1328 ut
1030 1293 1138 1342 spuma
1159 1296 1194 1329 in
1207 1294 1332 1341 liquore
1353 1294 1486 1330 fervido
1500 1311 1510 1335 ς

125 1351 261 1389 tun-ique
283 1355 321 1377 ex
336 1342 442 1379 fluidis
467 1344 550 1379 durae
567 1373 576 1387 ‚
600 1356 642 1379 ex
660 1343 811 1380 tenuibus
824 1342 926 1379 cratsae
946 1341 1025 1378 fiunt
1038 1371 1049 1386 ‚
1064 1354 1162 1391 atque
1181 1355 1220 1378 ex
1235 1346 1271 1377 iis
1292 1342 1427 1392 planeta:
1439 1358 1512 1380 om-

125 1402 181 1426 nes
194 1396 227 1428 &
239 1391 421 1437 elementa,
441 1393 461 1428 si
482 1392 626 1428 Cartefio
644 1393 821 1436 credimus,
838 1393 1000 1442 prodiere.

159 1440 304 1475 Primum
316 1443 428 1489 itaque
439 1441 637 1476 elementum
651 1441 756 1476 lucida
773 1454 910 1490 corpora
919 1438 1017 1476 efficit
1027 1470 1037 1485 ‚
1056 1452 1091 1476 ut
1101 1440 1198 1476 solem
1209 1446 1242 1479 δε
1256 1440 1359 1476 stellas
1376 1454 1384 1475 z
1400 1439 1511 1476 secun..

123 1488 200 1523 dum
215 1490 262 1522 dia
284 1489 394 1535 'hana,
409 1494 540 1526 tertium
556 1503 660 1539 opaca
699 1495 732 1527 ὃ(
750 1491 811 1525 luci
828 1491 896 1526 fere
917 1492 1085 1538 impervia.
1115 1492 1215 1525 Primi
1240 1490 1394 1525 elementi
1412 1492 1514 1538 parti-

81 1572 83 1574 .
124 1536 200 1572 culae
212 1538 268 1573 nul
282 1551 335 1573 am
349 1539 472 1575 habent
489 1551 611 1574 certam
631 1544 665 1575 δε
683 1538 853 1574 definitam
872 1538 1006 1587 figuram
1030 1554 1037 1575 :
1051 1552 1125 1574 nam
1136 1543 1222 1588 juxta
1235 1551 1396 1574 meatuum
1407 1551 1512 1586 angu-

123 1585 194 1619 stias
209 1614 218 1629 ,
237 1585 352 1634 figuras
371 1589 530 1630 induunt,
549 1598 628 1634 quas
647 1587 760 1621 eadem
779 1587 936 1622 facilitate
947 1598 1078 1621 exuunt.
1111 1589 1251 1622 Secundi
1270 1587 1425 1621 elementi
1437 1600 1512 1635 par-

125 1644 173 1668 tes
192 1633 334 1682 globosae
355 1634 434 1674 sunt.
453 1638 640 1681 Utrumque
665 1634 728 1669 hoc
741 1635 939 1671 elementum
953 1634 1185 1669 eodemmodo
1202 1647 1269 1683 quo
1290 1637 1323 1670 in
1338 1634 1405 1683 ipso
1417 1648 1509 1670 mun-

123 1683 157 1716 di
175 1683 314 1717 exordio
335 1683 399 1718 fuit
416 1688 576 1733 agitatum
594 1711 603 1725 ,
626 1682 839 1718 indesinenter
856 1695 1016 1719 movetur.
1041 1686 1132 1718 Nam
1148 1695 1184 1718 ut
1204 1686 1369 1728 materiae,
1383 1681 1422 1717 fic
1433 1697 1507 1719 mo-

123 1741 170 1765 tus
193 1731 304 1766 eadem
323 1745 392 1778 quae
406 1735 438 1768 in
450 1735 544 1768 initio
555 1731 618 1766 fuit
635 1760 643 1774 ,
661 1734 828 1779 quantitas
844 1738 877 1770 &
899 1735 950 1768 vis
967 1731 1162 1780 perseverat.
1178 1732 1271 1769 Nihil
1281 1735 1369 1768 enirn
1385 1744 1511 1777 eorum,

123 1792 195 1826 qux
210 1779 230 1814 ἐι
245 1783 319 1815 Deo
335 1781 471 1827 fluxere,
489 1783 582 1830 perit.
601 1783 710 1816 Tertii
730 1781 887 1817 elementi
908 1792 1014 1830 partes
1032 1779 1192 1817 crassiores
1211 1795 1280 1817 non
1302 1779 1356 1816 sua
1376 1783 1410 1815 vi
1426 1811 1435 1825 ‚
1455 1780 1508 1817 sed

122 1827 142 1864 ὲ
161 1827 425 1879 subtiliotiprimi
438 1844 493 1867 aut
507 1830 634 1866 secundi
653 1829 953 1879 elementiaccepta
976 1828 1181 1878 impressione
1192 1842 1374 1866 moventur.
1395 1833 1510 1878 Itaque

122 1876 276 1913 subtilem
291 1882 459 1915 materiam
473 1890 624 1915 vocamus
637 1881 735 1928 primi
749 1885 783 1917 δε
793 1878 921 1916 secundi
942 1878 1097 1914 elementi
1115 1878 1334 1917 aetheream&
1344 1879 1507 1915 caelestem

121 1925 218 1974 plane
232 1926 435 1964 substantiam
449 1959 458 1973 ,
472 1929 580 1964 omnis
603 1939 708 1964 motus
722 1957 732 1974 ,
752 1931 857 1964 omnis
880 1930 963 1963 adeo
973 1929 1214 1976 generationis,
1240 1934 1274 1966 &
1293 1930 1509 1977 corruptionis

122 1974 275 2022 opificem
297 1991 306 2013 z
326 1990 422 2024 quam
442 1982 554 2025 utique
574 1977 728 2023 existere,
744 1990 805 2014 nec
823 1979 865 2014 ad
885 1978 1057 2015 libidinem
1078 1974 1320 2027 effingimultis
1334 1990 1506 2027 argumen⁶

124 2024 164 2058 tis
176 2023 322 2072 probant
341 2027 527 2064 Cartefiani.

304 2124 428 2173 Quibus
447 2126 623 2163 rationibus
630 2129 782 2176 subtilem
798 2133 971 2165 materiam
996 2127 1130 2180 probent
1150 2127 1291 2173 existere.

123 2219 275 2305 N.On
300 2223 457 2259 Cartesms
478 2224 598 2268 modo,
623 2228 675 2264 sed
694 2235 726 2266 &
742 2229 854 2271 Plato,
874 2227 1058 2264 Aristoteles
1073 2258 1082 2273 ‚
1105 2234 1138 2266 &
1162 2239 1286 2264 veteres
1307 2225 1374 2260 fere
1387 2236 1501 2259 omnes

219 2269 428 2308 substantiam
447 2275 606 2321 quandam
624 2280 697 2313 a'e're
716 2278 914 2313 subtiliorem
931 2276 1085 2313 admisere
1099 2307 1108 2320 ,
1130 2291 1198 2325 quse
1209 2277 1313 2311 omnis
1328 2273 1438 2309 motus
1454 2272 1503 2308 cs-

122 2318 169 2352 set
181 2318 310 2365 opifex,
324 2334 487 2370 quamque
504 2324 628 2360 :etheris
642 2339 696 2362 aut
720 2329 801 2376 ignis
827 2330 963 2362 nomine
981 2327 1153 2361 donarunt.
1178 2328 1225 2361 Ac
1247 2321 1351 2373 primo
1368 2324 1501 2370 quidem

123 2370 228 2403 omnis
245 2375 413 2416 generatio
431 2372 553 2408 subtilis
563 2373 645 2411 illius
666 2379 807 2424 corporis
826 2387 916 2411 motu
926 2381 1010 2423 juxta
1027 2386 1144 2410 naturae
1164 2374 1249 2423 leges
1263 2373 1412 2413 ordinato
1428 2384 1503 2420 pff*

1266 2425 1284 2457 f
1306 2425 1337 2469 iij
