<?xml version="1.0" encoding="UTF-8"?>
<!DOCTYPE html PUBLIC "-//W3C//DTD XHTML 1.0 Transitional//EN"
    "http://www.w3.org/TR/xhtml1/DTD/xhtml1-transitional.dtd">
<html xmlns="http://www.w3.org/1999/xhtml" xml:lang="en" lang="en">
 <head>
  <title>
</title>
<meta http-equiv="Content-Type" content="text/html;charset=utf-8" />
  <meta name='ocr-system' content='tesseract 3.04.00' />
  <meta name='ocr-capabilities' content='ocr_page ocr_carea ocr_par ocr_line ocrx_word'/>
</head>
<body>
  <div class='ocr_page' id='page_1' title='image "./philosophiavetus02duhauoft_0532.png"; bbox 0 0 1878 2724; ppageno 0'>
   <div class='ocr_carea' id='block_1_1' title="bbox 387 153 1273 299">
    <p class='ocr_par' dir='ltr' id='par_1_1' title="bbox 387 153 1273 299">
     <span class='ocr_line' id='line_1_1' title="bbox 387 153 1230 205; baseline -0.002 -11"><span class='ocrx_word' id='word_1_1' title='bbox 387 162 437 205; x_wconf 71' lang='lat'>512&#39;</span> <span class='ocrx_word' id='word_1_2' title='bbox 903 157 928 192; x_wconf 81' lang='lat' dir='ltr'>P</span> <span class='ocrx_word' id='word_1_3' title='bbox 946 156 981 193; x_wconf 89' lang='lat' dir='ltr'>H</span> <span class='ocrx_word' id='word_1_4' title='bbox 1001 155 1032 191; x_wconf 84' lang='lat' dir='ltr'>Y</span> <span class='ocrx_word' id='word_1_5' title='bbox 1051 154 1073 190; x_wconf 85' lang='lat' dir='ltr'>S</span> <span class='ocrx_word' id='word_1_6' title='bbox 1095 154 1110 189; x_wconf 86' lang='lat'>1</span> <span class='ocrx_word' id='word_1_7' title='bbox 1134 153 1166 193; x_wconf 91' lang='lat' dir='ltr'>C</span> <span class='ocrx_word' id='word_1_8' title='bbox 1191 157 1230 192; x_wconf 59' lang='grc' dir='ltr'>«Ε</span> 
     </span>
     <span class='ocr_line' id='line_1_2' title="bbox 881 252 1273 299; baseline 0.01 -13"><span class='ocrx_word' id='word_1_9' title='bbox 881 253 1064 289; x_wconf 86' lang='lat' dir='ltr'><em>Solvuntur</em></span> <span class='ocrx_word' id='word_1_10' title='bbox 1073 252 1127 299; x_wconf 87' lang='lat' dir='ltr'>obj</span> <span class='ocrx_word' id='word_1_11' title='bbox 1129 252 1273 290; x_wconf 62' lang='lat' dir='ltr'>amanen·</span> 
     </span>
    </p>
   </div>
   <div class='ocr_carea' id='block_1_2' title="bbox 382 351 1833 2459">
    <p class='ocr_par' dir='ltr' id='par_1_2' title="bbox 382 351 1833 845">
     <span class='ocr_line' id='line_1_3' title="bbox 421 351 1781 403; baseline 0.004 -16"><span class='ocrx_word' id='word_1_12' title='bbox 421 354 506 403; x_wconf 80' lang='lat' dir='ltr'>Opp,</span> <span class='ocrx_word' id='word_1_13' title='bbox 520 365 549 389; x_wconf 63' lang='lat' dir='ltr'>r,</span> <span class='ocrx_word' id='word_1_14' title='bbox 560 351 706 388; x_wconf 86' lang='lat' dir='ltr'>adversus</span> <span class='ocrx_word' id='word_1_15' title='bbox 719 362 758 388; x_wconf 81' lang='lat' dir='ltr'>ea</span> <span class='ocrx_word' id='word_1_16' title='bbox 769 364 842 401; x_wconf 85' lang='lat' dir='ltr'>quae</span> <span class='ocrx_word' id='word_1_17' title='bbox 855 352 992 388; x_wconf 83' lang='lat' dir='ltr'><strong>diximus</strong></span> <span class='ocrx_word' id='word_1_18' title='bbox 1009 380 1019 395; x_wconf 94' lang='lat'>‚</span> <span class='ocrx_word' id='word_1_19' title='bbox 1037 351 1161 389; x_wconf 87' lang='lat' dir='ltr'>sensum</span> <span class='ocrx_word' id='word_1_20' title='bbox 1173 364 1246 387; x_wconf 87' lang='lat' dir='ltr'>cum</span> <span class='ocrx_word' id='word_1_21' title='bbox 1257 351 1451 388; x_wconf 83' lang='lat' dir='ltr'>exteriorem</span> <span class='ocrx_word' id='word_1_22' title='bbox 1466 380 1477 396; x_wconf 91' lang='lat'>,</span> <span class='ocrx_word' id='word_1_23' title='bbox 1497 362 1568 388; x_wconf 89' lang='lat' dir='ltr'>tum</span> <span class='ocrx_word' id='word_1_24' title='bbox 1589 355 1781 393; x_wconf 84' lang='lat' dir='ltr'>interiorem</span> 
     </span>
     <span class='ocr_line' id='line_1_4' title="bbox 385 400 1781 451; baseline 0.001 -13"><span class='ocrx_word' id='word_1_25' title='bbox 385 406 418 438; x_wconf 89' lang='lat' dir='ltr'>in</span> <span class='ocrx_word' id='word_1_26' title='bbox 432 414 518 438; x_wconf 85' lang='lat' dir='ltr'>certa</span> <span class='ocrx_word' id='word_1_27' title='bbox 533 402 700 450; x_wconf 85' lang='lat' dir='ltr'>spirituum</span> <span class='ocrx_word' id='word_1_28' title='bbox 714 402 901 438; x_wconf 85' lang='lat' dir='ltr'>animalium</span> <span class='ocrx_word' id='word_1_29' title='bbox 913 404 1137 438; x_wconf 83' lang='lat' dir='ltr'>commotione</span> <span class='ocrx_word' id='word_1_30' title='bbox 1150 400 1212 437; x_wconf 81' lang='lat' dir='ltr'>else</span> <span class='ocrx_word' id='word_1_31' title='bbox 1230 400 1366 450; x_wconf 77' lang='lat' dir='ltr'>politum</span> <span class='ocrx_word' id='word_1_32' title='bbox 1376 431 1386 445; x_wconf 88' lang='lat'>,</span> <span class='ocrx_word' id='word_1_33' title='bbox 1404 401 1462 437; x_wconf 86' lang='lat' dir='ltr'>hos</span> <span class='ocrx_word' id='word_1_34' title='bbox 1474 402 1600 451; x_wconf 85' lang='lat' dir='ltr'>spiritus</span> <span class='ocrx_word' id='word_1_35' title='bbox 1619 404 1705 440; x_wconf 88' lang='lat' dir='ltr'>nulla</span> <span class='ocrx_word' id='word_1_36' title='bbox 1725 404 1781 440; x_wconf 83' lang='lat' dir='ltr'>vel</span> 
     </span>
     <span class='ocr_line' id='line_1_5' title="bbox 382 449 1783 500; baseline 0 -12"><span class='ocrx_word' id='word_1_37' title='bbox 382 454 512 489; x_wconf 78' lang='lat' dir='ltr'>ratione</span> <span class='ocrx_word' id='word_1_38' title='bbox 526 481 535 496; x_wconf 89' lang='lat'>‚</span> <span class='ocrx_word' id='word_1_39' title='bbox 552 450 606 486; x_wconf 87' lang='lat' dir='ltr'>vel</span> <span class='ocrx_word' id='word_1_40' title='bbox 622 453 819 500; x_wconf 78' lang='lat' dir='ltr'>experientia</span> <span class='ocrx_word' id='word_1_41' title='bbox 832 452 1038 487; x_wconf 83' lang='lat' dir='ltr'>demonstrari</span> <span class='ocrx_word' id='word_1_42' title='bbox 1051 480 1060 496; x_wconf 87' lang='lat'>‚</span> <span class='ocrx_word' id='word_1_43' title='bbox 1074 451 1126 486; x_wconf 83' lang='lat' dir='ltr'>sed</span> <span class='ocrx_word' id='word_1_44' title='bbox 1140 450 1218 500; x_wconf 82' lang='lat' dir='ltr'>fingi</span> <span class='ocrx_word' id='word_1_45' title='bbox 1231 451 1273 485; x_wconf 88' lang='lat' dir='ltr'>ad</span> <span class='ocrx_word' id='word_1_46' title='bbox 1289 449 1463 486; x_wconf 83' lang='lat' dir='ltr'>libidinem</span> <span class='ocrx_word' id='word_1_47' title='bbox 1480 479 1490 494; x_wconf 95' lang='lat'>,</span> <span class='ocrx_word' id='word_1_48' title='bbox 1504 452 1574 486; x_wconf 87' lang='lat' dir='ltr'>fere</span> <span class='ocrx_word' id='word_1_49' title='bbox 1588 464 1623 488; x_wconf 91' lang='lat' dir='ltr'>ut</span> <span class='ocrx_word' id='word_1_50' title='bbox 1642 453 1783 488; x_wconf 84' lang='lat' dir='ltr'>occultas</span> 
     </span>
     <span class='ocr_line' id='line_1_6' title="bbox 384 499 1786 549; baseline 0.001 -13"><span class='ocrx_word' id='word_1_51' title='bbox 384 500 559 549; x_wconf 85' lang='lat' dir='ltr'>qualitates</span> <span class='ocrx_word' id='word_1_52' title='bbox 573 528 582 542; x_wconf 96' lang='lat'>,</span> <span class='ocrx_word' id='word_1_53' title='bbox 597 512 730 548; x_wconf 85' lang='lat' dir='ltr'>quaeque</span> <span class='ocrx_word' id='word_1_54' title='bbox 740 502 777 543; x_wconf 78' lang='lat' dir='ltr'>iis</span> <span class='ocrx_word' id='word_1_55' title='bbox 789 500 975 536; x_wconf 84' lang='lat' dir='ltr'>tribuuntur</span> <span class='ocrx_word' id='word_1_56' title='bbox 985 530 994 543; x_wconf 88' lang='lat'>‚</span> <span class='ocrx_word' id='word_1_57' title='bbox 1010 500 1051 535; x_wconf 87' lang='lat' dir='ltr'>ab</span> <span class='ocrx_word' id='word_1_58' title='bbox 1064 499 1131 549; x_wconf 87' lang='lat' dir='ltr'>ipso</span> <span class='ocrx_word' id='word_1_59' title='bbox 1146 500 1294 549; x_wconf 81' lang='lat' dir='ltr'>sanguine</span> <span class='ocrx_word' id='word_1_60' title='bbox 1307 528 1317 543; x_wconf 92' lang='lat'><strong>,</strong></span> <span class='ocrx_word' id='word_1_61' title='bbox 1343 501 1427 535; x_wconf 87' lang='lat' dir='ltr'>tenui</span> <span class='ocrx_word' id='word_1_62' title='bbox 1451 500 1576 548; x_wconf 89' lang='lat' dir='ltr'>liquore</span> <span class='ocrx_word' id='word_1_63' title='bbox 1591 504 1647 549; x_wconf 91' lang='lat' dir='ltr'>qui</span> <span class='ocrx_word' id='word_1_64' title='bbox 1663 514 1786 537; x_wconf 56' lang='lat' dir='ltr'>nervosv&gt;</span> 
     </span>
     <span class='ocr_line' id='line_1_7' title="bbox 386 547 1782 599; baseline 0.001 -15"><span class='ocrx_word' id='word_1_65' title='bbox 386 550 540 598; x_wconf 79' lang='lat' dir='ltr'>implear,</span> <span class='ocrx_word' id='word_1_66' title='bbox 557 548 713 598; x_wconf 84' lang='lat' dir='ltr'>proficisci</span> <span class='ocrx_word' id='word_1_67' title='bbox 730 549 816 598; x_wconf 81' lang='lat' dir='ltr'>posse</span> <span class='ocrx_word' id='word_1_68' title='bbox 832 567 841 594; x_wconf 81' lang='lat'><em>3</em></span> <span class='ocrx_word' id='word_1_69' title='bbox 862 549 976 585; x_wconf 88' lang='lat' dir='ltr'>nullius</span> <span class='ocrx_word' id='word_1_70' title='bbox 987 563 1042 584; x_wconf 79' lang='lat' dir='ltr'>eos</span> <span class='ocrx_word' id='word_1_71' title='bbox 1054 550 1131 584; x_wconf 69' lang='lat' dir='ltr'>usus</span> <span class='ocrx_word' id='word_1_72' title='bbox 1149 548 1229 592; x_wconf 81' lang='lat' dir='ltr'>effe,</span> <span class='ocrx_word' id='word_1_73' title='bbox 1247 562 1320 584; x_wconf 87' lang='lat' dir='ltr'>cum</span> <span class='ocrx_word' id='word_1_74' title='bbox 1343 562 1411 584; x_wconf 87' lang='lat' dir='ltr'>non</span> <span class='ocrx_word' id='word_1_75' title='bbox 1429 547 1488 585; x_wconf 79' lang='lat' dir='ltr'>sint</span> <span class='ocrx_word' id='word_1_76' title='bbox 1505 553 1608 599; x_wconf 84' lang='lat' dir='ltr'>magis</span> <span class='ocrx_word' id='word_1_77' title='bbox 1623 553 1782 596; x_wconf 74' lang='lat' dir='ltr'>animati,</span> 
     </span>
     <span class='ocr_line' id='line_1_8' title="bbox 387 597 1833 648; baseline 0.001 -14"><span class='ocrx_word' id='word_1_78' title='bbox 387 601 485 647; x_wconf 71' lang='lat' dir='ltr'>quam</span> <span class='ocrx_word' id='word_1_79' title='bbox 503 600 625 648; x_wconf 81' lang='lat' dir='ltr'>sanguis</span> <span class='ocrx_word' id='word_1_80' title='bbox 641 598 706 648; x_wconf 85' lang='lat' dir='ltr'>ipse</span> <span class='ocrx_word' id='word_1_81' title='bbox 721 628 731 643; x_wconf 91' lang='lat'>‚</span> <span class='ocrx_word' id='word_1_82' title='bbox 759 601 793 634; x_wconf 89' lang='lat' dir='ltr'>in</span> <span class='ocrx_word' id='word_1_83' title='bbox 815 612 883 648; x_wconf 90' lang='lat' dir='ltr'>quo</span> <span class='ocrx_word' id='word_1_84' title='bbox 899 613 936 635; x_wconf 88' lang='lat' dir='ltr'>ex</span> <span class='ocrx_word' id='word_1_85' title='bbox 957 601 1125 647; x_wconf 88' lang='lat' dir='ltr'>Scripturae</span> <span class='ocrx_word' id='word_1_86' title='bbox 1135 598 1248 634; x_wconf 71' lang='lat' dir='ltr'>san&amp;ae</span> <span class='ocrx_word' id='word_1_87' title='bbox 1271 598 1467 634; x_wconf 82' lang='lat' dir='ltr'>authoritate</span> <span class='ocrx_word' id='word_1_88' title='bbox 1486 597 1655 636; x_wconf 86' lang='lat' dir='ltr'>brutorum</span> <span class='ocrx_word' id='word_1_89' title='bbox 1673 602 1784 635; x_wconf 87' lang='lat' dir='ltr'>anima</span> <span class='ocrx_word' id='word_1_90' title='bbox 1828 629 1833 631; x_wconf 90' lang='lat'>.</span> 
     </span>
     <span class='ocr_line' id='line_1_9' title="bbox 386 647 1782 698; baseline -0.001 -15"><span class='ocrx_word' id='word_1_91' title='bbox 386 647 487 697; x_wconf 80' lang='lat' dir='ltr'>polita</span> <span class='ocrx_word' id='word_1_92' title='bbox 503 649 560 685; x_wconf 87' lang='lat' dir='ltr'>est.</span> <span class='ocrx_word' id='word_1_93' title='bbox 581 650 688 696; x_wconf 84' lang='lat' dir='ltr'>Atque</span> <span class='ocrx_word' id='word_1_94' title='bbox 701 660 736 683; x_wconf 86' lang='lat' dir='ltr'>ut</span> <span class='ocrx_word' id='word_1_95' title='bbox 748 648 806 684; x_wconf 78' lang='lat' dir='ltr'>fixit</span> <span class='ocrx_word' id='word_1_96' title='bbox 823 661 930 698; x_wconf 84' lang='lat' dir='ltr'>partes</span> <span class='ocrx_word' id='word_1_97' title='bbox 944 651 1105 684; x_wconf 84' lang='lat' dir='ltr'>tenuiores</span> <span class='ocrx_word' id='word_1_98' title='bbox 1117 653 1150 685; x_wconf 89' lang='lat'>&amp;</span> <span class='ocrx_word' id='word_1_99' title='bbox 1161 647 1366 691; x_wconf 84' lang='lat' dir='ltr'>mobiliores,</span> <span class='ocrx_word' id='word_1_100' title='bbox 1381 661 1448 684; x_wconf 90' lang='lat' dir='ltr'>non</span> <span class='ocrx_word' id='word_1_101' title='bbox 1464 649 1584 683; x_wconf 88' lang='lat' dir='ltr'>idcirco</span> <span class='ocrx_word' id='word_1_102' title='bbox 1601 661 1657 684; x_wconf 90' lang='lat' dir='ltr'>eos</span> <span class='ocrx_word' id='word_1_103' title='bbox 1667 652 1782 685; x_wconf 86' lang='lat' dir='ltr'>virno-</span> 
     </span>
     <span class='ocr_line' id='line_1_10' title="bbox 388 697 1784 747; baseline -0.001 -15"><span class='ocrx_word' id='word_1_104' title='bbox 388 699 468 733; x_wconf 85' lang='lat' dir='ltr'>trice</span> <span class='ocrx_word' id='word_1_105' title='bbox 481 698 593 733; x_wconf 80' lang='lat' dir='ltr'>donari</span> <span class='ocrx_word' id='word_1_106' title='bbox 606 700 670 741; x_wconf 87' lang='lat' dir='ltr'>‚uti</span> <span class='ocrx_word' id='word_1_107' title='bbox 682 710 744 732; x_wconf 80' lang='lat' dir='ltr'>nec</span> <span class='ocrx_word' id='word_1_108' title='bbox 752 710 860 733; x_wconf 88' lang='lat' dir='ltr'>aerem</span> <span class='ocrx_word' id='word_1_109' title='bbox 877 700 933 747; x_wconf 90' lang='lat' dir='ltr'>qui</span> <span class='ocrx_word' id='word_1_110' title='bbox 943 698 1119 733; x_wconf 88' lang='lat' dir='ltr'>admodum</span> <span class='ocrx_word' id='word_1_111' title='bbox 1130 710 1215 732; x_wconf 88' lang='lat' dir='ltr'>rarus</span> <span class='ocrx_word' id='word_1_112' title='bbox 1227 697 1273 731; x_wconf 87' lang='lat' dir='ltr'>est</span> <span class='ocrx_word' id='word_1_113' title='bbox 1283 702 1315 733; x_wconf 68' lang='grc' dir='ltr'>ὃς</span> <span class='ocrx_word' id='word_1_114' title='bbox 1326 699 1442 732; x_wconf 89' lang='lat' dir='ltr'>tenuis.</span> <span class='ocrx_word' id='word_1_115' title='bbox 1458 701 1571 745; x_wconf 84' lang='lat' dir='ltr'>Quare</span> <span class='ocrx_word' id='word_1_116' title='bbox 1584 711 1658 733; x_wconf 87' lang='lat' dir='ltr'>cum</span> <span class='ocrx_word' id='word_1_117' title='bbox 1669 699 1708 733; x_wconf 89' lang='lat' dir='ltr'>ad</span> <span class='ocrx_word' id='word_1_118' title='bbox 1720 697 1784 747; x_wconf 88' lang='lat' dir='ltr'>spi-</span> 
     </span>
     <span class='ocr_line' id='line_1_11' title="bbox 387 744 1783 796; baseline 0.001 -15"><span class='ocrx_word' id='word_1_119' title='bbox 387 750 465 783; x_wconf 88' lang='lat' dir='ltr'>ritus</span> <span class='ocrx_word' id='word_1_120' title='bbox 479 746 636 782; x_wconf 87' lang='lat' dir='ltr'>animales</span> <span class='ocrx_word' id='word_1_121' title='bbox 652 746 772 795; x_wconf 88' lang='lat' dir='ltr'>ubique</span> <span class='ocrx_word' id='word_1_122' title='bbox 782 750 970 783; x_wconf 81' lang='lat' dir='ltr'>recurrimus</span> <span class='ocrx_word' id='word_1_123' title='bbox 985 776 994 792; x_wconf 91' lang='lat'>,</span> <span class='ocrx_word' id='word_1_124' title='bbox 1023 759 1073 782; x_wconf 85' lang='lat' dir='ltr'>res</span> <span class='ocrx_word' id='word_1_125' title='bbox 1085 747 1277 795; x_wconf 89' lang='lat' dir='ltr'>plerumque</span> <span class='ocrx_word' id='word_1_126' title='bbox 1292 744 1438 781; x_wconf 86' lang='lat' dir='ltr'>obscuras</span> <span class='ocrx_word' id='word_1_127' title='bbox 1449 759 1506 796; x_wconf 90' lang='lat' dir='ltr'>per</span> <span class='ocrx_word' id='word_1_128' title='bbox 1516 745 1713 783; x_wconf 85' lang='lat' dir='ltr'>obscuriores</span> <span class='ocrx_word' id='word_1_129' title='bbox 1725 759 1783 783; x_wconf 86' lang='lat' dir='ltr'>ex-</span> 
     </span>
     <span class='ocr_line' id='line_1_12' title="bbox 388 796 1789 845; baseline 0.001 -13"><span class='ocrx_word' id='word_1_130' title='bbox 388 796 558 845; x_wconf 76' lang='lat' dir='ltr'>plicamus,</span> <span class='ocrx_word' id='word_1_131' title='bbox 1786 825 1789 827; x_wconf 86' lang='lat'>-</span> 
     </span>
    </p>

    <p class='ocr_par' dir='ltr' id='par_1_3' title="bbox 386 843 1790 1730">
     <span class='ocr_line' id='line_1_13' title="bbox 419 843 1785 896; baseline -0.001 -14"><span class='ocrx_word' id='word_1_132' title='bbox 419 846 510 894; x_wconf 83' lang='lat' dir='ltr'>Resp.</span> <span class='ocrx_word' id='word_1_133' title='bbox 531 847 722 882; x_wconf 62' lang='lat' dir='ltr'>“unctiones</span> <span class='ocrx_word' id='word_1_134' title='bbox 740 845 896 882; x_wconf 83' lang='lat' dir='ltr'>animales</span> <span class='ocrx_word' id='word_1_135' title='bbox 910 846 958 881; x_wconf 91' lang='lat' dir='ltr'>his</span> <span class='ocrx_word' id='word_1_136' title='bbox 967 843 1129 895; x_wconf 85' lang='lat' dir='ltr'>spiritibus</span> <span class='ocrx_word' id='word_1_137' title='bbox 1143 844 1276 881; x_wconf 84' lang='lat' dir='ltr'>sublatis</span> <span class='ocrx_word' id='word_1_138' title='bbox 1296 844 1448 893; x_wconf 84' lang='lat' dir='ltr'>explicari</span> <span class='ocrx_word' id='word_1_139' title='bbox 1471 844 1664 882; x_wconf 78' lang='lat' dir='ltr'>nullomodo</span> <span class='ocrx_word' id='word_1_140' title='bbox 1677 845 1785 896; x_wconf 62' lang='lat' dir='ltr'>posse,⁴</span> 
     </span>
     <span class='ocr_line' id='line_1_14' title="bbox 388 894 1785 944; baseline 0 -14"><span class='ocrx_word' id='word_1_141' title='bbox 388 906 425 930; x_wconf 87' lang='lat' dir='ltr'>ut</span> <span class='ocrx_word' id='word_1_142' title='bbox 441 906 479 931; x_wconf 87' lang='lat' dir='ltr'>ex</span> <span class='ocrx_word' id='word_1_143' title='bbox 495 897 531 930; x_wconf 88' lang='lat' dir='ltr'>iis</span> <span class='ocrx_word' id='word_1_144' title='bbox 541 907 613 943; x_wconf 89' lang='lat' dir='ltr'>quae</span> <span class='ocrx_word' id='word_1_145' title='bbox 625 898 657 930; x_wconf 89' lang='lat' dir='ltr'>in</span> <span class='ocrx_word' id='word_1_146' title='bbox 669 896 729 930; x_wconf 84' lang='lat' dir='ltr'>hac</span> <span class='ocrx_word' id='word_1_147' title='bbox 746 896 965 944; x_wconf 85' lang='lat' dir='ltr'>disputatione</span> <span class='ocrx_word' id='word_1_148' title='bbox 976 898 1113 930; x_wconf 87' lang='lat' dir='ltr'>diximus</span> <span class='ocrx_word' id='word_1_149' title='bbox 1125 924 1135 938; x_wconf 88' lang='lat'>‚</span> <span class='ocrx_word' id='word_1_150' title='bbox 1156 894 1192 930; x_wconf 83' lang='lat' dir='ltr'>fit</span> <span class='ocrx_word' id='word_1_151' title='bbox 1205 894 1412 930; x_wconf 85' lang='lat' dir='ltr'>manifestum</span> <span class='ocrx_word' id='word_1_152' title='bbox 1424 923 1434 937; x_wconf 90' lang='lat'>‚</span> <span class='ocrx_word' id='word_1_153' title='bbox 1445 899 1480 931; x_wconf 87' lang='lat'>&amp;</span> <span class='ocrx_word' id='word_1_154' title='bbox 1491 908 1532 930; x_wconf 87' lang='lat' dir='ltr'>ex</span> <span class='ocrx_word' id='word_1_155' title='bbox 1546 898 1582 930; x_wconf 88' lang='lat' dir='ltr'>iis</span> <span class='ocrx_word' id='word_1_156' title='bbox 1592 896 1785 944; x_wconf 85' lang='lat' dir='ltr'>quae&#39;postea·</span> 
     </span>
     <span class='ocr_line' id='line_1_15' title="bbox 387 943 1785 991; baseline 0.001 -13"><span class='ocrx_word' id='word_1_157' title='bbox 387 944 429 979; x_wconf 87' lang='lat' dir='ltr'>de</span> <span class='ocrx_word' id='word_1_158' title='bbox 442 955 536 979; x_wconf 88' lang='lat' dir='ltr'>motu</span> <span class='ocrx_word' id='word_1_159' title='bbox 546 944 735 980; x_wconf 86' lang='lat' dir='ltr'>animalium</span> <span class='ocrx_word' id='word_1_160' title='bbox 747 945 888 980; x_wconf 85' lang='lat' dir='ltr'>dicemus</span> <span class='ocrx_word' id='word_1_161' title='bbox 901 974 910 988; x_wconf 90' lang='lat'>,</span> <span class='ocrx_word' id='word_1_162' title='bbox 927 943 1052 991; x_wconf 87' lang='lat' dir='ltr'>planius</span> <span class='ocrx_word' id='word_1_163' title='bbox 1072 943 1143 979; x_wconf 79' lang='lat' dir='ltr'>fiet.</span> <span class='ocrx_word' id='word_1_164' title='bbox 1165 945 1240 980; x_wconf 88' lang='lat' dir='ltr'>Nec</span> <span class='ocrx_word' id='word_1_165' title='bbox 1260 944 1359 978; x_wconf 86' lang='lat' dir='ltr'>video</span> <span class='ocrx_word' id='word_1_166' title='bbox 1379 955 1434 977; x_wconf 90' lang='lat' dir='ltr'>cur</span> <span class='ocrx_word' id='word_1_167' title='bbox 1450 944 1621 980; x_wconf 68' lang='lat' dir='ltr'>intellectu</span> <span class='ocrx_word' id='word_1_168' title='bbox 1643 946 1727 980; x_wconf 92' lang='lat' dir='ltr'>adeo</span> <span class='ocrx_word' id='word_1_169' title='bbox 1746 943 1785 980; x_wconf 85' lang='lat' dir='ltr'>fit</span> 
     </span>
     <span class='ocr_line' id='line_1_16' title="bbox 387 991 1785 1040; baseline 0.001 -13"><span class='ocrx_word' id='word_1_170' title='bbox 387 991 526 1028; x_wconf 88' lang='lat' dir='ltr'>difficilis</span> <span class='ocrx_word' id='word_1_171' title='bbox 540 992 715 1028; x_wconf 89' lang='lat' dir='ltr'>substantia</span> <span class='ocrx_word' id='word_1_172' title='bbox 728 996 832 1029; x_wconf 87' lang='lat' dir='ltr'>tenuis</span> <span class='ocrx_word' id='word_1_173' title='bbox 848 999 880 1030; x_wconf 88' lang='lat'>&amp;</span> <span class='ocrx_word' id='word_1_174' title='bbox 892 992 1019 1027; x_wconf 70' lang='lat' dir='ltr'>actuosa</span> <span class='ocrx_word' id='word_1_175' title='bbox 1030 1021 1039 1036; x_wconf 90' lang='lat'><em>‚</em></span> <span class='ocrx_word' id='word_1_176' title='bbox 1055 1005 1124 1039; x_wconf 88' lang='lat' dir='ltr'>quae</span> <span class='ocrx_word' id='word_1_177' title='bbox 1135 1004 1172 1027; x_wconf 86' lang='lat' dir='ltr'>ex</span> <span class='ocrx_word' id='word_1_178' title='bbox 1181 994 1353 1027; x_wconf 81' lang='lat' dir='ltr'>innumeris</span> <span class='ocrx_word' id='word_1_179' title='bbox 1368 1004 1452 1040; x_wconf 87' lang='lat' dir='ltr'>pene</span> <span class='ocrx_word' id='word_1_180' title='bbox 1463 992 1635 1029; x_wconf 68' lang='lat' dir='ltr'>effectibus</span> <span class='ocrx_word' id='word_1_181' title='bbox 1645 994 1785 1029; x_wconf 85' lang='lat' dir='ltr'>demon-</span> 
     </span>
     <span class='ocr_line' id='line_1_17' title="bbox 387 1040 1784 1090; baseline -0.001 -14"><span class='ocrx_word' id='word_1_182' title='bbox 387 1042 514 1078; x_wconf 87' lang='lat' dir='ltr'>stratur.</span> <span class='ocrx_word' id='word_1_183' title='bbox 527 1045 565 1078; x_wconf 86' lang='lat' dir='ltr'>Et</span> <span class='ocrx_word' id='word_1_184' title='bbox 578 1043 712 1090; x_wconf 85' lang='lat' dir='ltr'>quidem</span> <span class='ocrx_word' id='word_1_185' title='bbox 727 1045 760 1077; x_wconf 87' lang='lat' dir='ltr'>in</span> <span class='ocrx_word' id='word_1_186' title='bbox 774 1054 894 1077; x_wconf 86' lang='lat' dir='ltr'>naturae</span> <span class='ocrx_word' id='word_1_187' title='bbox 913 1047 945 1079; x_wconf 86' lang='lat'>&amp;</span> <span class='ocrx_word' id='word_1_188' title='bbox 962 1043 1038 1076; x_wconf 87' lang='lat' dir='ltr'>artis</span> <span class='ocrx_word' id='word_1_189' title='bbox 1057 1041 1207 1089; x_wconf 88' lang='lat' dir='ltr'>operibus</span> <span class='ocrx_word' id='word_1_190' title='bbox 1220 1043 1360 1076; x_wconf 80' lang='lat' dir='ltr'>maxima</span> <span class='ocrx_word' id='word_1_191' title='bbox 1369 1053 1500 1088; x_wconf 83' lang='lat' dir='ltr'>quaeque</span> <span class='ocrx_word' id='word_1_192' title='bbox 1517 1055 1582 1077; x_wconf 89' lang='lat' dir='ltr'>non</span> <span class='ocrx_word' id='word_1_193' title='bbox 1593 1053 1660 1077; x_wconf 86' lang='lat' dir='ltr'>tarn</span> <span class='ocrx_word' id='word_1_194' title='bbox 1675 1040 1717 1077; x_wconf 89' lang='lat' dir='ltr'>ab</span> <span class='ocrx_word' id='word_1_195' title='bbox 1732 1045 1784 1078; x_wconf 87' lang='lat' dir='ltr'>in-</span> 
     </span>
     <span class='ocr_line' id='line_1_18' title="bbox 387 1088 1785 1141; baseline 0.001 -16"><span class='ocrx_word' id='word_1_196' title='bbox 387 1093 478 1139; x_wconf 85' lang='lat' dir='ltr'>genti</span> <span class='ocrx_word' id='word_1_197' title='bbox 492 1103 665 1139; x_wconf 87' lang='lat' dir='ltr'>corporum</span> <span class='ocrx_word' id='word_1_198' title='bbox 681 1091 788 1134; x_wconf 87' lang='lat' dir='ltr'>mole,</span> <span class='ocrx_word' id='word_1_199' title='bbox 801 1091 902 1138; x_wconf 73' lang='lat' dir='ltr'>quam</span> <span class='ocrx_word' id='word_1_200' title='bbox 913 1091 1032 1126; x_wconf 69' lang='lat' dir='ltr'>atenui</span> <span class='ocrx_word' id='word_1_201' title='bbox 1048 1089 1200 1127; x_wconf 87' lang='lat' dir='ltr'>&amp;subtili</span> <span class='ocrx_word' id='word_1_202' title='bbox 1215 1091 1350 1125; x_wconf 84' lang='lat' dir='ltr'>materia</span> <span class='ocrx_word' id='word_1_203' title='bbox 1368 1088 1578 1138; x_wconf 83' lang='lat' dir='ltr'>perficiuntur</span> <span class='ocrx_word' id='word_1_204' title='bbox 1595 1105 1603 1128; x_wconf 92' lang='lat'>:</span> <span class='ocrx_word' id='word_1_205' title='bbox 1625 1102 1661 1126; x_wconf 93' lang='lat' dir='ltr'>ut</span> <span class='ocrx_word' id='word_1_206' title='bbox 1678 1093 1712 1126; x_wconf 89' lang='lat' dir='ltr'>in</span> <span class='ocrx_word' id='word_1_207' title='bbox 1727 1104 1785 1141; x_wconf 81' lang='lat' dir='ltr'>py—</span> 
     </span>
     <span class='ocr_line' id='line_1_19' title="bbox 386 1137 1787 1189; baseline 0.002 -15"><span class='ocrx_word' id='word_1_208' title='bbox 386 1143 436 1175; x_wconf 87' lang='lat' dir='ltr'>rio</span> <span class='ocrx_word' id='word_1_209' title='bbox 449 1140 583 1189; x_wconf 88' lang='lat' dir='ltr'>pulvere</span> <span class='ocrx_word' id='word_1_210' title='bbox 595 1169 605 1184; x_wconf 94' lang='lat'>,</span> <span class='ocrx_word' id='word_1_211' title='bbox 619 1153 698 1175; x_wconf 88' lang='lat' dir='ltr'>auro</span> <span class='ocrx_word' id='word_1_212' title='bbox 716 1140 912 1175; x_wconf 86' lang='lat' dir='ltr'>fulminante</span> <span class='ocrx_word' id='word_1_213' title='bbox 927 1168 936 1184; x_wconf 91' lang='lat'>‚</span> <span class='ocrx_word' id='word_1_214' title='bbox 957 1141 1068 1174; x_wconf 86' lang='lat' dir='ltr'>vitreis</span> <span class='ocrx_word' id='word_1_215' title='bbox 1083 1138 1231 1187; x_wconf 83' lang='lat' dir='ltr'>lacrymis</span> <span class='ocrx_word' id='word_1_216' title='bbox 1246 1168 1256 1183; x_wconf 86' lang='lat'>‚</span> <span class='ocrx_word' id='word_1_217' title='bbox 1271 1137 1383 1176; x_wconf 88' lang='lat' dir='ltr'>&amp;aliis</span> <span class='ocrx_word' id='word_1_218' title='bbox 1394 1140 1571 1174; x_wconf 87' lang='lat' dir='ltr'>innumeris</span> <span class='ocrx_word' id='word_1_219' title='bbox 1586 1152 1716 1175; x_wconf 84' lang='lat' dir='ltr'>cernere</span> <span class='ocrx_word' id='word_1_220' title='bbox 1727 1141 1787 1178; x_wconf 90' lang='lat' dir='ltr'>est.</span> 
     </span>
     <span class='ocr_line' id='line_1_20' title="bbox 387 1187 1786 1238; baseline 0.001 -14"><span class='ocrx_word' id='word_1_221' title='bbox 387 1190 425 1225; x_wconf 81' lang='lat' dir='ltr'>In</span> <span class='ocrx_word' id='word_1_222' title='bbox 435 1191 471 1223; x_wconf 85' lang='lat' dir='ltr'>iis</span> <span class='ocrx_word' id='word_1_223' title='bbox 487 1191 541 1238; x_wconf 91' lang='lat' dir='ltr'>qui</span> <span class='ocrx_word' id='word_1_224' title='bbox 568 1201 608 1238; x_wconf 86' lang='lat' dir='ltr'>pe</span> <span class='ocrx_word' id='word_1_225' title='bbox 627 1189 752 1237; x_wconf 87' lang='lat' dir='ltr'>spiritus</span> <span class='ocrx_word' id='word_1_226' title='bbox 764 1188 928 1224; x_wconf 90' lang='lat' dir='ltr'>conclusus</span> <span class='ocrx_word' id='word_1_227' title='bbox 943 1200 1071 1224; x_wconf 84' lang='lat' dir='ltr'>tantum</span> <span class='ocrx_word' id='word_1_228' title='bbox 1089 1189 1158 1223; x_wconf 86' lang='lat' dir='ltr'>edit</span> <span class='ocrx_word' id='word_1_229' title='bbox 1169 1200 1225 1223; x_wconf 88' lang='lat' dir='ltr'>aut</span> <span class='ocrx_word' id='word_1_230' title='bbox 1239 1188 1343 1236; x_wconf 81' lang='lat' dir='ltr'>stragis</span> <span class='ocrx_word' id='word_1_231' title='bbox 1357 1217 1367 1231; x_wconf 86' lang='lat'>‚</span> <span class='ocrx_word' id='word_1_232' title='bbox 1380 1199 1435 1223; x_wconf 84' lang='lat' dir='ltr'>aut</span> <span class='ocrx_word' id='word_1_233' title='bbox 1452 1187 1588 1237; x_wconf 87' lang='lat' dir='ltr'>fragoris</span> <span class='ocrx_word' id='word_1_234' title='bbox 1600 1218 1611 1234; x_wconf 83' lang='lat'>‚</span> <span class='ocrx_word' id='word_1_235' title='bbox 1625 1200 1786 1237; x_wconf 87' lang='lat' dir='ltr'>quantum</span> 
     </span>
     <span class='ocr_line' id='line_1_21' title="bbox 387 1203 1785 1286; baseline 0.001 -13"><span class='ocrx_word' id='word_1_236' title='bbox 387 1250 487 1273; x_wconf 90' lang='lat' dir='ltr'>nemo</span> <span class='ocrx_word' id='word_1_237' title='bbox 496 1203 565 1273; x_wconf 80' lang='lat' dir='ltr'>nisip</span> <span class='ocrx_word' id='word_1_238' title='bbox 564 1249 714 1286; x_wconf 86' lang='lat' dir='ltr'>expertus</span> <span class='ocrx_word' id='word_1_239' title='bbox 725 1238 880 1272; x_wconf 84' lang='lat' dir='ltr'>crederet·</span> <span class='ocrx_word' id='word_1_240' title='bbox 907 1239 1019 1284; x_wconf 84' lang='lat' dir='ltr'>Qare</span> <span class='ocrx_word' id='word_1_241' title='bbox 1034 1237 1112 1272; x_wconf 86' lang='lat' dir='ltr'>illud</span> <span class='ocrx_word' id='word_1_242' title='bbox 1122 1238 1169 1272; x_wconf 88' lang='lat' dir='ltr'>est</span> <span class='ocrx_word' id='word_1_243' title='bbox 1181 1249 1261 1273; x_wconf 89' lang='lat' dir='ltr'>vero</span> <span class='ocrx_word' id='word_1_244' title='bbox 1270 1239 1458 1285; x_wconf 84' lang='lat' dir='ltr'>proximum</span> <span class='ocrx_word' id='word_1_245' title='bbox 1469 1265 1480 1279; x_wconf 94' lang='lat'>‚</span> <span class='ocrx_word' id='word_1_246' title='bbox 1494 1237 1616 1286; x_wconf 85' lang='lat' dir='ltr'>spiritus</span> <span class='ocrx_word' id='word_1_247' title='bbox 1628 1238 1785 1275; x_wconf 84' lang='lat' dir='ltr'>animales</span> 
     </span>
     <span class='ocr_line' id='line_1_22' title="bbox 387 1285 1787 1335; baseline 0 -13"><span class='ocrx_word' id='word_1_248' title='bbox 387 1287 486 1322; x_wconf 87' lang='lat' dir='ltr'>instar</span> <span class='ocrx_word' id='word_1_249' title='bbox 497 1285 573 1322; x_wconf 88' lang='lat' dir='ltr'>lucis</span> <span class='ocrx_word' id='word_1_250' title='bbox 589 1286 646 1324; x_wconf 84' lang='lat' dir='ltr'>vel</span> <span class='ocrx_word' id='word_1_251' title='bbox 657 1287 784 1322; x_wconf 88' lang='lat' dir='ltr'>aetheris</span> <span class='ocrx_word' id='word_1_252' title='bbox 800 1289 906 1335; x_wconf 85' lang='lat' dir='ltr'>potius</span> <span class='ocrx_word' id='word_1_253' title='bbox 917 1298 1091 1322; x_wconf 84' lang='lat' dir='ltr'>nervorum</span> <span class='ocrx_word' id='word_1_254' title='bbox 1109 1285 1206 1321; x_wconf 82' lang='lat' dir='ltr'>fibras</span> <span class='ocrx_word' id='word_1_255' title='bbox 1217 1315 1227 1330; x_wconf 91' lang='lat'>‚</span> <span class='ocrx_word' id='word_1_256' title='bbox 1250 1291 1284 1323; x_wconf 88' lang='lat'>&amp;</span> <span class='ocrx_word' id='word_1_257' title='bbox 1302 1297 1409 1320; x_wconf 90' lang='lat' dir='ltr'>totum</span> <span class='ocrx_word' id='word_1_258' title='bbox 1420 1299 1532 1335; x_wconf 87' lang='lat' dir='ltr'>corpus</span> <span class='ocrx_word' id='word_1_259' title='bbox 1546 1288 1696 1322; x_wconf 84' lang='lat' dir='ltr'>irradiare</span> <span class='ocrx_word' id='word_1_260' title='bbox 1713 1287 1787 1331; x_wconf 75' lang='lat' dir='ltr'>3iis-</span> 
     </span>
     <span class='ocr_line' id='line_1_23' title="bbox 389 1334 1785 1383; baseline 0.002 -13"><span class='ocrx_word' id='word_1_261' title='bbox 389 1348 454 1383; x_wconf 90' lang='lat' dir='ltr'>que</span> <span class='ocrx_word' id='word_1_262' title='bbox 467 1335 588 1371; x_wconf 90' lang='lat' dir='ltr'>tubulis</span> <span class='ocrx_word' id='word_1_263' title='bbox 604 1335 738 1377; x_wconf 82' lang='lat' dir='ltr'>inclusos</span> <span class='ocrx_word' id='word_1_264' title='bbox 755 1349 829 1371; x_wconf 84' lang='lat' dir='ltr'>eam</span> <span class='ocrx_word' id='word_1_265' title='bbox 850 1338 918 1371; x_wconf 84' lang='lat' dir='ltr'>vim</span> <span class='ocrx_word' id='word_1_266' title='bbox 933 1334 1053 1371; x_wconf 79' lang='lat' dir='ltr'>habere</span> <span class='ocrx_word' id='word_1_267' title='bbox 1070 1347 1170 1383; x_wconf 83' lang='lat' dir='ltr'>quam</span> <span class='ocrx_word' id='word_1_268' title='bbox 1187 1337 1220 1370; x_wconf 89' lang='lat' dir='ltr'>in</span> <span class='ocrx_word' id='word_1_269' title='bbox 1237 1334 1386 1383; x_wconf 87' lang='lat' dir='ltr'>sclopetis</span> <span class='ocrx_word' id='word_1_270' title='bbox 1404 1341 1436 1372; x_wconf 90' lang='lat'>&amp;</span> <span class='ocrx_word' id='word_1_271' title='bbox 1453 1335 1590 1372; x_wconf 86' lang='lat' dir='ltr'>fulmine</span> <span class='ocrx_word' id='word_1_272' title='bbox 1611 1338 1785 1374; x_wconf 83' lang='lat' dir='ltr'>cernimus.</span> 
     </span>
     <span class='ocr_line' id='line_1_24' title="bbox 389 1384 1790 1434; baseline 0.001 -14"><span class='ocrx_word' id='word_1_273' title='bbox 389 1387 464 1423; x_wconf 91' lang='lat' dir='ltr'>Nec</span> <span class='ocrx_word' id='word_1_274' title='bbox 474 1386 572 1421; x_wconf 87' lang='lat' dir='ltr'>video</span> <span class='ocrx_word' id='word_1_275' title='bbox 582 1385 662 1434; x_wconf 91' lang='lat' dir='ltr'>quid</span> <span class='ocrx_word' id='word_1_276' title='bbox 675 1387 709 1421; x_wconf 88' lang='lat' dir='ltr'>in</span> <span class='ocrx_word' id='word_1_277' title='bbox 720 1384 825 1420; x_wconf 89' lang='lat' dir='ltr'>musca</span> <span class='ocrx_word' id='word_1_278' title='bbox 836 1414 844 1428; x_wconf 91' lang='lat'><strong>‚</strong></span> <span class='ocrx_word' id='word_1_279' title='bbox 861 1384 1025 1434; x_wconf 85' lang='lat' dir='ltr'>papilione</span> <span class='ocrx_word' id='word_1_280' title='bbox 1035 1390 1069 1422; x_wconf 90' lang='lat'>&amp;</span> <span class='ocrx_word' id='word_1_281' title='bbox 1078 1385 1147 1419; x_wconf 87' lang='lat' dir='ltr'>aliis</span> <span class='ocrx_word' id='word_1_282' title='bbox 1157 1384 1357 1419; x_wconf 82' lang='lat' dir='ltr'>animalculis</span> <span class='ocrx_word' id='word_1_283' title='bbox 1375 1396 1503 1420; x_wconf 85' lang='lat' dir='ltr'>motum</span> <span class='ocrx_word' id='word_1_284' title='bbox 1519 1396 1586 1420; x_wconf 85' lang='lat' dir='ltr'>tam</span> <span class='ocrx_word' id='word_1_285' title='bbox 1597 1387 1762 1434; x_wconf 85' lang='lat' dir='ltr'>pernicem</span> <span class='ocrx_word' id='word_1_286' title='bbox 1773 1398 1790 1431; x_wconf 84' lang='lat'>,¹</span> 
     </span>
     <span class='ocr_line' id='line_1_25' title="bbox 389 1431 1787 1484; baseline -0.001 -15"><span class='ocrx_word' id='word_1_287' title='bbox 389 1445 444 1470; x_wconf 89' lang='lat' dir='ltr'>aut</span> <span class='ocrx_word' id='word_1_288' title='bbox 456 1436 491 1470; x_wconf 89' lang='lat' dir='ltr'>in</span> <span class='ocrx_word' id='word_1_289' title='bbox 502 1434 679 1484; x_wconf 86' lang='lat' dir='ltr'>elephante</span> <span class='ocrx_word' id='word_1_290' title='bbox 694 1435 778 1469; x_wconf 90' lang='lat' dir='ltr'>adeo</span> <span class='ocrx_word' id='word_1_291' title='bbox 795 1434 939 1470; x_wconf 86' lang='lat' dir='ltr'>validum</span> <span class='ocrx_word' id='word_1_292' title='bbox 952 1432 1086 1469; x_wconf 88' lang='lat' dir='ltr'>efficiat:</span> <span class='ocrx_word' id='word_1_293' title='bbox 1103 1432 1123 1468; x_wconf 83' lang='lat' dir='ltr'>si</span> <span class='ocrx_word' id='word_1_294' title='bbox 1139 1432 1222 1469; x_wconf 87' lang='lat' dir='ltr'>nihil</span> <span class='ocrx_word' id='word_1_295' title='bbox 1236 1435 1269 1468; x_wconf 87' lang='lat' dir='ltr'>in</span> <span class='ocrx_word' id='word_1_296' title='bbox 1279 1435 1315 1468; x_wconf 90' lang='lat' dir='ltr'>iis</span> <span class='ocrx_word' id='word_1_297' title='bbox 1329 1431 1364 1468; x_wconf 86' lang='lat' dir='ltr'>fit</span> <span class='ocrx_word' id='word_1_298' title='bbox 1374 1445 1486 1482; x_wconf 83' lang='lat' dir='ltr'>praeter</span> <span class='ocrx_word' id='word_1_299' title='bbox 1496 1433 1667 1470; x_wconf 86' lang='lat' dir='ltr'>humorem</span> <span class='ocrx_word' id='word_1_300' title='bbox 1679 1447 1787 1483; x_wconf 73' lang='lat' dir='ltr'>quen-</span> 
     </span>
     <span class='ocr_line' id='line_1_26' title="bbox 389 1481 1786 1532; baseline -0.001 -14"><span class='ocrx_word' id='word_1_301' title='bbox 389 1484 466 1519; x_wconf 87' lang='lat' dir='ltr'>dam</span> <span class='ocrx_word' id='word_1_302' title='bbox 475 1484 663 1519; x_wconf 68' lang='lat' dir='ltr'>untstuosum</span> <span class='ocrx_word' id='word_1_303' title='bbox 676 1489 710 1520; x_wconf 87' lang='lat'>&amp;</span> <span class='ocrx_word' id='word_1_304' title='bbox 728 1485 880 1520; x_wconf 87' lang='lat' dir='ltr'>inertem.</span> <span class='ocrx_word' id='word_1_305' title='bbox 901 1485 975 1520; x_wconf 89' lang='lat' dir='ltr'>Nec</span> <span class='ocrx_word' id='word_1_306' title='bbox 987 1482 1125 1518; x_wconf 88' lang='lat' dir='ltr'>multum</span> <span class='ocrx_word' id='word_1_307' title='bbox 1138 1482 1237 1518; x_wconf 89' lang='lat' dir='ltr'>refert</span> <span class='ocrx_word' id='word_1_308' title='bbox 1253 1495 1293 1518; x_wconf 90' lang='lat' dir='ltr'>an</span> <span class='ocrx_word' id='word_1_309' title='bbox 1313 1481 1436 1532; x_wconf 85' lang='lat' dir='ltr'>spiritus</span> <span class='ocrx_word' id='word_1_310' title='bbox 1452 1482 1511 1518; x_wconf 76' lang='lat' dir='ltr'>lint</span> <span class='ocrx_word' id='word_1_311' title='bbox 1525 1485 1662 1519; x_wconf 88' lang='lat' dir='ltr'>animati</span> <span class='ocrx_word' id='word_1_312' title='bbox 1673 1512 1682 1526; x_wconf 89' lang='lat'>‚</span> <span class='ocrx_word' id='word_1_313' title='bbox 1705 1493 1786 1521; x_wconf 78' lang='lat' dir='ltr'>nec.</span> 
     </span>
     <span class='ocr_line' id='line_1_27' title="bbox 388 1531 1787 1582; baseline -0.002 -14"><span class='ocrx_word' id='word_1_314' title='bbox 388 1545 432 1568; x_wconf 88' lang='lat' dir='ltr'>ne</span> <span class='ocrx_word' id='word_1_315' title='bbox 447 1549 456 1576; x_wconf 84' lang='lat'>;</span> <span class='ocrx_word' id='word_1_316' title='bbox 474 1545 515 1569; x_wconf 90' lang='lat' dir='ltr'>an</span> <span class='ocrx_word' id='word_1_317' title='bbox 532 1536 639 1569; x_wconf 87' lang='lat' dir='ltr'>anima</span> <span class='ocrx_word' id='word_1_318' title='bbox 650 1533 787 1569; x_wconf 89' lang='lat' dir='ltr'>sentiens</span> <span class='ocrx_word' id='word_1_319' title='bbox 798 1532 834 1568; x_wconf 86' lang='lat' dir='ltr'>fit</span> <span class='ocrx_word' id='word_1_320' title='bbox 850 1536 882 1568; x_wconf 89' lang='lat' dir='ltr'>in</span> <span class='ocrx_word' id='word_1_321' title='bbox 899 1532 1051 1582; x_wconf 83' lang='lat' dir='ltr'>sanguine</span> <span class='ocrx_word' id='word_1_322' title='bbox 1062 1562 1072 1576; x_wconf 87' lang='lat'>‚</span> <span class='ocrx_word' id='word_1_323' title='bbox 1088 1543 1125 1567; x_wconf 88' lang='lat' dir='ltr'>ut</span> <span class='ocrx_word' id='word_1_324' title='bbox 1142 1533 1303 1580; x_wconf 83' lang='lat' dir='ltr'>Scriptura</span> <span class='ocrx_word' id='word_1_325' title='bbox 1318 1531 1427 1567; x_wconf 88' lang='lat' dir='ltr'>testari</span> <span class='ocrx_word' id='word_1_326' title='bbox 1438 1532 1565 1567; x_wconf 86' lang='lat' dir='ltr'>videtur</span> <span class='ocrx_word' id='word_1_327' title='bbox 1579 1547 1588 1569; x_wconf 72' lang='grc' dir='ltr'><strong><em>ε</em></strong></span> <span class='ocrx_word' id='word_1_328' title='bbox 1608 1545 1680 1568; x_wconf 87' lang='lat' dir='ltr'>curn</span> <span class='ocrx_word' id='word_1_329' title='bbox 1695 1532 1787 1582; x_wconf 82' lang='lat' dir='ltr'>spiri.</span> 
     </span>
     <span class='ocr_line' id='line_1_28' title="bbox 390 1580 1787 1632; baseline 0 -16"><span class='ocrx_word' id='word_1_330' title='bbox 390 1593 441 1617; x_wconf 85' lang='lat' dir='ltr'>tus</span> <span class='ocrx_word' id='word_1_331' title='bbox 457 1580 515 1617; x_wconf 81' lang='lat' dir='ltr'>[int</span> <span class='ocrx_word' id='word_1_332' title='bbox 528 1585 685 1632; x_wconf 85' lang='lat' dir='ltr'>praecipua</span> <span class='ocrx_word' id='word_1_333' title='bbox 699 1581 782 1618; x_wconf 87' lang='lat' dir='ltr'>illius</span> <span class='ocrx_word' id='word_1_334' title='bbox 795 1583 1008 1617; x_wconf 87' lang='lat' dir='ltr'>instrumenta</span> <span class='ocrx_word' id='word_1_335' title='bbox 1020 1610 1031 1625; x_wconf 88' lang='lat'>,</span> <span class='ocrx_word' id='word_1_336' title='bbox 1043 1593 1142 1628; x_wconf 88' lang='lat' dir='ltr'>atque</span> <span class='ocrx_word' id='word_1_337' title='bbox 1155 1594 1193 1616; x_wconf 88' lang='lat' dir='ltr'>ex</span> <span class='ocrx_word' id='word_1_338' title='bbox 1206 1580 1273 1630; x_wconf 88' lang='lat' dir='ltr'>ipso</span> <span class='ocrx_word' id='word_1_339' title='bbox 1287 1580 1439 1630; x_wconf 83' lang='lat' dir='ltr'>sanguine</span> <span class='ocrx_word' id='word_1_340' title='bbox 1453 1580 1660 1618; x_wconf 85' lang='lat' dir='ltr'>exstillentur.</span> <span class='ocrx_word' id='word_1_341' title='bbox 1685 1584 1732 1617; x_wconf 85' lang='lat' dir='ltr'>Ac</span> <span class='ocrx_word' id='word_1_342' title='bbox 1746 1583 1787 1618; x_wconf 92' lang='lat' dir='ltr'>li..</span> 
     </span>
     <span class='ocr_line' id='line_1_29' title="bbox 388 1630 1787 1680; baseline 0.002 -15"><span class='ocrx_word' id='word_1_343' title='bbox 388 1643 442 1666; x_wconf 91' lang='lat' dir='ltr'>cet</span> <span class='ocrx_word' id='word_1_344' title='bbox 453 1632 540 1669; x_wconf 72' lang='lat' dir='ltr'>forte</span> <span class='ocrx_word' id='word_1_345' title='bbox 548 1645 620 1680; x_wconf 84' lang='lat' dir='ltr'>quae</span> <span class='ocrx_word' id='word_1_346' title='bbox 631 1631 669 1667; x_wconf 85' lang='lat' dir='ltr'>fit</span> <span class='ocrx_word' id='word_1_347' title='bbox 678 1644 789 1667; x_wconf 87' lang='lat' dir='ltr'>eorum</span> <span class='ocrx_word' id='word_1_348' title='bbox 807 1630 994 1676; x_wconf 83' lang='lat' dir='ltr'>substantia,</span> <span class='ocrx_word' id='word_1_349' title='bbox 1003 1631 1164 1680; x_wconf 84' lang='lat' dir='ltr'>explicare</span> <span class='ocrx_word' id='word_1_350' title='bbox 1174 1643 1242 1667; x_wconf 91' lang='lat' dir='ltr'>non</span> <span class='ocrx_word' id='word_1_351' title='bbox 1252 1630 1416 1667; x_wconf 88' lang='lat' dir='ltr'>valeamus</span> <span class='ocrx_word' id='word_1_352' title='bbox 1425 1659 1435 1675; x_wconf 91' lang='lat'>‚</span> <span class='ocrx_word' id='word_1_353' title='bbox 1448 1642 1502 1666; x_wconf 90' lang='lat' dir='ltr'>eos</span> <span class='ocrx_word' id='word_1_354' title='bbox 1517 1642 1625 1668; x_wconf 86' lang='lat' dir='ltr'>tamen</span> <span class='ocrx_word' id='word_1_355' title='bbox 1637 1631 1787 1678; x_wconf 78' lang='lat' dir='ltr'>existere,</span> 
     </span>
     <span class='ocr_line' id='line_1_30' title="bbox 391 1679 819 1730; baseline 0.007 -15"><span class='ocrx_word' id='word_1_356' title='bbox 391 1679 542 1717; x_wconf 88' lang='lat' dir='ltr'>dubitare</span> <span class='ocrx_word' id='word_1_357' title='bbox 558 1695 627 1717; x_wconf 89' lang='lat' dir='ltr'>non</span> <span class='ocrx_word' id='word_1_358' title='bbox 648 1681 819 1730; x_wconf 77' lang='lat' dir='ltr'>poffumuS.</span> 
     </span>
    </p>

    <p class='ocr_par' dir='ltr' id='par_1_4' title="bbox 389 1727 1792 2171">
     <span class='ocr_line' id='line_1_31' title="bbox 423 1727 1790 1780; baseline 0.003 -17"><span class='ocrx_word' id='word_1_359' title='bbox 423 1729 507 1765; x_wconf 91' lang='lat' dir='ltr'>lllud</span> <span class='ocrx_word' id='word_1_360' title='bbox 522 1733 622 1766; x_wconf 79' lang='lat' dir='ltr'>etiam</span> <span class='ocrx_word' id='word_1_361' title='bbox 633 1743 705 1766; x_wconf 85' lang='lat' dir='ltr'>cum</span> <span class='ocrx_word' id='word_1_362' title='bbox 716 1730 917 1767; x_wconf 75' lang='lat' dir='ltr'>DJ&#39;errault</span> <span class='ocrx_word' id='word_1_363' title='bbox 928 1730 1081 1765; x_wconf 79' lang='lat' dir='ltr'>addamus</span> <span class='ocrx_word' id='word_1_364' title='bbox 1092 1729 1281 1780; x_wconf 85' lang='lat' dir='ltr'>sanguinem</span> <span class='ocrx_word' id='word_1_365' title='bbox 1297 1732 1331 1766; x_wconf 89' lang='lat' dir='ltr'>in</span> <span class='ocrx_word' id='word_1_366' title='bbox 1342 1727 1465 1765; x_wconf 88' lang='lat' dir='ltr'>cerebri</span> <span class='ocrx_word' id='word_1_367' title='bbox 1479 1729 1651 1766; x_wconf 87' lang='lat' dir='ltr'>substantia</span> <span class='ocrx_word' id='word_1_368' title='bbox 1664 1728 1790 1767; x_wconf 58' lang='lat' dir='ltr'>denno:</span> 
     </span>
     <span class='ocr_line' id='line_1_32' title="bbox 390 1777 1788 1828; baseline -0.001 -15"><span class='ocrx_word' id='word_1_369' title='bbox 390 1790 424 1813; x_wconf 87' lang='lat' dir='ltr'>re</span> <span class='ocrx_word' id='word_1_370' title='bbox 439 1782 604 1815; x_wconf 78' lang='lat' dir='ltr'>extenuari</span> <span class='ocrx_word' id='word_1_371' title='bbox 616 1778 714 1823; x_wconf 86' lang='lat' dir='ltr'>,dum</span> <span class='ocrx_word' id='word_1_372' title='bbox 725 1779 830 1815; x_wconf 91' lang='lat' dir='ltr'>serum</span> <span class='ocrx_word' id='word_1_373' title='bbox 841 1779 957 1815; x_wconf 88' lang='lat' dir='ltr'>inutile</span> <span class='ocrx_word' id='word_1_374' title='bbox 971 1790 1041 1814; x_wconf 91' lang='lat' dir='ltr'>tum</span> <span class='ocrx_word' id='word_1_375' title='bbox 1052 1779 1246 1815; x_wconf 85' lang='lat' dir='ltr'>dilatatione</span> <span class='ocrx_word' id='word_1_376' title='bbox 1263 1782 1450 1815; x_wconf 87' lang='lat' dir='ltr'>arteriarum</span> <span class='ocrx_word' id='word_1_377' title='bbox 1461 1809 1472 1824; x_wconf 87' lang='lat'>‚</span> <span class='ocrx_word' id='word_1_378' title='bbox 1489 1792 1561 1828; x_wconf 85' lang='lat' dir='ltr'>quae</span> <span class='ocrx_word' id='word_1_379' title='bbox 1586 1777 1720 1814; x_wconf 86' lang='lat' dir='ltr'>nervosa</span> <span class='ocrx_word' id='word_1_380' title='bbox 1736 1791 1788 1815; x_wconf 85' lang='lat' dir='ltr'>tu..</span> 
     </span>
     <span class='ocr_line' id='line_1_33' title="bbox 390 1827 1788 1878; baseline -0.001 -16"><span class='ocrx_word' id='word_1_381' title='bbox 390 1829 464 1863; x_wconf 86' lang='lat' dir='ltr'>nica</span> <span class='ocrx_word' id='word_1_382' title='bbox 474 1829 630 1864; x_wconf 76' lang='lat' dir='ltr'>destituta:</span> <span class='ocrx_word' id='word_1_383' title='bbox 644 1832 747 1878; x_wconf 85' lang='lat' dir='ltr'>magis</span> <span class='ocrx_word' id='word_1_384' title='bbox 757 1828 948 1872; x_wconf 86' lang='lat' dir='ltr'>dilatantur,</span> <span class='ocrx_word' id='word_1_385' title='bbox 970 1840 1037 1863; x_wconf 89' lang='lat' dir='ltr'>tum</span> <span class='ocrx_word' id='word_1_386' title='bbox 1049 1827 1206 1876; x_wconf 82' lang='lat' dir='ltr'>preffione</span> <span class='ocrx_word' id='word_1_387' title='bbox 1217 1827 1360 1871; x_wconf 89' lang='lat' dir='ltr'>cerebri,</span> <span class='ocrx_word' id='word_1_388' title='bbox 1385 1833 1421 1865; x_wconf 77' lang='grc' dir='ltr'>δε</span> <span class='ocrx_word' id='word_1_389' title='bbox 1435 1829 1566 1864; x_wconf 87' lang='lat' dir='ltr'>alternis</span> <span class='ocrx_word' id='word_1_390' title='bbox 1590 1827 1677 1863; x_wconf 68' lang='lat' dir='ltr'>forte</span> <span class='ocrx_word' id='word_1_391' title='bbox 1689 1831 1788 1863; x_wconf 75' lang='lat' dir='ltr'>mori-</span> 
     </span>
     <span class='ocr_line' id='line_1_34' title="bbox 391 1875 1788 1926; baseline 0.002 -16"><span class='ocrx_word' id='word_1_392' title='bbox 391 1875 452 1911; x_wconf 89' lang='lat' dir='ltr'>bus</span> <span class='ocrx_word' id='word_1_393' title='bbox 468 1906 478 1920; x_wconf 88' lang='lat'>,</span> <span class='ocrx_word' id='word_1_394' title='bbox 499 1889 568 1912; x_wconf 91' lang='lat' dir='ltr'>tum</span> <span class='ocrx_word' id='word_1_395' title='bbox 582 1879 726 1925; x_wconf 89' lang='lat' dir='ltr'>denique</span> <span class='ocrx_word' id='word_1_396' title='bbox 738 1877 801 1912; x_wconf 87' lang='lat' dir='ltr'>sale</span> <span class='ocrx_word' id='word_1_397' title='bbox 815 1878 960 1924; x_wconf 89' lang='lat' dir='ltr'>quodam</span> <span class='ocrx_word' id='word_1_398' title='bbox 971 1877 1100 1912; x_wconf 88' lang='lat' dir='ltr'>urinoso</span> <span class='ocrx_word' id='word_1_399' title='bbox 1112 1879 1323 1926; x_wconf 85' lang='lat' dir='ltr'>praecipitatur</span> <span class='ocrx_word' id='word_1_400' title='bbox 1334 1877 1366 1911; x_wconf 93' lang='lat' dir='ltr'>id</span> <span class='ocrx_word' id='word_1_401' title='bbox 1378 1878 1466 1923; x_wconf 91' lang='lat' dir='ltr'>quod</span> <span class='ocrx_word' id='word_1_402' title='bbox 1483 1878 1526 1912; x_wconf 87' lang='lat' dir='ltr'>est</span> <span class='ocrx_word' id='word_1_403' title='bbox 1535 1876 1649 1911; x_wconf 88' lang='lat' dir='ltr'>inutile</span> <span class='ocrx_word' id='word_1_404' title='bbox 1663 1889 1671 1910; x_wconf 92' lang='lat'><strong>:</strong></span> <span class='ocrx_word' id='word_1_405' title='bbox 1696 1877 1788 1924; x_wconf 77' lang='lat' dir='ltr'>quod</span> 
     </span>
     <span class='ocr_line' id='line_1_35' title="bbox 390 1924 1789 1974; baseline 0.001 -14"><span class='ocrx_word' id='word_1_406' title='bbox 390 1924 472 1961; x_wconf 77' lang='lat' dir='ltr'>vero</span> <span class='ocrx_word' id='word_1_407' title='bbox 482 1926 529 1959; x_wconf 87' lang='lat' dir='ltr'>est</span> <span class='ocrx_word' id='word_1_408' title='bbox 539 1926 619 1961; x_wconf 91' lang='lat' dir='ltr'>utile</span> <span class='ocrx_word' id='word_1_409' title='bbox 633 1953 644 1968; x_wconf 91' lang='lat'>,</span> <span class='ocrx_word' id='word_1_410' title='bbox 663 1937 878 1974; x_wconf 80' lang='lat' dir='ltr'>praeparatur,</span> <span class='ocrx_word' id='word_1_411' title='bbox 897 1930 930 1962; x_wconf 89' lang='lat'><strong>&amp;</strong></span> <span class='ocrx_word' id='word_1_412' title='bbox 945 1937 1138 1961; x_wconf 85' lang='lat' dir='ltr'>extenuatur</span> <span class='ocrx_word' id='word_1_413' title='bbox 1159 1928 1192 1959; x_wconf 89' lang='lat' dir='ltr'>vi</span> <span class='ocrx_word' id='word_1_414' title='bbox 1205 1925 1368 1974; x_wconf 86' lang='lat' dir='ltr'>spirituum</span> <span class='ocrx_word' id='word_1_415' title='bbox 1388 1927 1629 1972; x_wconf 85' lang='lat' dir='ltr'>penetrantium</span> <span class='ocrx_word' id='word_1_416' title='bbox 1641 1953 1650 1967; x_wconf 90' lang='lat'>‚</span> <span class='ocrx_word' id='word_1_417' title='bbox 1667 1924 1789 1972; x_wconf 72' lang='lat' dir='ltr'>quibus</span> 
     </span>
     <span class='ocr_line' id='line_1_36' title="bbox 390 1972 1790 2023; baseline 0.002 -15"><span class='ocrx_word' id='word_1_418' title='bbox 390 1973 801 2021; x_wconf 56' lang='lat' dir='ltr'>cerebrum„ab11ndat.Hae</span> <span class='ocrx_word' id='word_1_419' title='bbox 815 1985 921 2023; x_wconf 82' lang='lat' dir='ltr'>partes</span> <span class='ocrx_word' id='word_1_420' title='bbox 935 1984 1114 2008; x_wconf 83' lang='lat' dir='ltr'>extenuatae</span> <span class='ocrx_word' id='word_1_421' title='bbox 1123 1976 1155 2009; x_wconf 88' lang='lat' dir='ltr'>in</span> <span class='ocrx_word' id='word_1_422' title='bbox 1169 1974 1263 2009; x_wconf 85' lang='lat' dir='ltr'>densa</span> <span class='ocrx_word' id='word_1_423' title='bbox 1271 1972 1395 2009; x_wconf 89' lang='lat' dir='ltr'>cerebri</span> <span class='ocrx_word' id='word_1_424' title='bbox 1404 1973 1577 2010; x_wconf 88' lang='lat' dir='ltr'>substantia</span> <span class='ocrx_word' id='word_1_425' title='bbox 1586 1972 1684 2009; x_wconf 68' lang='lat' dir='ltr'>tutius</span> <span class='ocrx_word' id='word_1_426' title='bbox 1697 1973 1790 2011; x_wconf 79' lang='lat' dir='ltr'>affet-</span> 
     </span>
     <span class='ocr_line' id='line_1_37' title="bbox 389 2021 1792 2072; baseline 0 -13"><span class='ocrx_word' id='word_1_427' title='bbox 389 2035 506 2059; x_wconf 85' lang='lat' dir='ltr'>vantur</span> <span class='ocrx_word' id='word_1_428' title='bbox 517 2052 527 2067; x_wconf 85' lang='lat'>‚</span> <span class='ocrx_word' id='word_1_429' title='bbox 540 2029 573 2061; x_wconf 89' lang='lat'>&amp;</span> <span class='ocrx_word' id='word_1_430' title='bbox 584 2036 658 2058; x_wconf 89' lang='lat' dir='ltr'>cum</span> <span class='ocrx_word' id='word_1_431' title='bbox 675 2023 746 2058; x_wconf 86' lang='lat' dir='ltr'>aliis</span> <span class='ocrx_word' id='word_1_432' title='bbox 762 2021 994 2072; x_wconf 83' lang='lat' dir='ltr'>congeneribus</span> <span class='ocrx_word' id='word_1_433' title='bbox 1012 2022 1104 2059; x_wconf 76' lang='lat' dir='ltr'>facile</span> <span class='ocrx_word' id='word_1_434' title='bbox 1116 2022 1339 2060; x_wconf 86' lang='lat' dir='ltr'>consociantur</span> <span class='ocrx_word' id='word_1_435' title='bbox 1349 2052 1358 2066; x_wconf 92' lang='lat'>,</span> <span class='ocrx_word' id='word_1_436' title='bbox 1367 2021 1470 2059; x_wconf 72' lang='lat' dir='ltr'>sensus</span> <span class='ocrx_word' id='word_1_437' title='bbox 1482 2028 1517 2061; x_wconf 75' lang='grc' dir='ltr'>δε</span> <span class='ocrx_word' id='word_1_438' title='bbox 1526 2022 1636 2063; x_wconf 69' lang='lat' dir='ltr'>motus</span> <span class='ocrx_word' id='word_1_439' title='bbox 1646 2023 1792 2060; x_wconf 54' lang='lat' dir='ltr'>functioa</span> 
     </span>
     <span class='ocr_line' id='line_1_38' title="bbox 392 2069 1789 2123; baseline 0.001 -14"><span class='ocrx_word' id='word_1_440' title='bbox 392 2072 490 2109; x_wconf 82' lang='lat' dir='ltr'>nibus</span> <span class='ocrx_word' id='word_1_441' title='bbox 503 2072 755 2108; x_wconf 77' lang='lat' dir='ltr'>accommodata:</span> <span class='ocrx_word' id='word_1_442' title='bbox 766 2102 775 2116; x_wconf 91' lang='lat'>,</span> <span class='ocrx_word' id='word_1_443' title='bbox 793 2073 871 2108; x_wconf 88' lang='lat' dir='ltr'>dum</span> <span class='ocrx_word' id='word_1_444' title='bbox 888 2072 1041 2120; x_wconf 88' lang='lat' dir='ltr'>cujusque</span> <span class='ocrx_word' id='word_1_445' title='bbox 1056 2069 1161 2109; x_wconf 75' lang='lat' dir='ltr'>sensus</span> <span class='ocrx_word' id='word_1_446' title='bbox 1171 2086 1294 2123; x_wconf 86' lang='lat' dir='ltr'>organo</span> <span class='ocrx_word' id='word_1_447' title='bbox 1303 2071 1506 2123; x_wconf 64' lang='lat' dir='ltr'>objeelorum</span> <span class='ocrx_word' id='word_1_448' title='bbox 1516 2070 1713 2122; x_wconf 84' lang='lat' dir='ltr'>impreffioni</span> <span class='ocrx_word' id='word_1_449' title='bbox 1731 2085 1789 2113; x_wconf 50' lang='lat' dir='ltr'>exa</span> 
     </span>
     <span class='ocr_line' id='line_1_39' title="bbox 391 2119 852 2171; baseline 0.002 -15"><span class='ocrx_word' id='word_1_450' title='bbox 391 2122 548 2171; x_wconf 89' lang='lat' dir='ltr'>cipiendae</span> <span class='ocrx_word' id='word_1_451' title='bbox 569 2134 682 2171; x_wconf 84' lang='lat' dir='ltr'>aptum</span> <span class='ocrx_word' id='word_1_452' title='bbox 696 2119 852 2158; x_wconf 87' lang='lat' dir='ltr'>efficiunt.</span> 
     </span>
    </p>

    <p class='ocr_par' dir='ltr' id='par_1_5' title="bbox 392 2169 1832 2421">
     <span class='ocr_line' id='line_1_40' title="bbox 426 2169 1789 2223; baseline 0 -18"><span class='ocrx_word' id='word_1_453' title='bbox 426 2172 515 2220; x_wconf 84' lang='lat' dir='ltr'>Opp.</span> <span class='ocrx_word' id='word_1_454' title='bbox 532 2183 582 2208; x_wconf 85' lang='lat'>2⁰.</span> <span class='ocrx_word' id='word_1_455' title='bbox 597 2169 711 2207; x_wconf 88' lang='lat' dir='ltr'>Sensus</span> <span class='ocrx_word' id='word_1_456' title='bbox 728 2173 895 2206; x_wconf 83' lang='lat' dir='ltr'>interiores</span> <span class='ocrx_word' id='word_1_457' title='bbox 913 2173 948 2207; x_wconf 81' lang='lat' dir='ltr'>in</span> <span class='ocrx_word' id='word_1_458' title='bbox 958 2170 1130 2207; x_wconf 84' lang='lat' dir='ltr'>substantia</span> <span class='ocrx_word' id='word_1_459' title='bbox 1144 2171 1268 2208; x_wconf 89' lang='lat' dir='ltr'>cerebri</span> <span class='ocrx_word' id='word_1_460' title='bbox 1280 2171 1393 2221; x_wconf 83' lang='lat' dir='ltr'>perfici</span> <span class='ocrx_word' id='word_1_461' title='bbox 1406 2185 1472 2210; x_wconf 90' lang='lat' dir='ltr'>non</span> <span class='ocrx_word' id='word_1_462' title='bbox 1483 2170 1570 2223; x_wconf 71' lang='lat' dir='ltr'>posse</span> <span class='ocrx_word' id='word_1_463' title='bbox 1582 2200 1592 2216; x_wconf 89' lang='lat'><em>‚</em></span> <span class='ocrx_word' id='word_1_464' title='bbox 1609 2170 1685 2207; x_wconf 69' lang='lat' dir='ltr'>cum</span> <span class='ocrx_word' id='word_1_465' title='bbox 1695 2179 1736 2206; x_wconf 80' lang='lat' dir='ltr'>ea</span> <span class='ocrx_word' id='word_1_466' title='bbox 1750 2169 1789 2206; x_wconf 82' lang='lat' dir='ltr'>fit</span> 
     </span>
     <span class='ocr_line' id='line_1_41' title="bbox 392 2219 1790 2271; baseline 0.003 -17"><span class='ocrx_word' id='word_1_467' title='bbox 392 2222 485 2256; x_wconf 88' lang='lat' dir='ltr'>omni</span> <span class='ocrx_word' id='word_1_468' title='bbox 495 2219 583 2256; x_wconf 87' lang='lat' dir='ltr'>sensu</span> <span class='ocrx_word' id='word_1_469' title='bbox 593 2221 767 2263; x_wconf 86' lang='lat' dir='ltr'>destituta;</span> <span class='ocrx_word' id='word_1_470' title='bbox 790 2232 899 2267; x_wconf 85' lang='lat' dir='ltr'>neque</span> <span class='ocrx_word' id='word_1_471' title='bbox 913 2221 978 2255; x_wconf 90' lang='lat' dir='ltr'>ulla</span> <span class='ocrx_word' id='word_1_472' title='bbox 994 2233 1064 2267; x_wconf 86' lang='lat' dir='ltr'>pars</span> <span class='ocrx_word' id='word_1_473' title='bbox 1077 2220 1201 2257; x_wconf 88' lang='lat' dir='ltr'>cerebri</span> <span class='ocrx_word' id='word_1_474' title='bbox 1219 2220 1363 2269; x_wconf 83' lang='lat' dir='ltr'>affignari</span> <span class='ocrx_word' id='word_1_475' title='bbox 1381 2219 1480 2271; x_wconf 82' lang='lat' dir='ltr'>poffit</span> <span class='ocrx_word' id='word_1_476' title='bbox 1498 2250 1508 2265; x_wconf 89' lang='lat'><strong>,</strong></span> <span class='ocrx_word' id='word_1_477' title='bbox 1534 2223 1568 2258; x_wconf 89' lang='lat' dir='ltr'>in</span> <span class='ocrx_word' id='word_1_478' title='bbox 1591 2232 1657 2269; x_wconf 82' lang='lat' dir='ltr'>qua</span> <span class='ocrx_word' id='word_1_479' title='bbox 1673 2221 1790 2269; x_wconf 49' lang='lat' dir='ltr'>praecii</span> 
     </span>
     <span class='ocr_line' id='line_1_42' title="bbox 392 2268 1832 2320; baseline 0 -17"><span class='ocrx_word' id='word_1_480' title='bbox 392 2282 491 2315; x_wconf 85' lang='lat' dir='ltr'>puarn</span> <span class='ocrx_word' id='word_1_481' title='bbox 500 2271 617 2305; x_wconf 64' lang='lat' dir='ltr'>animat</span> <span class='ocrx_word' id='word_1_482' title='bbox 629 2269 737 2305; x_wconf 87' lang='lat' dir='ltr'>sedem</span> <span class='ocrx_word' id='word_1_483' title='bbox 754 2269 965 2309; x_wconf 83' lang='lat' dir='ltr'>col&#39;ocemus.</span> <span class='ocrx_word' id='word_1_484' title='bbox 1026 2283 1101 2305; x_wconf 86' lang='lat' dir='ltr'>uate</span> <span class='ocrx_word' id='word_1_485' title='bbox 1116 2283 1190 2306; x_wconf 87' lang='lat' dir='ltr'>cum</span> <span class='ocrx_word' id='word_1_486' title='bbox 1207 2269 1314 2307; x_wconf 68' lang='lat' dir='ltr'>sensus</span> <span class='ocrx_word' id='word_1_487' title='bbox 1334 2273 1438 2307; x_wconf 89' lang='lat' dir='ltr'>omnis</span> <span class='ocrx_word' id='word_1_488' title='bbox 1457 2283 1614 2320; x_wconf 88' lang='lat' dir='ltr'>organum</span> <span class='ocrx_word' id='word_1_489' title='bbox 1628 2268 1664 2305; x_wconf 84' lang='lat' dir='ltr'>fit</span> <span class='ocrx_word' id='word_1_490' title='bbox 1680 2276 1790 2304; x_wconf 70' lang='lat' dir='ltr'>mem-s</span> <span class='ocrx_word' id='word_1_491' title='bbox 1830 2306 1832 2308; x_wconf 56' lang='grc'>,</span> 
     </span>
     <span class='ocr_line' id='line_1_43' title="bbox 393 2316 1787 2368; baseline 0.001 -16"><span class='ocrx_word' id='word_1_492' title='bbox 393 2316 493 2354; x_wconf 87' lang='lat' dir='ltr'>brana</span> <span class='ocrx_word' id='word_1_493' title='bbox 506 2319 652 2367; x_wconf 87' lang='lat' dir='ltr'>quaedam</span> <span class='ocrx_word' id='word_1_494' title='bbox 663 2348 673 2364; x_wconf 90' lang='lat'>,</span> <span class='ocrx_word' id='word_1_495' title='bbox 691 2331 746 2355; x_wconf 90' lang='lat' dir='ltr'>aut</span> <span class='ocrx_word' id='word_1_496' title='bbox 764 2316 913 2354; x_wconf 86' lang='lat' dir='ltr'>fibrarum</span> <span class='ocrx_word' id='word_1_497' title='bbox 927 2324 962 2356; x_wconf 70' lang='grc' dir='ltr'>δε</span> <span class='ocrx_word' id='word_1_498' title='bbox 973 2332 1145 2355; x_wconf 88' lang='lat' dir='ltr'>nervorum</span> <span class='ocrx_word' id='word_1_499' title='bbox 1160 2331 1332 2356; x_wconf 86' lang='lat' dir='ltr'>contextus</span> <span class='ocrx_word' id='word_1_500' title='bbox 1343 2349 1352 2364; x_wconf 87' lang='lat'>,</span> <span class='ocrx_word' id='word_1_501' title='bbox 1376 2321 1480 2355; x_wconf 89' lang='lat' dir='ltr'>multo</span> <span class='ocrx_word' id='word_1_502' title='bbox 1493 2320 1527 2354; x_wconf 88' lang='lat' dir='ltr'>id</span> <span class='ocrx_word' id='word_1_503' title='bbox 1550 2320 1681 2368; x_wconf 79' lang='lat' dir='ltr'>propius</span> <span class='ocrx_word' id='word_1_504' title='bbox 1705 2329 1787 2354; x_wconf 86' lang='lat' dir='ltr'>vero</span> 
     </span>
     <span class='ocr_line' id='line_1_44' title="bbox 393 2366 1786 2421; baseline 0 -19"><span class='ocrx_word' id='word_1_505' title='bbox 393 2367 540 2414; x_wconf 75' lang='lat' dir='ltr'>videtur,</span> <span class='ocrx_word' id='word_1_506' title='bbox 561 2380 735 2408; x_wconf 87' lang='lat' dir='ltr'>commune</span> <span class='ocrx_word' id='word_1_507' title='bbox 750 2367 926 2406; x_wconf 80' lang='lat' dir='ltr'>sensoriurn</span> <span class='ocrx_word' id='word_1_508' title='bbox 938 2368 991 2406; x_wconf 90' lang='lat' dir='ltr'>vel</span> <span class='ocrx_word' id='word_1_509' title='bbox 1001 2372 1034 2406; x_wconf 85' lang='lat' dir='ltr'>in</span> <span class='ocrx_word' id='word_1_510' title='bbox 1052 2371 1144 2408; x_wconf 85' lang='lat' dir='ltr'>tenui</span> <span class='ocrx_word' id='word_1_511' title='bbox 1159 2371 1312 2421; x_wconf 84' lang='lat' dir='ltr'>meninge</span> <span class='ocrx_word' id='word_1_512' title='bbox 1322 2399 1334 2415; x_wconf 86' lang='lat'><em>‚</em></span> <span class='ocrx_word' id='word_1_513' title='bbox 1344 2381 1414 2420; x_wconf 84' lang='lat' dir='ltr'>quae</span> <span class='ocrx_word' id='word_1_514' title='bbox 1426 2367 1575 2420; x_wconf 80' lang='lat' dir='ltr'>exquisiti</span> <span class='ocrx_word' id='word_1_515' title='bbox 1592 2369 1636 2405; x_wconf 88' lang='lat' dir='ltr'>est</span> <span class='ocrx_word' id='word_1_516' title='bbox 1653 2366 1786 2412; x_wconf 56' lang='lat' dir='ltr'>sensim</span> 
     </span>
    </p>

    <p class='ocr_par' dir='ltr' id='par_1_6' title="bbox 1742 2427 1789 2459">
     <span class='ocr_line' id='line_1_45' title="bbox 1742 2427 1789 2459; baseline 0 0"><span class='ocrx_word' id='word_1_517' title='bbox 1742 2427 1789 2459; x_wconf 74' lang='grc' dir='ltr'>νε</span> 
     </span>
    </p>
   </div>
   <div class='ocr_carea' id='block_1_3' title="bbox 1018 2493 1026 2523">
    <p class='ocr_par' dir='ltr' id='par_1_7' title="bbox 1018 2493 1026 2523">
     <span class='ocr_line' id='line_1_46' title="bbox 1018 2493 1026 2523; baseline 0 0"><span class='ocrx_word' id='word_1_518' title='bbox 1018 2493 1026 2523; x_wconf 83' lang='lat' dir='ltr'>l</span> 
     </span>
    </p>
   </div>
  </div>
 </body>
</html>
