1878 2724
404 142 472 190 278
719 138 982 177 PHYSICAE
1007 136 1160 174 PARS
1199 137 1483 176 SECUNDA.

439 191 530 226 Succi
547 189 680 225 extrasti
692 187 748 223 ubi
762 188 924 236 paululum
943 186 1127 222 resederunt
1144 216 1154 230 ‚
1169 193 1202 224 δε
1213 187 1371 224 crassiores
1385 187 1471 223 feces
1484 187 1677 236 deposuere,
1698 191 1807 226 variis·

406 251 538 287 quoque
549 236 795 285 probationibus
808 236 878 272 sunt
889 236 1066 284 explorati,
1090 242 1123 273 &
1137 249 1208 271 cum
1228 236 1437 272 solutionibus
1457 239 1614 286 praedietis
1640 239 1811 286 permisti.-

406 291 481 324 lmo
492 293 524 323 &
536 299 607 320 cuin
618 287 714 318 variis
725 285 912 320 animalium
930 284 1107 332 liquoribus
1119 314 1129 328 ‚
1150 297 1185 320 ut
1210 298 1281 320 cum
1295 285 1445 334 sanguine
1459 315 1468 329 ,
1503 285 1633 334 lympha
1652 315 1662 330 ,
1683 291 1716 322 &
1729 285 1796 324 bile

409 333 543 370 confusi.
559 335 648 367 Succi
661 346 775 367 ornnes
792 333 985 369 solutionem
1001 335 1128 369 Saturni
1145 336 1434 383 praecioitarunt,&
1447 335 1528 369 acidi
1539 337 1795 373 maxime.Non.

408 383 486 419 nulli
503 382 735 429 heliotropium
750 381 847 416 rubro
858 383 966 418 colore
984 382 1183 427 infecerunt,
1197 394 1231 418 ut
1241 377 1382 418 {anaceti
1394 382 1512 427 succuS,
1538 382 1701 420 sublimati
1714 383 1808 420 solu-r

410 434 536 466 tionem
562 433 654 478 pauci
679 429 853 468 turbarunt.

459 479 567 515 Plures
584 478 665 513 succi
679 491 752 513 cum
763 478 912 528 sanguine
926 492 980 515 aut
994 479 1114 515 venoso
1126 508 1135 523 ,
1152 479 1367 514 autarterioso
1382 482 1481 527 aequis
1501 479 1645 528 partibus
1662 482 1798 517 commi-1

410 529 451 562 sti
463 558 472 571 ‚
483 527 600 563 foi-nu,
613 540 687 561 eum
702 529 911 576 coagu¹atunt
922 530 993 573 ;alii
1006 528 1261 577 &coagulatione
1277 542 1350 564 eum
1363 528 1558 577 prohibuere
1581 543 1589 563 ι
1611 530 1732 578 sanguis
1751 542 1800 565 at-

411 580 560 611 teriarum
575 575 689 610 fortius
703 577 864 624 coagulari
885 577 963 613 solet
976 606 986 620 ,
999 577 1096 624 quam
1115 578 1248 612 venosus
1262 592 1269 613 :
1285 590 1393 613 tamen
1410 577 1513 626 plures
1534 576 1617 612 succi
1629 578 1721 614 illum
1743 581 1800 614 mi-

409 638 467 661 nus
478 625 650 674 coagulant
664 654 673 667 ‚
696 623 758 659 five
777 625 969 661 evenenofis
982 656 990 669 ,
1001 639 1037 661 ut
1051 639 1089 660 ex
1105 625 1212 661 solano
1228 626 1337 660 lethali
1356 655 1365 669 ‚
1387 625 1450 662 sive
1464 639 1501 661 ex
1517 625 1744 675 purgantibus,
1764 638 1802 662 u·

411 686 452 709 ex
466 674 613 708 elleboro
624 676 716 721 nigro
729 703 738 717 ‚
752 673 815 709 sive
827 688 865 709 ex
877 674 1065 709 salutaribus
1079 703 1088 717 ‚
1109 687 1145 709 ut
1162 688 1199 709 ex
1217 674 1376 710 absinthio
1395 704 1404 718 ‚
1428 681 1461 712 &
1472 675 1617 723 angelica
1631 676 1800 711 extrahan-

411 734 463 757 tur
479 722 548 766 3seu
562 735 600 757 ex
615 723 725 757 calidis
737 728 770 759 δε
782 725 964 758 aromaticis
981 752 990 766 ‚
1013 722 1117 758 senex
1131 724 1254 771 frigidis
1273 724 1453 760 eliciantur.
1473 726 1578 771 Atque
1593 725 1680 758 idem
1698 723 1804 760 succus

409 772 574 807 :interdum
591 771 744 806 venosum
760 771 942 821 sanguinem
957 774 1081 820 coegit,
1092 775 1147 819 qui
1158 770 1347 807 arteriosum
1362 773 1483 808 fundit.
1499 775 1625 808 Omnes
1637 785 1720 821 pene
1734 772 1802 808 suc-

413 822 443 854 ci
454 820 598 855 colorem
616 819 775 868 sanguinis
791 823 1000 855 immutarunt
1013 850 1021 863 ‚
1036 823 1142 868 paucis
1156 850 1165 863 ‚
1179 833 1213 856 ut
1226 820 1348 865 salviae,
1370 821 1529 864 menthae,
1549 823 1615 869 apii
1637 824 1778 870 exceptis
1790 838 1819 866 3·

412 867 517 903 succus
531 868 650 916 napelli
661 898 670 912 ‚
684 874 717 905 ὃ(
728 869 890 904 attemifiae
900 869 1009 902 colore
1022 869 1123 903 livido
1136 882 1207 904 eum
1218 870 1436 917 perfuderunt.
1447 872 1582 917 Spiritus
1596 872 1665 905 vini
1675 869 1808 919 stingui.»

413 929 512 960 nem,
528 917 696 965 lympham
710 945 719 959 ,
736 916 805 959 fel,
819 917 970 952 albumen
984 920 1040 951 ovi
1062 918 1210 965 coagulat
1233 935 1242 961 3
1264 919 1352 966 quod
1367 917 1447 952 succi
1469 918 1621 953 animales
1643 919 1809 965 quiddam*
1832 944 1843 951 =

413 964 561 1000 habeant
575 963 692 1009 viscosi,
707 965 805 1012 idque
816 979 888 1001 cum
904 965 1024 1013 spiritus
1041 967 1110 998 vini
1121 965 1287 1000 dissolvere
1296 979 1361 1001 non
1373 966 1551 1014 poffit,cum
1565 966 1689 1013 liquore
1698 980 1802 1015 aquo-

411 1012 448 1048 so
462 1013 685 1061 permiscetur:
705 1026 838 1061 tumque
854 1026 923 1063 pars
943 1012 1062 1048 viscosa
1075 1013 1226 1048 vehiculo
1244 1014 1298 1048 suo
1310 1016 1459 1050 destituta
1471 1018 1504 1050 in
1515 1027 1645 1063 grumos
1659 1015 1808 1052 concress

414 1063 472 1098 cit.
484 1065 616 1109 Spiritus
634 1061 757 1096 sulfuris
770 1091 778 1105 ,
794 1065 896 1105 aceti,
914 1061 1015 1096 mellis
1028 1061 1209 1109 sanguinem
1225 1060 1328 1098 minus
1341 1063 1522 1112 coagulant,
1537 1064 1625 1110 quod
1640 1064 1726 1101 forti:¹
1736 1077 1803 1100 non
1849 1075 1853 1080 '

415 1122 528 1158 parum
543 1110 684 1145 habeant
701 1110 824 1144 sulfuris
845 1128 854 1155 3
879 1111 994 1158 reliqui
1010 1110 1093 1144 acidi
1110 1123 1184 1146 eum
1197 1113 1296 1160 magis
1312 1123 1433 1160 cogunt
1446 1126 1456 1154 ·,
1467 1111 1544 1147 sales
1564 1111 1720 1149 lixiviales
1733 1113 1806 1149 sana

414 1161 547 1207 guinem
558 1157 741 1193 fluidiorern
756 1157 914 1196 efficiunt.
927 1186 931 1189 -
1308 1197 1312 1201 ,
1536 1205 1540 1208 ,

452 1210 583 1254 Spiritus
595 1207 710 1242 utinosi
720 1210 750 1240 in
763 1209 908 1243 michina
918 1213 1124 1258 pneumatica
1133 1211 1237 1245 statim
1248 1209 1540 1253 ebulliunt‚lentius
1555 1210 1688 1257 quidem
1703 1209 1809 1255 quam·
1821 1223 1825 1228 ·

418 1258 451 1290 in
463 1256 570 1303 spiritu
584 1257 648 1289 vini
664 1255 758 1290 bullae
772 1269 873 1291 aereae
890 1270 1081 1307 erumpunt,
1099 1259 1149 1292 sed
1160 1258 1228 1293 fere
1241 1271 1331 1305 aeque
1341 1258 1483 1306 copiosae.
1498 1261 1631 1307 Spiritus
1645 1259 1727 1293 acidi
1744 1271 1807 1306 pa-·

418 1315 487 1338 rum
497 1308 576 1337 aeris
587 1307 741 1339 emittunt
750 1333 759 1347 ,
774 1311 806 1341 ὅ(
818 1304 858 1340 τὸ
869 1307 972 1341 minus
987 1336 997 1351 ,
1016 1306 1084 1353 quo
1095 1307 1164 1342 sunt
1174 1309 1339 1343 acidiores.
1355 1305 1425 1342 Sed·
1435 1307 1475 1342 de
1489 1306 1605 1355 analysi
1621 1307 1827 1355 plantarunt*

426 1362 458 1386 ta
469 1364 529 1388 ntu
539 1355 674 1390 mNunc
689 1354 729 1388 de
746 1366 856 1390 earum
868 1355 989 1392 viribus
1008 1356 1191 1392 dicendum.

931 1455 1167 1492 CAPUT
1207 1455 1281 1490 VI:

915 1552 976 1586 De.
983 1553 1171 1601 plantarum
1186 1551 1322 1588 viribus,
1341 1574 1343 1576 -

421 1647 523 1730 EO
536 1646 732 1694 potislimum
747 1647 850 1682 tendit
875 1649 1006 1698 analyfis
1029 1650 1212 1699 plantarum
1223 1678 1233 1693 ,
1254 1661 1288 1685 ut
1306 1661 1415 1685 earum
1429 1650 1512 1684 vires
1529 1651 1672 1699 cognitas
1685 1649 1822 1698 habea-³x

491 1707 570 1731 mus.
621 1699 682 1731 uod
702 1699 816 1743 utique
831 1709 869 1731 ex
883 1697 946 1733 sola
958 1698 1076 1747 analysi
1094 1699 1215 1747 sperare
1225 1712 1292 1734 non
1304 1699 1389 1734 licet.
1401 1701 1516 1745 Neque
1528 1702 1614 1734 enim
1631 1700 1743 1734 eadem
1755 1700 1827 1734 est*

424 1744 472 1776 vis
489 1743 606 1787 plantae
619 1749 834 1794 integrae,quae
850 1746 989 1793 ejusdem
1008 1750 1039 1783 in
1049 1760 1154 1796 partes
1165 1746 1316 1782 dissolurae
1329 1760 1337 1780 ι
1351 1759 1423 1782 cum
1438 1749 1520 1781 vires
1533 1760 1567 1782 ut
1579 1747 1752 1795 plurimum
1764 1755 1811 1782 ex·

424 1791 577 1826 structum
588 1822 598 1836 ,
613 1799 646 1829 δε
658 1794 910 1841 configuratione
924 1798 1063 1843 partium
1075 1825 1084 1839 ‚
1095 1802 1128 1832 &
1139 1808 1178 1830 ex
1193 1796 1380 1830 mechanica
1398 1808 1506 1829 earum
1520 1795 1734 1844 dispositione,
1747 1795 1804 1830 sal-

423 1850 491 1873 tem
509 1853 624 1888 magna
633 1855 670 1876 ex
681 1854 770 1890 parte
784 1844 954 1889 pendeant.
974 1845 1103 1880 Deinde
1113 1858 1178 1879 non
1190 1857 1289 1892 parva-
1304 1844 1431 1890 quaestio
1441 1844 1500 1886 est,
1517 1856 1614 1890 quam
1627 1845 1811 1879 identidem·

424 1889 585 1922 movimus
598 1918 608 1932 ,
623 1902 730 1924 utrum
741 1902 844 1937 partes
857 1890 918 1924 illae
935 1905 1006 1938 quae
1018 1905 1056 1926 ex
1068 1892 1182 1939 plantis
1196 1904 1251 1940 per
1267 1890 1417 1939 analyfim
1432 1894 1604 1936 eruuntut',
1616 1894 1689 1927 ειὲὶιι
1699 1892 1757 1928 smt
1769 1895 1812 1929 ins

424 1936 461 1968 iis
477 1935 592 1981 plantis
605 1966 614 1980 ‚
624 1950 663 1972 an
675 1941 779 1985 potius
797 1940 828 1971 vi
843 1940 922 1985 ignis
935 1941 1149 1975 extrahantur.

461 1984 497 2016 ld
508 1985 638 2030 quidem
648 2015 656 2028 ‚
671 1998 704 2019 ut
721 1984 921 2034 probabilius
933 1988 1137 2022 defendimus
1151 1990 1183 2023 in
1193 1987 1323 2035 Phyfica
1339 1987 1480 2036 generali
1495 2017 1504 2031 ‚
1527 2001 1601 2024 cum
1615 1989 1656 2024 de
1668 1990 1814 2038 Chymi:

425 2043 537 2066 corum
556 2036 719 2081 principiis
735 2045 917 2081 ageremus,
937 2037 1085 2083 quaedam
1103 2048 1141 2071 ex
1154 2039 1191 2070 iis
1204 2038 1277 2072 aftu
1289 2050 1354 2071 non
1372 2035 1432 2071 eise
1445 2039 1479 2072 in
1492 2040 1600 2072 mixtis
1616 2038 1812 2087 corporibus-¹

426 2078 482 2113 sub
495 2093 531 2114 ea
546 2081 651 2116 forma
668 2112 677 2124 ,
696 2089 728 2119 &
743 2085 775 2117 in
790 2096 829 2116 eo
845 2083 924 2118 stutu
938 2114 946 2127 ,
963 2099 1061 2132 qucm
1075 2088 1244 2121 cernimus.
1259 2086 1358 2131 quue
1372 2098 1411 2119 ex
1423 2088 1517 2119 variis
1533 2087 1711 2123 rationibus
1724 2100 1809 2134 quas

428 2130 473 2163 D.
484 2130 580 2175 Boyle
595 2133 626 2165 in
640 2131 810 2179 Chymista
829 2131 966 2180 sceptico
989 2135 1054 2169 fuse
1066 2133 1271 2182 persequitur,
1281 2135 1482 2169 ostendimus.
1507 2137 1580 2169 Hoc
1597 2135 1697 2181 ipsum
1715 2136 1805 2182 supe-

426 2179 500 2210 riori
517 2180 651 2213 trastitu
661 2180 701 2212 de
714 2182 872 2227 principiis
885 2181 1033 2217 fossilmm
1045 2183 1065 2218 ὸ.
1080 2183 1173 2217 nobis
1196 2184 1238 2216 est
1251 2181 1476 2218 confirmatum
1488 2199 1497 2226 ς
1510 2196 1567 2217 nec
1580 2184 1700 2218 neceffe
1713 2185 1759 2218 est
1770 2195 1811 2219 uu

427 2226 564 2260 eandem
577 2227 767 2262 sententiam
779 2228 839 2262 hoc
854 2229 925 2264 loco
940 2232 1068 2274 pluribu
1100 2234 1289 2277 argumentis
1302 2230 1492 2265 stabiliamus
1509 2260 1518 2273 ‚
1538 2244 1592 2266 aut
1609 2245 1678 2279 quae
1690 2232 1806 2279 Angli-

429 2286 467 2306 co
479 2272 664 2310 sermonem
678 2278 858 2324 appendice
872 2280 909 2312 nd
930 2281 1128 2327 Chymistam
1145 2280 1316 2328 scepticum
1332 2293 1429 2327 nuper
1440 2279 1572 2327 subjecit
1589 2283 1636 2316 vir
1649 2279 1809 2316 nobilissL

429 2334 498 2356 mus
517 2351 525 2365 ‚
551 2336 730 2371 regeramus
748 2339 756 2359 .·
773 2339 870 2368 pauca
883 2329 898 2362 ὲ
909 2329 1016 2362 multis
1028 2329 1227 2377 proferemus

462 2372 509 2404 Ac
519 2373 659 2419 primum
671 2386 705 2410 ut
719 2375 759 2410 de
769 2374 883 2412 salibus
894 2390 1021 2426 agamus
1034 2406 1044 2419 ,
1071 2391 1142 2416 cum
1155 2380 1180 2414 ii
1193 2376 1253 2414 fint
1269 2382 1304 2417 in
1317 2379 1431 2428 triplici
1441 2377 1621 2416 differentia
1630 2379 1807 2417 constitutit
