1878 2724
333 140 370 163 22
707 122 968 160 PHYSICAE
1006 124 1358 160 GENERALIS

333 187 369 209 ut
396 173 484 208 calor
499 202 508 217 ,
539 184 595 208 aut
622 175 760 221 impetus
775 203 785 216 ‚
814 184 870 207 aut
898 171 951 206 lux
973 172 1038 220 ipsa
1058 187 1066 208 :
1090 187 1161 208 cum
1189 172 1259 208 fieti
1277 173 1359 209 nihil
1377 172 1413 208 sit
1444 173 1499 208 nisi
1517 172 1578 209 esse
1598 173 1638 208 ab
1661 173 1749 210 21:¹0.-

337 225 440 272 Qod
460 222 480 258 si
496 234 622 257 tantum
637 221 673 256 sit
687 225 804 256 entitas
819 219 999 269 respectiva
1015 249 1024 263 ,
1047 224 1179 269 proprie
1198 236 1264 256 non
1283 222 1320 258 fit
1335 252 1344 266 ‚
1369 222 1420 257 sed
1445 223 1575 258 resultat
1589 236 1627 258 ex
1647 223 1715 258 aliis
1727 254 1737 268 ‚

335 285 373 308 ut
386 275 491 308 fornia
512 271 629 305 domus
650 283 688 306 ex
704 270 866 317 lapidibus
885 286 894 312 3
915 283 953 304 ac
968 268 1078 304 frustra
1098 270 1213 303 dicitur
1231 283 1304 304 eam
1319 286 1385 307 non
1408 272 1477 307 fieti
1497 285 1534 307 ut
1552 274 1638 319 quod
1651 303 1659 316 ‚
1682 275 1737 307 scd

338 334 375 356 ut
386 336 467 369 quo,
492 320 512 354 si
539 318 574 354 fit
591 320 671 367 quid
692 318 901 355 absolutum:
918 331 994 355 nam
1016 319 1062 353 est
1086 319 1118 352 id
1140 318 1230 366 quod
1254 318 1291 353 fit
1306 348 1316 363 ‚
1346 326 1379 357 &
1405 323 1571 358 afflonem
1596 322 1740 371 aliqu-(m

338 374 505 405 terminat.

372 434 399 456 2.
420 419 557 454 Planum
578 418 609 451 id
631 430 764 465 quoque
789 418 831 451 est
858 430 919 454 nec
937 416 1087 453 musicam
1101 447 1109 461 ,
1128 431 1190 454 nec
1208 418 1360 453 ordinem
1375 446 1384 461 ,
1410 430 1466 452 aut
1485 431 1652 455 numerum
1680 419 1742 455 esse

338 467 465 503 formas
483 466 647 501 absolutas
663 496 672 510 ‚
692 466 743 501 sed
766 480 804 502 ex
822 468 932 502 multis
952 479 1038 502 certa
1050 470 1177 503 ratione
1192 465 1347 516 dispofitis
1362 480 1399 501 ea
1413 466 1581 515 profluere.
1606 472 1744 505 Nomen

339 517 444 566 ipsum
463 515 578 551 formae
599 516 870 565 compositionem
894 517 1058 564 quandam
1080 519 1112 552 in
1128 517 1183 552 suo
1202 515 1378 566 significatu
1398 516 1544 552 includit.
1571 518 1623 551 Sic
1643 519 1745 553 statua

341 566 479 602 formari
489 566 604 600 dicitur
616 594 626 607 ‚
645 578 744 614 atque
762 579 798 600 ea
811 566 919 601 forma
938 566 1095 610 educitur,
1111 565 1187 601 cum
1203 568 1339 600 materia
1356 564 1421 613 ipsa
1440 563 1630 614 disponitur.
1645 566 1746 615 Qo'd

342 615 364 651 si
383 616 489 651 forma
501 613 694 650 extrinsecus
712 614 875 650 accesserit
886 645 895 660 ‚
915 626 950 650 ut
963 615 1073 651 lumen
1084 645 1093 660 ,
1117 628 1186 652 tum
1197 627 1328 665 proprie
1344 628 1414 650 non
1425 614 1570 649 educitur
1582 642 1592 657 ‚
1607 614 1658 649 std
1672 628 1755 664 pro-⁷

344 665 472 700 ducitur
487 694 496 708 ‚
517 665 691 701 &aliunde
715 665 862 701 advenit.
892 665 1064 701 Postremo
1090 666 1284 715 qualitatum
1304 663 1499 700 sensibilium
1517 667 1687 712 congeries
1707 666 1758 700 cst

343 715 424 763 quid
443 711 607 757 sensibile,
620 714 724 762 qualis
738 715 842 750 forma
853 713 914 750 esse
931 713 1032 750 debet
1047 730 1054 751 :
1069 714 1143 751 cum
1157 713 1288 763 Physica
1305 716 1388 748 circa
1402 725 1450 747 res
1469 712 1632 748 sensibiles
1651 726 1750 748 occu-

344 775 440 812 petur
457 780 465 806 ς
488 775 526 797 ac
545 764 687 811 denique
703 763 810 801 forma
824 764 868 799 est
888 765 1136 812 quodammodo
1162 762 1378 800 indivisibilis,
1414 764 1634 809 Qantuuivis
1661 765 1764 798 enim

345 814 471 862 lignum
487 814 519 847 in
531 825 637 861 partes
649 812 783 848 secueris
794 843 803 857 ‚
817 813 944 862 semper
955 815 1070 848 eadem
1083 814 1164 863 ligni
1178 816 1262 849 ratio
1273 842 1282 856 ,
1302 825 1357 848 aut
1372 813 1477 848 forma
1491 824 1649 849 remanet.

379 865 427 899 Ex
447 860 718 909 quibusefficirur
737 862 819 898 hanc
834 862 895 898 esse
911 863 1088 898 Aristotelis
1108 875 1254 899 mentem
1270 891 1280 906 ,
1308 862 1429 898 formas
1442 864 1615 897 mixtorum
1628 874 1694 897 non
1710 860 1753 895 es,

347 911 379 948 se
389 910 550 946 absolutas
566 914 743 956 entitates,
768 912 818 947 sed
833 911 983 947 relativas
1002 929 1011 956 ·,
1033 914 1132 960 idque
1158 924 1283 948 veteres
1304 913 1514 961 Peripatetici
1537 917 1570 948 δε
1593 911 1766 946 Platonici<

347 974 384 997 ut
402 958 614 996 certissimum
629 973 762 996 tenuere
779 975 787 997 :
801 974 836 996 ac
848 960 969 997 merito
981 963 1139 997 existimat
1158 964 1246 997 idem
1262 961 1390 998 Autlior
1403 973 1500 1008 quem
1514 974 1591 995 mox
1605 959 1754 994 laudavi-

347 1022 419 1046 mus
432 1040 441 1054 ‚
464 1009 588 1045 Arabes
599 1014 746 1046 omnium
759 1013 880 1060 primos
893 1010 1054 1046 absolutas
1066 1012 1135 1046 illas
1159 1011 1280 1046 formas
1304 1009 1469 1045 induxisse.
1491 1011 1692 1057 Qanquam
1707 1011 1754 1045 in-

350 1072 399 1094 ter
414 1058 618 1094 scholasticos
638 1063 668 1096 S.
687 1061 836 1096 Thomas
852 1059 961 1110 opusc,
975 1062 1014 1096 de
1025 1064 1149 1098 Natura
1163 1063 1307 1096 materiae
1320 1089 1329 1104 ‚
1347 1060 1446 1093 docet
1458 1060 1625 1094 individua
1636 1071 1762 1107 corpo-⁷

349 1121 383 1143 ra
397 1109 547 1143 constitui
563 1107 772 1144 essentialiter
784 1122 840 1157 per
855 1111 1050 1147 accidentia.
1061 1113 1113 1144 Sic
1128 1124 1153 1145 1.
1168 1123 1200 1158 p.
1212 1123 1245 1157 q.
1257 1125 1280 1155 3,
1291 1121 1351 1143 art.
1371 1122 1392 1150 ζ.
1413 1108 1497 1142 hauc
1512 1110 1645 1142 innuere
1662 1109 1754 1142 vide-

350 1169 402 1192 tur
415 1156 627 1199 sententiam,
639 1170 779 1205 eamque
796 1157 948 1193 defendit
959 1159 1136 1194 Caietanus
1152 1158 1270 1193 eodem
1290 1157 1407 1193 inloco
1420 1187 1428 1201 ‚
1445 1162 1477 1193 &
1493 1155 1543 1191 lib.
1570 1158 1610 1192 cle
1624 1159 1707 1192 Erite
1721 1163 1757 1194 &

353 1206 485 1241 essentia
499 1223 507 1249 3
524 1212 558 1241 δε
572 1218 647 1240 ante
668 1219 743 1240 eum
755 1209 910 1242 Hetvaeus
921 1207 979 1243 lib.
1001 1209 1041 1242 de
1058 1211 1196 1244 Unitate
1212 1207 1393 1242 formarum
1408 1218 1477 1253 cap.
1493 1219 1536 1250 17.
1555 1209 1628 1242 Nos
1645 1217 1756 1241 tamen

352 1257 387 1290 in
400 1268 439 1289 eo
450 1268 518 1290 non
533 1252 716 1290 assentimur
731 1259 765 1291 P.
780 1255 874 1290 Fabri
885 1256 974 1302 quod
995 1257 1036 1291 ad
1052 1257 1173 1291 formas
1189 1257 1372 1290 viventium
1382 1285 1390 1297 ‚
1411 1260 1443 1291 a&
1457 1257 1617 1302 praecipue
1630 1258 1757 1290 anima-

353 1304 432 1338 lium
449 1306 591 1352 pertinet
605 1333 615 1347 ,
638 1316 717 1352 quas
732 1304 793 1340 esse
811 1303 973 1340 absolutas
992 1305 1210 1341 arbitramun
1230 1309 1282 1341 De
1295 1304 1534 1340 elementorum
1545 1305 1659 1339 formis
1671 1304 1757 1340 infra.

360 1363 514 1389 dicemus,

849 1452 1038 1491 Dilnumnr
1057 1451 1268 1498 objeffloness

397 1553 479 1597 Quae
494 1564 605 1588 contra
617 1554 743 1602 opponi
755 1550 858 1587 solent
873 1582 882 1595 ,
905 1552 1002 1588 facile
1019 1549 1231 1586 dissolventur
1248 1581 1257 1595 ‚
1276 1551 1295 1587 si
1315 1552 1522 1587 observemus
1538 1549 1678 1588 formam
1702 1562 1759 1589 ac-‘

358 1602 555 1637 cidenmlem
569 1603 589 1638 ὲ
603 1601 798 1636 substantiali
817 1601 966 1644 differre,
991 1599 1081 1648 quod
1106 1600 1159 1635 illa
1174 1604 1241 1635 enti
1261 1607 1324 1649 jam
1337 1601 1507 1650 completo
1527 1600 1735 1650 superveniat
1747 1628 1773 1647 ,-

358 1653 415 1686 det
430 1652 491 1686 esse
502 1650 677 1687 secundum
690 1651 769 1697 quid
780 1680 790 1693 ‚
805 1664 873 1686 non
887 1650 1075 1698 simpliciter
1088 1664 1096 1685 :
1108 1649 1215 1684 forma
1228 1663 1337 1685 autem
1352 1650 1564 1686 substantialis
1581 1664 1637 1686 ens
1656 1651 1759 1700 ipsum

360 1699 484 1736 efficiat
494 1700 638 1735 sensibile
653 1728 662 1742 ‚
677 1712 712 1733 ac
729 1701 874 1733 materiae
887 1700 944 1733 det
958 1698 1020 1733 esse
1034 1697 1220 1744 simpliciter
1234 1726 1243 1740 ‚
1264 1710 1368 1745 eaque
1383 1698 1504 1732 sublata
1519 1709 1628 1732 totum
1648 1702 1757 1733 omni-

360 1764 404 1786 no
415 1750 587 1783 destruatur
602 1762 610 1783 z
627 1748 700 1782 hinc
711 1746 884 1782 substantia
907 1759 1028 1784 nornen
1044 1744 1131 1781 suum
1148 1750 1180 1782 &
1196 1745 1335 1793 speciem
1349 1757 1534 1789 mutuatur,
1561 1751 1594 1782 &
1617 1747 1757 1794 qualitas

361 1800 407 1833 rei
426 1796 598 1832 essentialis
610 1795 805 1844 dicipotest.
827 1798 881 1830 Sic
902 1797 1072 1845 generatio
1091 1793 1133 1828 ab
1156 1794 1350 1831 alteratione
1368 1795 1500 1839 differt,
1530 1794 1619 1842 quod
1649 1799 1681 1831 in
1704 1795 1759 1830 illa

362 1858 467 1882 totum
483 1844 628 1882 sensibile
643 1875 653 1890 ‚
671 1848 706 1881 in
725 1845 921 1882 alteratione
948 1857 1020 1895 pars
1048 1855 1177 1880 tantum
1194 1843 1278 1879 illius
1291 1875 1302 1890 ‚
1329 1858 1396 1882 non
1409 1856 1516 1880 totum
1530 1842 1675 1880 sensibile
1697 1847 1760 1880 irn-

362 1908 517 1932 mutetur.

402 1945 490 1980 Cum
504 1947 617 1994 itaque
627 1947 661 1981 in
671 1957 705 1980 re
719 1945 829 1993 aliqua
839 1958 908 1980 nori
926 1942 963 1979 fit
974 1954 1062 1981 tanta
1074 1948 1214 1981 mutatio
1230 1975 1240 1990 ‚
1264 1957 1300 1981 ut
1316 1946 1450 1982 nomine
1469 1945 1524 1982 suo
1538 1950 1571 1982 δέ
1585 1942 1690 1992 specie
1701 1956 1759 1980 ex-

365 1994 472 2038 cidat,
493 2007 562 2030 tum
578 2009 627 2032 res
644 1995 798 2038 alterata,
816 2007 883 2030 non
894 2006 1042 2042 corrupta
1053 1994 1166 2031 dicitur
1180 2011 1187 2032 :
1203 2008 1240 2031 ut
1259 1994 1334 2030 cr‘ini
1349 2008 1431 2044 aqua
1442 2007 1480 2030 ex
1498 1994 1613 2043 frigida
1631 1992 1668 2028 fit
1680 1994 1760 2029 cali·-

366 2044 418 2080 da.
435 2045 497 2078 Sed
511 2043 585 2080 cum
602 2057 640 2078 ea
652 2046 782 2093 corpori
791 2046 932 2080 mutatio
943 2044 1059 2078 accidit
1071 2074 1080 2087 ,
1100 2058 1164 2092 qua
1182 2059 1305 2081 novum
1319 2058 1440 2081 nornen
1467 2049 1499 2082 &
1524 2045 1661 2093 speciem
1684 2056 1759 2079 con-

365 2093 524 2140 sequitur,
537 2105 604 2128 tum
619 2094 651 2128 id
663 2097 830 2143 genitum,
847 2105 902 2128 aut
920 2095 1254 2141 corruptum-dicimus
1269 2109 1275 2129 :
1290 2108 1355 2131 non
1373 2093 1461 2142 quod
1485 2107 1573 2129 nova
1593 2105 1663 2136 reS‚
1685 2104 1760 2139 quae

367 2146 454 2190 ptius
470 2156 536 2178 non
552 2143 634 2184 fuit,
661 2155 806 2192 emergat
820 2172 830 2186 ‚
849 2142 903 2178 nisi
921 2143 1007 2178 forte
1023 2146 1053 2178 in
1081 2143 1269 2180 viventibus
1293 2159 1300 2180 :
1326 2144 1377 2179 sed
1397 2157 1484 2179 nova
1500 2145 1655 2178 duntaxat
1675 2143 1760 2175 acci-

368 2192 516 2227 dentium
534 2193 641 2240 prodit
656 2193 851 2240 complexio.
876 2194 939 2228 His
958 2194 1068 2240 itaque
1079 2194 1255 2230 intelleffls
1271 2207 1343 2243 quae
1368 2193 1477 2242 saepius
1506 2202 1654 2240 repetere
1669 2192 1760 2239 cogi-

369 2253 460 2283 mur,
484 2254 556 2289 quae
580 2253 692 2277 contra
710 2241 907 2285 afferuntur,
935 2243 1114 2278 videamus,

404 2290 487 2336 Ορρ.
503 2303 524 2326 i.
548 2290 672 2326 nullum
681 2291 752 2326 fore
765 2290 929 2326 discrimen
941 2293 1025 2326 inter
1036 2292 1262 2328 alterationem
1271 2323 1280 2338 ‚
1300 2298 1334 2329 δε
1347 2293 1604 2340 generationem,
1623 2288 1643 2326 fi
1652 2289 1760 2326 forma

372 2340 465 2372 mixti
476 2338 689 2376 substantialis
700 2340 780 2377 nihil
797 2339 899 2378 sitnisi
919 2352 1005 2376 certa
1018 2342 1237 2379 accidentium
1251 2341 1449 2390 complexio.
