1878 2724
500 102 822 141 TRACTATUS
863 101 1089 140 PRIMUS.
1463 123 1480 148 t)

99 159 139 194 da
153 157 201 193 est
217 154 356 205 supremi
365 151 505 203 Opificis
521 152 676 202 sapientia
687 165 759 188 cum
770 151 859 202 leges
871 152 979 188 statuit
990 149 1128 200 ‚quibus
1137 153 1270 186 materia
1284 121 1481 200 moveretssr',

99 219 162 243 nec
170 206 255 241 aliud
270 216 386 254 praeter
406 202 490 238 illius
504 201 648 238 usitatum
667 200 851 236 concursum
869 213 918 236 res
940 211 1074 249 quaeque
1093 200 1244 248 exigant,
1285 211 1360 236 uam
1379 200 1399 237 fi
1417 203 1482 251 ipse

102 255 191 291 velut
206 256 337 289 admota
347 266 446 289 manu
457 254 572 288 cuncta
585 249 740 286 efficeret.
766 252 844 286 Haec
862 250 934 285 sane
953 248 1088 286 Cartefii
1109 247 1255 298 hypothe
1269 262 1314 284 im
1334 249 1376 285 ab
1392 256 1482 288 omni

100 304 269 353 impietate
278 304 436 351 &injuria
449 303 481 336 in
492 314 530 338 na
536 312 612 336 turae
626 299 806 336 Authorem
817 300 996 336 vindicant.
1013 299 1077 334 Sed
1087 309 1235 347 optarem
1252 310 1359 335 tamen
1370 309 1406 335 ut
1415 314 1482 337 non

99 352 336 395 solimateti35
356 363 410 387 aut
421 352 524 385 motui
542 348 693 396 impress'o
708 348 934 384 incredibilem
945 347 1034 383 illam
1050 358 1168 384 natutae
1177 349 1370 383 varietatem
1386 378 1396 393 ‚
1414 349 1485 399 spe-

99 401 492 443 cierumdistinekioneQ
515 400 667 434 strudhrrae
678 397 850 432 artificium
867 397 1034 433 tribueret.
1060 397 1200 431 Videtur
1218 398 1307 432 enim
1321 399 1429 434 Deum
1451 412 1488 435 ut

99 462 261 487 motor-ern
273 451 378 499 potius
390 478 400 492 ,
415 454 449 486 δι
459 460 639 483 creatorem
650 475 660 490 ‚
681 446 779 493 quam
799 457 836 480 ut
847 448 1001 493 eximium
1014 445 1173 480 artificem
1197 448 1254 492 qui
1270 448 1384 482 cunQa
1395 452 1486 495 juxta

99 500 188 534 ideas
203 511 314 535 mente
325 508 498 545 conceptas
510 494 633 531 efficiat
645 523 654 538 ,
680 493 776 529 nobis
791 493 958 529 exhibete.
982 494 1181 541 Qanquam
1199 493 1320 530 fatetur
1331 497 1485 533 mundum

99 548 122 586 ὲ
132 552 208 584 Deo
217 548 387 583 conditum
398 574 410 590 ,
423 551 456 582 &
471 547 504 580 in
514 555 620 593 partes
634 543 773 579 divisum
783 572 792 586 ,
803 555 839 578 ac
853 554 971 578 tertam
986 545 1020 578 in
1029 544 1132 591 prima
1141 553 1247 577 rerum
1258 546 1382 592 origine
1390 545 1485 594 plan-

101 600 141 633 tis
158 603 192 635 &
205 594 399 633 animalibus
418 593 603 630 instruetam
621 593 721 628 fuiffe.

143 643 313 694 Septimo,
332 642 413 678 illud
428 655 561 691 quoque
579 642 773 679 intuendum
796 653 839 677 an
859 640 914 676 illa
936 640 1123 691 hypothesis
1146 640 1183 676 fit
1202 639 1359 690 possibilis
1383 655 1391 676 τ
1410 654 1486 678 nam

99 693 122 731 fi
133 695 174 729 de
194 693 285 729 facto
301 692 370 742 ipso
390 704 521 741 agamus
535 720 546 737 ,
573 692 605 727 id
618 703 698 741 puto
714 690 924 726 manifestum
938 719 948 735 ‚
967 702 1040 727 eam
1054 689 1258 740 hypothesim
1274 689 1385 726 falsam
1405 691 1485 735 effe,

99 748 135 781 δι
152 745 320 792 Scripturae
328 740 421 777 sacrae
441 743 548 778 minus
562 740 744 777 consonam.
757 740 820 776 Sed
831 751 937 788 neque
949 752 1022 776 eam
1032 739 1092 775 {ibi
1101 740 1249 776 constare
1259 751 1381 789 putem.
1398 742 1487 777 Nam

98 791 122 827 fi
143 793 277 827 materia
291 802 361 826 erat
378 789 580 835 uniusmodi,
605 802 644 826 ac
670 788 771 824 divisa
789 789 852 824 fuit
872 791 904 824 in
918 800 1024 838 partes
1043 789 1114 824 fere
1135 788 1290 834 cubicas,
1321 801 1363 825 ne
1386 788 1487 826 ullum

99 844 194 877 inane
211 839 348 890 spatium
376 841 489 876 intetci
536 850 609 875 tent
621 867 631 883 ,
660 837 803 888 primum
821 838 854 873 id
883 837 1023 887 intelligi
1049 837 1140 874 nullo
1160 839 1262 874 modo
1281 839 1405 888 potest,
1432 840 1488 887 qui

99 892 234 925 materia
260 889 362 924 dividi
378 918 389 934 ‚
412 901 469 924 aut
487 852 584 924 sezari
605 889 748 937 potuerit
779 888 859 922 citra
884 886 986 922 ullum
1003 889 1100 923 inane
1117 915 1127 929 ‚
1167 897 1226 922 aut
1240 899 1342 924 vacua
1368 887 1387 923 s
1403 891 1488 924 atio-

98 938 151 974 la:
166 939 245 986 quid
261 940 349 974 enim
365 949 417 973 eas
429 936 545 974 fiffuras
564 935 811 987 implebagcum
824 936 971 972 nondum
983 937 1093 986 praesto
1106 933 1185 972 estet
1196 939 1332 972 materia
1349 901 1486 973 subtilis?

131 986 302 1032 Secundo,
326 999 386 1023 nec
403 986 468 1022 illa:
486 985 624 1031 tefferae‚
649 998 705 1022 aut
725 997 833 1036 partes
849 984 988 1029 cubicae,
1014 998 1069 1021 aut
1091 986 1269 1035 hexagonae
1296 988 1381 1021 circa
1401 985 1488 1022 suurn

98 1048 235 1085 quaeque
248 1048 397 1072 centrum
408 1038 554 1084 torqueri
569 1047 723 1085 potuere:
733 1034 808 1070 cum
817 1034 913 1084 plena
925 1032 1027 1071 essent
1038 1037 1158 1072 omnia.

131 1084 266 1129 Tertio,
292 1084 313 1119 si
333 1084 488 1120 illae.circa
499 1084 587 1120 suum
596 1096 733 1133 qumque
745 1096 892 1119 centrum
902 1083 1066 1132 gyrabant
1078 1113 1088 1128 ‚
1108 1082 1206 1133 spatia
1221 1086 1306 1120 inter
1319 1097 1371 1119 eas
1389 1097 1488 1121 vacua

99 1132 279 1170 remansere
293 1150 302 1178 ς
321 1146 383 1169 nec
403 1133 480 1169 dum
500 1135 589 1170 enim
604 1144 643 1169 ex
657 1134 768 1168 attritu
785 1131 979 1181 angulorum
996 1142 1144 1168 ramenta
1163 1143 1256 1168 erant
1272 1131 1373 1168 excisa
1384 1164 1393 1178 ‚
1416 1146 1487 1182 quae

98 1181 119 1216 s
134 1184 200 1217 an'a
220 1195 318 1218 vacua
329 1194 538 1230 occuparent.
559 1182 744 1230 Qomodo
766 1184 864 1229 igitur
868 1191 987 1264 ¹,partes
1005 1179 1088 1216 illius
1101 1185 1243 1216 materiae
1255 1210 1265 1224 ,
1284 1180 1306 1215 st
1320 1185 1422 1218 minus
1437 1187 1489 1217 in..

100 1193 202 1266 (fnitae
215 1258 225 1274 ,
252 1232 342 1279 quod
369 1243 435 1266 non
462 1232 561 1266 audet
577 1232 752 1266 decernere
768 1231 866 1265 Cane
879 1241 926 1263 ms
936 1258 947 1273 ‚
963 1228 1076 1265 saltem
1090 1230 1269 1265 indefinitae
1281 1260 1290 1274 ,
1313 1236 1394 1280 cujus
1408 1230 1488 1267 nulli

98 1277 179 1315 fines
201 1278 345 1329 affignari
365 1277 511 1327 possunt,
535 1279 689 1315 distractae
707 1278 777 1314 sunt
800 1279 819 1314 ὲ
839 1277 869 1313 se
889 1280 1032 1314 invicem
1054 1289 1065 1315 ἒ
1100 1279 1153 1314 An
1181 1278 1274 1314 velut
1294 1279 1426 1315 flumina
1455 1283 1487 1315 in

97 1327 239 1377 glaciem
252 1340 404 1364 concreta
417 1327 522 1364 subito
535 1328 703 1364 confracta
716 1329 763 1363 est
779 1327 870 1375 hujus
884 1326 1022 1363 universi
1036 1327 1140 1364 moles
1155 1337 1165 1363 Ξ
1189 1331 1276 1375 Qae
1295 1341 1372 1377 ergo
1389 1332 1486 1364 rimas

99 1383 132 1414 δι
150 1377 254 1413 hiatus
271 1377 423 1427 opplevit
440 1377 611 1414 substantia
622 1387 634 1421 ,⁴
646 1390 718 1413 cum
736 1377 844 1426 pulvis
853 1375 918 1412 -ille
938 1388 977 1412 ex
987 1378 1180 1427 angulorum
1202 1376 1330 1413 elisione
1342 1379 1488 1414 nondum

97 1425 262 1476 prodiiffet
277 1436 288 1463 Ξ

137 1474 292 1523 Qartov,
308 1474 392 1511 illius
405 1475 544 1525 pulveris
555 1477 658 1512 atomi
671 1505 680 1520 ,
700 1475 752 1511 seu
763 1487 869 1525 partes
885 1475 1016 1510 diversae
1028 1474 1098 1511 sunt
1107 1478 1205 1510 variis
1224 1474 1330 1526 figuris
1340 1487 1488 1525 compre-

98 1523 218 1562 laenlie:
236 1525 407 1573 quomodo
421 1527 516 1573 igitur
529 1553 539 1567 ,
565 1537 600 1560 ut
613 1531 679 1572 jam
701 1527 864 1560 innuimus
877 1553 884 1564 ‚
905 1537 972 1559 tam
986 1523 1139 1572 exquisite
1156 1523 1186 1559 se
1199 1536 1353 1574 tangunt,
1369 1537 1404 1560 ut
1415 1525 1488 1559 nul-

73 1591 75 1594 ·
97 1571 272 1608 luminane
284 1575 396 1608 interci
423 1575 491 1608 iant
508 1583 519 1609 Ξ
538 1585 638 1620 quare
650 1573 739 1607 simul
750 1575 869 1619 'junctae
890 1585 957 1608 non
970 1571 1039 1607 sunt
1055 1585 1124 1607 tam
1142 1572 1246 1607 densae
1257 1576 1487 1622 &commem

98 1631 136 1656 ut
155 1632 304 1658 ramenta
329 1584 478 1656 crasselota
501 1633 541 1657 ex
554 1621 672 1668 quibus
686 1632 771 1656 terra
785 1621 950 1670 &plantat
960 1617 1168 1656 coaluerfflit?
1190 1625 1254 1666 {am
1266 1620 1285 1656 fi
1295 1621 1349 1656 ille
1368 1633 1486 1665 motus,

98 1672 153 1717 qui
169 1670 424 1706 materiaesernel
440 1670 603 1719 impressus
621 1671 686 1714 est,
707 1670 809 1705 adhuc
824 1668 1028 1718 perseverat,
1046 1682 1101 1704 cur
1113 1669 1238 1718 globuli
1257 1670 1403 1706 coelestes
1419 1684 1494 1706 non*

97 1721 260 1754 continuo
272 1718 450 1754 exeduntur
472 1727 484 1754 Ξ
512 1718 615 1766 Qod
639 1717 660 1753 fi
676 1721 721 1752 ita
741 1717 797 1760 fit,
815 1719 949 1754 tandem
965 1717 1142 1766 aliquando
1161 1718 1213 1753 lux
1227 1748 1237 1762 ‚
1262 1717 1316 1754 seu
1340 1722 1482 1767 primum
1498 1746 1500 1749 .

98 1767 298 1803 elementum
315 1779 421 1803 totum
436 1768 617 1804 universum
635 1766 810 1816 occupabit
829 1797 839 1812 ,
860 1772 894 1805 &
923 1777 1061 1816 corpora
1076 1767 1238 1816 diaphana
1261 1797 1270 1812 ,
1289 1766 1487 1816 quaesecun—

98 1816 143 1851 do
154 1816 321 1852 elemento
329 1816 497 1861 constant,
523 1819 568 1852 ita
582 1818 864 1860 comminuentur,
890 1829 926 1853 ut
946 1816 1032 1853 nulla
1053 1817 1187 1852 tandem
1204 1816 1312 1852 futura
1329 1816 1396 1854 fint.
1412 1820 1493 1853 Nec

98 1865 198 1901 video
211 1866 379 1913 quomodo
391 1866 425 1901 hi
435 1865 562 1915 globuli
575 1865 709 1902 secundi-
718 1865 874 1901 elementi
885 1879 924 1903 ex
934 1867 1099 1910 ramentiS,
1109 1864 1162 1900 seu
1172 1869 1331 1914 exprimo
1340 1866 1486 1902 elemen-

101 1925 137 1950 ω
159 1915 280 1950 rursmn
299 1916 428 1964 prodire
445 1914 572 1964 poffinr.

134 1965 217 1999 Haec
226 1964 333 2000 fateor
347 1977 478 2012 magnas
493 1964 780 2002 &inextricabiles
795 1963 1000 2000 difficultates
1019 1967 1186 2014 patiuntur
1201 1995 1211 2010 ‚
1232 1978 1303 2013 quae
1320 1965 1486 2014 hypothe-

101 2009 156 2048 sim
168 2011 388 2049 Cartefianam
401 2013 422 2049 fi
435 2017 540 2049 minus
553 2012 663 2049 falsam
675 2019 710 2051 &
722 2012 890 2049 absurdam
900 2043 910 2058 ,
934 2025 1024 2049 certe
1033 2016 1168 2062 ancipiti
1181 2016 1358 2050 admodum
1370 2043 1380 2057 ,
1394 2019 1427 2051 &
1438 2026 1486 2049 m·

102 2058 209 2096 stabili
223 2060 436 2097 fundamento
449 2062 615 2099 subnixam
631 2063 826 2100 ostendunt:
846 2064 931 2098 adeo
943 2075 980 2098 ut
995 2064 1057 2098 viri
1070 2075 1186 2098 caetera
1197 2070 1230 2101 ὅ(
1243 2063 1331 2099 docti
1350 2068 1384 2100 «Sc
1394 2066 1486 2109 inge-

101 2108 181 2145 niofi
202 2109 298 2145 nobis
319 2110 500 2147 succensete
520 2124 588 2148 non
601 2112 762 2156 debeant,
780 2110 803 2148 fi
816 2112 912 2148 aliam
931 2112 1351 2163 philosophandirationem
1367 2111 1485 2147 insista-

103 2170 184 2195 mus.

129 2207 240 2243 Multa
251 2207 396 2244 consulto
405 2212 670 2258 omittimuS,quae
681 2212 800 2248 idoneo
810 2211 885 2247 loco
896 2211 1133 2261 prosequemur.
1149 2211 1258 2248 Primo
1268 2213 1355 2246 enim
1369 2211 1400 2244 id
1415 2223 1485 2245 non

101 2259 308 2293 concedimus
319 2258 463 2293 Cartefio
475 2272 623 2295 naturam
634 2263 777 2308 corporis
792 2263 827 2297 in
835 2263 918 2296 trina
925 2260 1124 2296 dimensione
1135 2261 1195 2296 esse
1206 2260 1341 2310 positam
1351 2288 1361 2303 ‚
1387 2260 1485 2306 idque

101 2304 215 2342 falsum
228 2307 288 2342 effe
301 2306 448 2355 proximo
462 2312 602 2347 tractatu
618 2310 838 2347 ostendemus:
853 2311 921 2347 haec
934 2309 1062 2346 estidea
1076 2313 1219 2358 corporis
1238 2308 1486 2351 mathematici,

102 2367 168 2392 non
184 2355 319 2405 physici.

263 2407 355 2447 Tam,
367 2409 425 2444 ΙΙ.Α
1259 2409 1287 2441 G
