1878 2724
404 129 459 164 180
772 125 1034 165 ,PHYsrcAE
1072 127 1415 165 GENERALI‘S

435 191 460 212 2.
481 178 509 212 U
518 174 551 209 bi
567 177 647 209 aeris
666 173 886 209 incumbentis
899 174 1069 211 elaterium
1080 176 1289 214 debilitatur:
1307 190 1342 214 ut
1352 192 1425 215 cum
1439 179 1470 214 in
1483 181 1633 216 machina
1647 187 1795 230 pheuma,

405 227 466 261 tica
482 237 533 259 aer
545 224 729 259 exhauritur
739 251 748 266 ,
762 234 830 258 tum
842 235 896 257 aer
906 235 990 271 aqua
1003 253 1013 268 ,
1039 237 1094 261 aut
1107 225 1174 260 alio
1186 226 1310 275 liquore
1327 228 1461 265 inclusus
1473 258 1484 274 ,
1510 234 1545 268 ὃς
1562 229 1707 271 densatus
1727 234 1794 272 'sest

404 274 546 322 explicat
560 287 566 308 :
586 272 669 307 adeo
678 282 713 306 ut
727 283 812 319 aqua
825 270 963 308 ebullire
980 274 1142 311 videatur.

434 339 460 368 3.
474 321 562 357 Cum
576 333 662 368 aqua
671 323 704 355 in
717 321 792 369 gelu
802 321 996 367 concrescit,
1015 335 1120 372 partes
1138 336 1240 360 aereae
1252 337 1441 376 erumpunt,
1461 330 1549 377 quod
1562 343 1634 365 cum
1645 330 1793 380 partibus

403 385 496 454 ἔφη
513 370 623 420 rigidis
634 383 701 406 non
712 370 896 408 cohaereant
908 370 1032 421 :idque
1050 386 1123 410 cum
1139 374 1179 409 de
1190 375 1312 424 frigore
1329 390 1477 426 agemus,
1502 377 1599 415 fufius
1616 392 1795 429 :exponen-

426 434 493 458 usn.

437 471 472 504 Id
486 481 582 513 unum
597 468 743 504 hocloco
758 472 975 508 omittendum
988 484 1056 508 non
1069 474 1195 509 videtur
1210 503 1219 518 ‚
1241 487 1350 512 aerem
1363 478 1398 512 in
1416 475 1554 512 bullulas
1567 491 1793 528 erumpentem

401 533 469 555 non
489 518 588 554 facile
605 519 706 554 dividi
720 518 807 568 polle
827 535 834 556 :
856 521 932 557 hinc
945 534 1029 569 aqua
1041 524 1074 557 in
1093 522 1208 572 lagena
1220 524 1346 561 inversa
1358 555 1368 568 ,
1396 530 1482 576 cujus
1501 527 1621 563 collum
1638 530 1681 564 est
1693 542 1794 579 angu-

399 569 473 609 stius
486 598 495 612 ,
519 578 575 621 aut
591 566 753 604 orificium
772 572 877 606 minus
892 572 936 606 est
950 585 962 615 3
983 582 1039 606 aut
1055 585 1081 615 4
1102 572 1195 608 lineis
1207 602 1216 617 ‚
1236 573 1290 609 seu
1307 577 1401 610 tertia
1418 586 1509 623 parte
1527 577 1620 626 digiti
1634 606 1644 621 ‚
1660 591 1726 614 non
1745 579 1796 614 ef-

399 617 473 654 fluit
485 647 496 662 ,
521 620 576 652 nili
587 617 674 653 forte
690 618 865 655 inclinetur
883 648 892 664 ,
905 622 973 656 imo
983 620 1145 670 &lagena
1166 624 1352 671 angustioris
1365 624 1443 660 colli
1458 630 1491 662 &
1505 637 1580 661 aere
1600 625 1696 675 plena
1709 629 1795 663 intra

400 681 520 716 aquam
531 666 675 703 demersa
690 681 759 703 non
775 669 931 718 impletur
946 682 1033 718 aqua
1045 698 1056 713 ,
1071 671 1160 718 quod
1169 684 1207 706 ea
1216 671 1318 708 subire
1330 686 1398 709 non
1407 673 1523 722 poffit,
1535 677 1616 722 quin
1632 688 1686 710 aet
1705 675 1794 712 simul

400 719 435 752 iu
452 717 592 765 speciem
608 715 769 753 bullarum
787 730 937 767 erumpat
948 736 957 762 3
969 730 1077 766 neque
1089 731 1144 754 aer
1155 723 1188 756 in
1204 722 1344 758 minutas
1361 723 1530 771 particulas
1548 725 1677 759 distrahi
1697 725 1795 761 facile

399 766 505 816 poffit.
535 766 638 813 Qod
662 764 684 800 fi
703 766 818 815 lagena
846 770 950 803 etiam
969 768 1156 816 angustioris
1174 770 1299 808 colli&
1314 784 1398 819 aqua
1417 771 1514 808 plena
1530 774 1613 809 intra
1629 786 1686 808 vas
1713 777 1791 811 vino

397 816 530 864 plenum
548 816 752 864 demergatur
765 830 773 852 :
785 828 938 864 tumaqua
961 816 1076 852 filatim
1085 816 1247 862 ascendit,
1269 814 1428 857 &vinum'
1437 819 1521 856 subit
1534 839 1543 866 3
1557 822 1794 871 quodurerque

398 867 505 914 liquor
519 863 665 902 divisioni
673 866 834 904 nonadeo
848 865 954 903 obstet
964 895 978 912 ,
996 877 1096 915 atque
1107 879 1162 903 aer
1175 896 1184 912 ‚
1198 871 1257 917 qui
1267 871 1300 906 vi
1317 868 1370 905 sua
1383 868 1508 906 elastica
1521 870 1690 921 ingteffum
1702 884 1792 921 aquae

398 914 565 964 prohibet.
1356 941 1361 943 >

436 966 635 1012 Haecutique
651 963 755 1002 acrius
776 966 1035 1014 perpendentem
1052 977 1091 1001 ea
1119 965 1204 1002 subit
1220 969 1377 1016 cogitatio
1386 980 1427 1003 an
1444 968 1571 1017 spiritus
1582 968 1638 1004 ille
1655 969 1792 1006 nitrosus

396 1026 466 1062 quo
487 1026 540 1048 aer
558 1015 785 1063 impraegnatur
797 1045 806 1059 ‚
822 1018 948 1063 quique
959 1017 992 1051 in
1010 1026 1094 1063 aqua
1116 1016 1164 1050 est
1182 1015 1336 1065 plurimus
1349 1045 1358 1060 ,
1389 1022 1423 1054 δ(
1439 1016 1793 1068 Εεῐιίἰίῑειῑὶὲρῐκεὶρυε

396 1064 442 1099 est
452 1062 542 1098 causa
558 1092 568 1107 ‚
594 1077 662 1099 non
672 1063 707 1098 fit
725 1077 762 1099 ea
775 1064 839 1113 ipsa
849 1064 1027 1101 fulminans
1041 1068 1176 1100 materia
1192 1094 1202 1109 ‚
1226 1070 1311 1115 cujus
1327 1079 1406 1101 mox
1435 1069 1651 1102 meminimus.
1678 1069 1791 1116 Negat

396 1113 533 1159 quidem
552 1116 595 1149 D.
606 1114 774 1147 Mariotte
787 1126 897 1149 aerem
909 1115 941 1149 in
953 1116 1072 1150 nitrum
1085 1112 1138 1148 seu
1149 1116 1182 1149 in
1194 1113 1390 1162 salempetrae
1403 1118 1571 1159 converti,
1596 1127 1632 1150 ut
1642 1116 1792 1152 nonnulli

396 1161 451 1196 vel
459 1161 688 1210 praestantiores
704 1160 859 1210 Chymici
872 1162 1064 1199 existimant.
1075 1165 1151 1199 Hoc
1159 1165 1382 1212 experimento
1392 1164 1544 1200 adduaus
1555 1165 1791 1212 videtur‚quod

395 1223 472 1246 cum
484 1209 622 1259 gypsum
637 1222 677 1245 ex
696 1223 764 1258 quo
778 1211 921 1260 salpetrae
964 1224 998 1248 er
1015 1212 1164 1248 lixivium
1178 1241 1188 1255 ,
1203 1224 1238 1247 ut
1251 1211 1323 1248 fieri
1336 1211 1419 1248 solet
1430 1214 1582 1257 ,edudkus
1600 1213 1716 1258 fuerat,
1733 1225 1791 1262 pet

397 1258 572 1294 biennium
584 1261 620 1293 in
631 1259 773 1294 fenestra
789 1259 914 1296 colloca
940 1271 985 1303 et,
999 1260 1125 1296 nullum
1139 1261 1252 1309 postea
1266 1260 1463 1310 salempetrae
1471 1262 1680 1311 suppeditarit
1695 1259 1790 1298 :cum

397 1318 509 1344 tamen
525 1307 614 1342 aliud
629 1309 662 1343 in
677 1307 773 1356 specu
793 1308 999 1344 subterranea
1011 1310 1129 1344 eodem
1143 1320 1290 1358 tempore
1305 1311 1444 1358 positum
1466 1312 1606 1346 multum
1624 1310 1790 1360 salispetrae

396 1355 590 1406 praebuerit:
605 1368 725 1405 magno
735 1360 848 1406 utique
859 1370 1053 1407 argumento
1064 1361 1181 1394 nitrum
1191 1387 1201 1402 ,
1225 1358 1278 1394 seu
1290 1358 1388 1396 salem
1413 1371 1489 1395 ettae
1506 1373 1572 1396 non
1589 1372 1628 1394 ex
1640 1372 1724 1403 aere,
1735 1359 1790 1394 sed

398 1408 416 1443 ὲ
425 1413 509 1440 terra
521 1405 677 1454 proficisci
689 1419 696 1441 :
709 1407 793 1442 adeo
802 1419 837 1443 ut
849 1408 903 1443 vel
912 1407 952 1442 ad
962 1406 1066 1442 nubes
1076 1407 1174 1455 usque
1184 1408 1335 1443 cudendo
1345 1408 1382 1443 fu
1396 1411 1477 1445 miui
1492 1409 1557 1445 unz}⁴
1570 1421 1643 1445 cum
1657 1407 1790 1457 sulphu-

396 1468 459 1491 reo·
470 1455 572 1491 halitu
581 1455 761 1493 attollatur.
774 1459 872 1493 Nunc
886 1457 926 1491 ad
945 1455 1008 1491 alia
1024 1456 1236 1505 phaenomena
1249 1459 1427 1494 veniamus.

430 1508 478 1543 Ac
493 1507 634 1555 primum
647 1506 783 1553 quidem
793 1518 831 1541 ex
846 1507 883 1540 iis
896 1504 991 1540 bullis
1003 1518 1127 1541 novum
1140 1507 1232 1555 gigni
1247 1518 1356 1541 aerem
1375 1507 1450 1542 hinc
1464 1506 1587 1555 liquet,
1596 1508 1791 1556 quodaqua,·

396 1556 451 1592 vel
461 1556 635 1590 mercurius
645 1556 681 1590 in
693 1554 776 1589 tubo
786 1558 868 1590 intra
879 1566 934 1589 vas
950 1556 1108 1603 recipiens
1120 1555 1269 1590 concluso
1280 1554 1418 1604 pensilis,
1431 1557 1501 1605 post
1515 1556 1703 1598 exhaustum
1713 1568 1788 1592 aera

397 1607 533 1641 omnino
544 1604 674 1638 decidat
689 1621 699 1648 ·‚
716 1603 767 1638 sed
784 1616 858 1639 cum
876 1602 937 1638 111ae
950 1615 1124 1652 eruperunt
1140 1603 1237 1641 bullae
1253 1633 1262 1648 ,
1278 1605 1428 1640 nonnihil
1445 1607 1478 1640 vi
1501 1604 1587 1640 illius
1610 1607 1690 1639 aeris
1705 1634 1715 1648 ,
1731 1617 1788 1648 aut

395 1666 508 1690 recens
532 1655 635 1702 geniti
653 1681 663 1696 ,
678 1664 734 1688 aut
753 1654 948 1702 emergentis
963 1664 1047 1699 aqua
1070 1652 1124 1688 vel
1142 1655 1317 1688 mercurius
1330 1653 1489 1690 attollitur
1503 1668 1510 1690 :
1527 1665 1562 1689 ut
1577 1654 1651 1703 post
1667 1653 1788 1690 ebulli-

396 1706 521 1739 tionem
531 1715 624 1749 aquae
642 1702 801 1745 ardentis,
815 1702 867 1737 seu
881 1701 1004 1750 spiritus
1024 1704 1091 1737 vini
1101 1702 1226 1737 accidit.
1246 1704 1298 1737 Sic
1314 1702 1493 1738 ubioleum
1503 1705 1629 1746 tartari,
1652 1701 1710 1738 seu
1725 1716 1788 1751 po.

396 1754 460 1786 tius
481 1750 524 1786 sal
542 1753 652 1785 tartari
675 1749 834 1785 exsolutus
849 1762 921 1785 cum
949 1748 1026 1784 oleo
1050 1750 1172 1784 vitrioli
1198 1750 1409 1785 confunditur
1429 1764 1437 1784 :
1457 1764 1496 1786 ex
1522 1752 1576 1785 illa
1591 1751 1786 1786 ebullitione

396 1800 516 1835 multus
530 1811 584 1833 aet
595 1799 733 1846 erumpit
747 1828 757 1842 ‚
768 1801 825 1845 qui
844 1798 989 1844 aquarn&
1005 1797 1156 1845 subjecto„
1164 1797 1239 1833 vase
1258 1800 1292 1832 in
1307 1798 1425 1833 tubum
1441 1799 1560 1833 attollit
1575 1816 1584 1842 ·,
1603 1798 1655 1832 sed
1675 1811 1786 1836 tamen

396 1849 449 1883 hic
463 1860 515 1882 aer
526 1847 578 1882 sua
594 1846 707 1896 sponte
718 1846 807 1882 velut
819 1847 989 1881 destruitur
1001 1849 1083 1881 intra
1099 1859 1143 1892 24
1162 1846 1312 1881 horarum
1327 1846 1474 1895 spatium,
1486 1853 1519 1884 δε
1529 1860 1611 1894 aqua
1625 1850 1657 1882 in
1670 1847 1785 1884 tubum

395 1897 518 1933 sublata
532 1896 617 1931 ultro
639 1899 672 1931 in
686 1908 742 1930 vas
759 1895 940 1944 subjectum
954 1894 1126 1931 delabitur,
1149 1897 1229 1931 Non
1245 1896 1331 1929 idem
1347 1897 1463 1931 accidit
1486 1909 1560 1931 cum
1587 1908 1723 1944 cuprum
1749 1899 1784 1932 in

395 1959 478 1993 aqua
492 1945 571 1980 forti
581 1944 770 1981 diisolvitur.
785 1948 873 1981 Nam
888 1947 946 1993 qui
958 1957 1014 1993 per
1028 1943 1254 1985 ebullitionem
1266 1944 1423 1980 formatur
1435 1958 1490 1980 aer
1502 1973 1511 1988 ,
1523 1947 1590 1980 vim
1607 1945 1695 1980 suam
1716 1945 1785 1980 ela.-

396 1995 510 2030 sticam
520 2007 585 2029 non
603 1998 712 2037 exuit,
729 2000 853 2041 &aqua
864 1997 894 2030 in
909 1993 988 2029 tubo
997 1993 1121 2041 semper
1139 1992 1276 2041 suspensa
1286 2006 1420 2039 manet,
1441 1995 1520 2029 dum
1537 2005 1646 2028 recens
1663 2006 1717 2028 aer
1734 1993 1785 2028 su„

395 2047 506 2080 &ione
523 2044 716 2080 extrahatur.
728 2045 821 2091 Aqua
835 2055 913 2078 vero
927 2045 961 2078 in
970 2042 1112 2091 subJecto
1123 2041 1193 2078 vase
1206 2054 1262 2090 per
1283 2056 1313 2079 12.
1327 2043 1419 2079 horas
1431 2046 1467 2081 iu
1484 2055 1586 2079 vacuo
1606 2044 1783 2091 recipiente

394 2094 507 2131 telie'ka
517 2096 609 2128 omni
622 2105 695 2128 aere
707 2104 909 2141 expurgatur.
1609 2110 1612 2112 ·
1690 2109 1693 2113 Δ

432 2159 458 2180 2.
485 2146 578 2190 Aqua
590 2141 684 2177 fortis
701 2141 837 2176 metallo
848 2170 858 2184 ‚
868 2152 921 2176 aut
931 2153 1061 2177 acetum
1068 2141 1202 2176 corallio
1211 2140 1620 2190 impraegnatum‚extm&co
1633 2152 1707 2174 aere
1721 2142 1781 2176 mi-

395 2207 468 2229 rum
478 2195 512 2227 in
522 2192 657 2227 modum
670 2188 886 2226 intumescunt
898 2219 906 2233 ,
930 2196 963 2227 &
981 2192 1129 2226 videntur
1148 2189 1284 2226 ebullire
1296 2219 1305 2234 ‚
1324 2192 1412 2238 quod
1425 2193 1504 2224 aeris
1519 2192 1552 2226 in
1569 2191 1658 2240 poris
1673 2189 1780 2235 liquo-

396 2255 464 2278 rum
476 2239 584 2276 inclufi
596 2240 755 2287 particula:
771 2239 946 2275 ambientis
958 2242 1038 2274 aeris
1049 2238 1206 2288 preffione
1216 2239 1326 2274 soluta:
1338 2242 1382 2282 ‚in
1394 2239 1532 2286 amplius
1562 2239 1699 2285 ipatium
1718 2237 1781 2272 sese

396 2291 573 2340 explicent.
589 2293 642 2325 Sic
656 2302 788 2339 pomum
803 2291 884 2336 rugis
897 2291 1098 2324 contractum
1109 2318 1118 2332 ,
1139 2295 1172 2326 &
1200 2300 1284 2337 pene
1300 2288 1469 2323 flaccidum
1492 2286 1641 2321 exhausto
1660 2286 1675 2321 ὲ
1698 2288 1780 2320 reci-

397 2343 507 2386 piente
519 2353 604 2383 aere,
618 2338 926 2387 complanatisrugis
937 2367 947 2380 ,
965 2338 1051 2386 quasi
1067 2350 1178 2373 recens
1188 2350 1226 2373 ex
1238 2336 1353 2372 arbore
1363 2336 1551 2384 decerptum
1568 2346 1715 2383 apparet:
1731 2336 1779 2371 in-

400 2391 494 2424 terim
511 2389 597 2437 pelle
609 2387 756 2438 disrupta,
768 2386 851 2436 quafi
863 2390 929 2438 igni
939 2389 1166 2424 admoveretur
1178 2416 1186 2430 ‚
1199 2384 1375 2434 spumcscit.
