1878 2724
329 127 370 158 66
677 118 956 156 PHYSICAE
988 120 1338 160 GENERALIS

329 166 411 203 alibi
437 169 565 215 purior,
591 167 671 203 alibi
699 166 829 204 craffior
847 185 857 212 3
877 170 1042 206 interdum
1058 174 1188 221 gravior
1205 173 1272 218 est,
1298 185 1355 209 aut
1385 171 1490 211 levior
1507 203 1518 220 ‚
1543 174 1722 225 aliquando

328 216 487 253 salubrior
513 218 638 260 existit,
671 219 804 253 interim
828 218 1052 266 pestilentior:
1082 221 1166 256 adeo
1187 233 1224 257 ut
1247 223 1358 260 multis
1382 224 1465 261 nihil
1492 225 1641 262 videatur
1657 226 1723 264 effe

328 278 440 315 praeter
450 279 538 302 terrae
550 273 581 304 ἃ·
590 279 678 314 aquae
688 266 776 302 velut
788 267 955 316 quandam
966 268 1156 318 lanuginem
1170 282 1210 306 ex
1226 275 1331 308 omnis
1348 277 1477 323 generis
1488 274 1626 312 effluviis
1640 289 1723 314 con.

329 317 450 353 flatam.

352 369 430 416 Jam
442 377 513 412 quae
531 364 566 400 sit
583 368 665 401 aeris
677 378 812 411 natura,
835 378 874 403 ex
889 366 1007 414 quibus
1017 369 1183 418 particulis
1200 380 1257 406 aut
1269 374 1387 408 atomis
1399 371 1435 409 fit
1443 385 1631 420 contextu-5,
1641 375 1723 412 cali-

326 416 384 449 dus
401 413 437 448 fit
449 426 489 448 an
500 413 653 464 frigidus,
670 416 819 453 humidus
835 430 876 454 an
894 416 1012 463 ficcus3
1031 431 1128 467 poros
1149 418 1272 455 habeat
1287 424 1417 470 penitus
1435 425 1547 460 inanes
1565 454 1577 470 ,
1596 438 1638 462 an
1650 426 1721 474 ple-

324 476 383 500 nos
395 462 562 499 subtiliore
576 478 712 516 corpore
726 483 736 510 3
752 467 840 503 unde
855 469 903 502 vis
918 467 1001 503 illius
1018 467 1146 503 elastica
1160 471 1301 515 oriatur,
1319 474 1426 520 gravis
1441 470 1478 506 fit
1497 486 1540 509 an
1563 475 1664 519 levis,
1684 480 1720 513 &

324 512 387 548 alia
401 513 494 564 hujtis
509 518 633 563 generis
643 516 781 564 plurima
790 518 822 551 in
836 516 1088 553 controversiam
1099 520 1212 554 venire
1221 519 1345 557 solent:
1363 533 1434 569 quae
1452 524 1562 557 omnia
1573 537 1641 561 non
1650 524 1721 561 sunt

323 561 413 610 hujus
426 562 501 599 loci.
513 567 623 612 Atque
636 565 688 601 h'ic
699 594 710 609 ‚
736 566 827 614 quod
845 565 967 615 ubique
983 567 1053 602 fere
1062 568 1198 613 accidit,
1218 571 1306 616 quod
1325 569 1384 606 fibi
1404 569 1535 606 libitum
1548 572 1609 616 est,
1626 573 1721 609 unus.

323 611 457 659 quisque
475 611 587 662 fingit,
615 620 649 652 &
671 617 834 664 principiis
847 620 918 663 jaim
936 617 1133 667 praesumptis
1162 621 1415 665 accommodat;
1443 634 1502 656 nos
1528 620 1609 656 nulli
1625 621 1719 658 sei&

323 660 593 710 Philosophorum
610 694 619 708 ‚
642 670 676 702 &
690 667 832 701 maxime
854 669 1072 703 recentiorum
1093 667 1236 712 addicti,
1257 682 1331 718 quae
1346 669 1443 706 nobis
1463 673 1533 705 veri
1550 674 1719 720 propiora,

323 715 359 747 ὃ(
374 710 660 749 observationibus
676 717 777 764 magis
799 715 1015 753 consentanea
1032 715 1251 765 videbuntur,
1275 719 1391 758 afferre
1408 723 1570 766 contenti,
1579 720 1721 758 liberum

322 762 443 809 cuique
470 762 625 809 judicium
650 764 879 814 relinquemus.
916 768 966 802 Sit
988 769 1103 815 itaque

816 866 933 900 Prima
947 864 1121 911 Conclusio.

360 959 424 994 Aer
443 971 533 996 terrae
546 962 753 999 circumfusus
768 976 836 1000 non
846 975 886 999 ex
902 962 975 999 solis
996 962 1172 1013 vaporibus
1184 993 1195 1009 ,
1222 968 1258 1002 &
1279 962 1378 1000 fumis
1407 968 1630 1014 componitur.

363 1008 453 1043 Prob.
471 1012 565 1048 concl.
575 1015 619 1048 Ex
640 1012 811 1049 vielastica
824 1043 834 1057 ,
849 1026 922 1062 quae
934 1016 967 1050 in
980 1025 1055 1048 aere
1069 1014 1207 1062 plurima
1224 1014 1270 1048 est
1282 1042 1291 1057 ,
1317 1027 1484 1062 quamque
1499 1015 1608 1051 multis
1621 1028 1717 1066 expe«-

318 1059 464 1094 rimentis
483 1059 622 1097 suoloco
634 1062 938 1099 demonstrabimus,
964 1065 1017 1098 Sic
1034 1065 1067 1098 in
1080 1063 1230 1099 folliculo
1248 1062 1366 1099 inflato
1380 1093 1390 1108 ,
1413 1077 1480 1110 quo
1502 1067 1593 1113 pueri
1611 1064 1716 1102 solent

317 1105 428 1142 ludere
445 1137 456 1152 ‚
477 1111 511 1145 in
525 1109 671 1160 sclopeto
688 1115 918 1160 pneumatice,
936 1111 1036 1160 vulgo
1050 1111 1238 1160 arquebuze
1250 1111 1271 1147 ὰ
1287 1124 1384 1153 vem,
1402 1111 1460 1148 ubi
1483 1125 1538 1147 aer
1553 1114 1717 1164 compres-

316 1154 362 1190 sus
389 1168 479 1192 tanta
505 1161 537 1193 vi
558 1160 696 1208 globum
717 1160 910 1208 plumbeum
933 1163 1055 1197 emittit
1069 1190 1078 1205 ,
1105 1173 1227 1210 quanta.
1263 1161 1335 1197 fere
1355 1161 1499 1210 sclopeta
1516 1161 1651 1209 ufitata3
1679 1166 1715 1202 in

316 1204 495 1241 artificiofis
509 1208 656 1244 fontibus
674 1238 684 1253 ,
713 1209 772 1244 ubi
798 1223 854 1245 aer
878 1208 995 1258 pressus
1009 1223 1128 1258 aquam
1150 1210 1264 1246 sursum
1282 1211 1441 1259 jaculatur
1460 1240 1470 1255 ‚
1487 1212 1598 1247 utalia
1615 1216 1716 1250 omit-

320 1264 387 1288 tam
411 1255 540 1290 infinita
553 1286 562 1300 ‚
591 1258 676 1292 adeo
699 1259 742 1293 est
759 1259 947 1302 manifesta,
975 1270 1010 1294 ut
1028 1259 1120 1294 nullo
1135 1261 1238 1295 modo
1252 1263 1364 1309 negari
1392 1260 1500 1309 poffit.
1524 1262 1587 1296 Sed
1608 1274 1646 1297 ea
1664 1266 1713 1299 vis

317 1301 478 1339 resiliendi
490 1335 499 1348 ,
519 1305 569 1340 seu
584 1305 726 1351 elastica‚
751 1307 853 1355 qualis
871 1309 914 1344 est
930 1310 963 1343 in
979 1320 1055 1343 arcu
1072 1307 1163 1344 tenso
1176 1338 1187 1353 ‚
1220 1309 1310 1345 nulla
1327 1321 1412 1359 pene
1431 1311 1474 1345 est
1491 1312 1524 1345 in
1546 1310 1644 1348 fumis
1656 1324 1714 1348 aut

317 1352 491 1400 vaporibus
511 1369 519 1390 :
545 1357 634 1402 quod
660 1359 760 1392 etiarn
780 1357 888 1393 multis
908 1356 1069 1392 constabit
1099 1361 1344 1407 experimentis,
1365 1361 1448 1407 Ergo
1472 1359 1584 1408 hujuS‚
1611 1373 1713 1409 quem

316 1400 468 1449 spiramus
490 1406 571 1438 aeris
592 1417 699 1453 partes
718 1435 728 1449 ,
757 1418 829 1453 quae
861 1405 986 1442 flexiles
1011 1405 1080 1442 sunt
1105 1413 1139 1445 ὃς
1162 1407 1276 1452 tensae,
1303 1419 1359 1443 aut
1378 1406 1484 1456 preffae
1499 1438 1509 1452 ,
1528 1408 1590 1443 sese
1620 1411 1714 1446 evol-

315 1463 393 1486 vere
425 1451 604 1487 moliuntur
630 1483 640 1498 ‚
681 1455 765 1490 aliud
801 1456 960 1503 quiddam
991 1455 1060 1491 sunt
1091 1469 1206 1505 praeter
1239 1469 1378 1505 vapores
1423 1469 1462 1491 ex
1497 1458 1711 1506 respiratione

315 1512 473 1548 aquarum
496 1530 507 1546 ,
527 1513 563 1537 ut
580 1502 723 1552 loquitur
736 1504 883 1549 Tullius,
910 1516 966 1541 aut
987 1505 1097 1541 fumos
1116 1519 1155 1542 ex
1178 1509 1314 1542 terrenis
1338 1506 1529 1555 corporibus
1559 1507 1714 1546 exhalan-

316 1561 375 1586 teS.
772 1577 775 1579 Α

346 1601 423 1650 Jam
440 1599 527 1634 unde
541 1603 588 1634 vis
600 1599 655 1636 illa
666 1601 791 1637 elastica
801 1614 870 1650 quae
884 1604 919 1638 in
929 1614 1004 1638 aere
1021 1603 1068 1638 est
1084 1604 1241 1653 plurima,
1259 1614 1426 1653 repetatur
1442 1633 1453 1649 ,
1478 1605 1567 1642 distu
1586 1608 1633 1642 est
1643 1609 1713 1646 dif-

314 1647 509 1685 ficillimum.
532 1652 585 1685 An
602 1649 689 1687 forte
702 1663 757 1686 aer
776 1651 868 1688 velut
882 1664 921 1688 ex
934 1651 995 1689 filis
1010 1654 1103 1689 instar
1126 1654 1206 1689 lanae
1230 1654 1358 1689 constat
1377 1670 1386 1697 3
1400 1665 1500 1702 atque
1513 1656 1580 1691 haec
1592 1656 1648 1693 fila
1666 1658 1711 1694 ab

313 1697 533 1734 incumbentis
548 1702 630 1733 aeris
643 1700 733 1734 mole
741 1703 999 1749 comprimuntur
1017 1717 1026 1738 ε
1042 1702 1097 1737 sed
1119 1702 1177 1737 ubi
1190 1706 1281 1750 gravi
1295 1703 1358 1737 hoc
1374 1705 1518 1749 pondere
1535 1733 1545 1748 ,
1566 1717 1622 1741 aut
1646 1707 1711 1742 alia

314 1746 474 1795 pressione
485 1746 588 1782 soluta
599 1747 669 1783 sunt
679 1776 689 1792 ,
704 1759 775 1783 tum
789 1761 826 1784 ut
838 1749 919 1785 lanae
933 1749 1100 1786 filamenta
1110 1749 1172 1785 sese
1189 1751 1351 1799 explicant
1364 1761 1374 1786 ἓ
1392 1751 1480 1786 Rem
1497 1753 1540 1788 ita
1559 1752 1623 1789 else
1636 1767 1709 1792 cum

315 1795 417 1831 multa
436 1794 628 1843 persuadent
638 1826 648 1840 ,
664 1808 734 1832 turn
746 1797 827 1833 illud
840 1801 981 1834 maxime
991 1829 1002 1844 ‚
1012 1800 1100 1848 quod
1112 1801 1144 1835 in
1159 1799 1283 1849 vulgari
1298 1801 1379 1833 circa
1394 1802 1488 1835 inane
1504 1806 1710 1851 experimen.

315 1855 351 1879 to
365 1873 375 1888 ‚
398 1856 453 1879 aut
464 1847 498 1879 in
511 1845 662 1881 machina
671 1849 878 1895 pneumatica
889 1877 899 1892 ,
910 1849 951 1883 de
963 1861 1029 1896 qua
1046 1851 1185 1885 tra&atu
1195 1851 1346 1897 proximo
1362 1877 1371 1891 ,
1384 1848 1517 1886 veficula
1530 1852 1635 1900 pisci5‚
1650 1866 1708 1890 aut

314 1896 390 1942 agni
410 1892 511 1942 ligato
526 1894 612 1929 collo
622 1925 631 1939 ‚
650 1900 683 1932 &
696 1908 780 1945 pene
791 1909 889 1933 vacua
900 1926 911 1942 ‚
923 1897 1005 1933 tubo
1013 1909 1070 1934 aut
1081 1900 1166 1933 vitro
1175 1897 1322 1947 impofita
1332 1927 1341 1940 ‚
1354 1899 1521 1946 postquam
1534 1902 1707 1939 exhaustus

314 1944 358 1977 est
372 1955 443 1985 aer,
461 1941 572 1990 sponte
582 1942 633 1979 sua
646 1946 853 1991 intumescat,
880 1952 914 1985 &
932 1946 1124 1997 plerumque
1143 1946 1278 1983 veficam
1291 1946 1485 1995 disrumpat:
1501 1951 1590 1997 quod
1604 1951 1707 2000 plica.

316 1991 386 2026 tiles
399 1995 478 2026 aeris
489 1991 592 2037 fibrae,
609 1994 686 2030 licet
699 2007 866 2044 perpaucae
886 1997 1108 2045 relinquantur
1120 2026 1130 2042 ,
1150 1996 1192 2032 ab
1213 1996 1432 2032 incumbentis
1455 2001 1537 2033 aeris
1559 2000 1706 2049 pondere

312 2046 379 2090 jam
391 2039 499 2076 liberae
514 2041 575 2077 sese
586 2045 766 2094 inlamplius
781 2044 918 2095 spatium
927 2046 1098 2096 explicent.
1124 2045 1251 2084 Verum
1265 2046 1325 2082 ista
1338 2045 1455 2082 leviter
1465 2047 1612 2085 hocloco
1625 2052 1705 2086 atti-

310 2089 387 2139 giffe
408 2088 480 2125 satis
492 2090 598 2127 fuerit.

351 2141 406 2175 An
422 2142 526 2187 potius
541 2170 550 2184 ‚
569 2153 605 2176 ut
614 2142 745 2178 videtur
753 2143 917 2189 Cartefio,
935 2147 1064 2181 minutae
1079 2147 1160 2181 aeris
1174 2144 1336 2195 particulae
1352 2158 1394 2182 ex
1419 2147 1517 2180 tertio
1536 2145 1704 2185 elemento

315 2190 478 2236 prodeunt
492 2205 500 2226 ε
524 2203 595 2226 cum
610 2190 669 2227 fint
685 2205 777 2241 aquae
794 2194 987 2244 corpusculis
998 2195 1095 2245 longe
1105 2199 1282 2239 tenuiores,
1294 2195 1433 2230 secundo
1445 2194 1611 2230 elemento
1619 2209 1702 2244 qua-

315 2238 336 2272 si
348 2240 513 2283 innatant,
535 2245 568 2278 &
581 2239 750 2276 subtilioris
765 2247 910 2279 materiae
924 2257 1014 2280 motu
1029 2246 1242 2282 extenduntur
1253 2245 1360 2283 :adeo
1371 2255 1406 2278 ut
1420 2255 1472 2277 aer
1485 2243 1567 2280 nihil
1581 2243 1615 2279 fit
1627 2258 1703 2294 prae-

317 2297 364 2320 ter
376 2290 461 2322 tertii
479 2289 635 2324 elementi
653 2292 824 2339 particulas
833 2293 972 2329 secundo
984 2298 1166 2330 innatantes
1179 2325 1188 2339 ,
1209 2302 1244 2333 &
1261 2292 1347 2341 quafi
1365 2291 1548 2330 volitlntQS.
1573 2294 1702 2346 Qm·

315 2337 489 2371 admodum
505 2341 585 2386 ignis
600 2340 680 2375 nihil
697 2341 740 2375 est
759 2354 873 2389 praeter
887 2342 1039 2390 quasdam
1050 2346 1139 2379 tertii
1156 2344 1309 2381 elementi
1331 2341 1502 2390 particulas
1520 2345 1626 2392 primo
1645 2346 1701 2379 iti-

317 2384 392 2418 dem
410 2385 573 2424 elemento
591 2391 774 2426 innatantes
785 2420 796 2435 ,
812 2396 846 2429 &
858 2391 901 2427 ab
913 2404 954 2428 eo
965 2394 1135 2430 celerrime
1147 2392 1365 2429 circumaetaS.
