1878 2724
412 135 478 181 ‘436
753 125 1015 165 PHYSICAE
1052 126 1214 164 PARS
1254 123 1538 165 SECUNDA.'

416 196 454 218 ea
470 180 637 218 vitriolum
653 177 725 213 elici
741 177 857 227 potest.
888 178 1063 226 Interje&o
1076 176 1208 224 aliquot
1225 187 1385 212 annorum
1398 176 1501 225 spatio
1533 175 1670 213 odorem
1704 176 1804 217 suffia,-

416 245 507 266 reum
521 231 618 278 spirat
633 257 644 271 ,
664 231 697 263 &
707 226 744 262 fit
754 225 885 261 arenosa
897 255 907 269 ,
922 237 991 261 tum
1001 226 1122 269 durior,
1136 231 1170 263 &
1185 228 1221 260 in
1234 225 1412 261 marcasitas
1423 226 1554 261 tandem
1575 225 1653 262 abit.

452 280 531 313 ch
542 276 725 311 confirmari
760 273 861 310 offent
870 287 909 309 ex
922 277 959 310 iis
975 287 1045 322 quae
1055 278 1097 310 D.
1108 276 1208 322 Boyle
1228 276 1261 309 in
1279 276 1416 310 tractatu
1429 275 1469 309 de
1483 274 1657 310 latentibus
1671 274 1799 324 quibui:

414 328 488 362 dam
500 328 579 360 aeris
590 288 800 373 qualitatipbus
816 323 882 359 fuse
897 324 1036 373 explicat
1050 323 1091 358 de
1109 323 1214 373 lapide
1230 323 1331 367 duro,
1350 329 1384 361 &
1402 323 1552 372 subnigro
1565 353 1575 368 ,
1606 327 1664 372 qui
1679 326 1800 362 fraistus*

415 376 518 410 nullas
537 386 590 409 aut
605 374 686 417 salis,
697 384 751 408 aut
765 373 888 408 vitrioli
898 373 1064 421 particulas
1077 372 1269 416 lucentes‚ut
1281 371 1384 408 solent
1396 372 1564 408 marcalitae
1575 402 1586 416 ,
1597 374 1695 408 oculis
1707 373 1800 423 subji-

413 423 603 458 ciebatzaeri
619 435 729 458 tamen
742 421 815 457 curn
826 422 888 458 fuit
898 421 1055 470 expositus
1065 421 1121 456 sub
1134 424 1306 470 te&o,pars
1318 427 1382 468 ejus
1393 423 1532 457 maxima
1545 421 1627 456 abiit
1642 425 1675 458 in
1685 424 1802 472 pulve-

413 485 484 507 reni
496 472 743 507 vittiolicum;in
753 482 824 506 arca
835 473 912 508 &in
929 471 1006 506 locis
1018 469 1106 505 siccis
1121 470 1260 506 servatus
1275 470 1444 505 caeruleam
1457 483 1589 519 quoque
1598 471 1800 508 efflorescen-

414 524 493 556 tiam
509 527 541 558 &
552 521 746 556 vitriolicam
761 520 918 569 praebuit:
934 533 971 555 ac
986 519 1027 555 sal
1042 519 1096 554 ille
1108 532 1174 556 non
1189 520 1296 555 acidus
1311 531 1437 555 tantum
1452 520 1498 554 est
1516 548 1526 562 ‚
1545 519 1594 555 sed
1610 526 1643 557 &
1656 521 1800 570 partibus

412 570 558 606 sulfureis
586 569 744 606 abundat.
776 573 847 605 Imo
863 572 895 605 in
906 571 991 605 vitro
1003 568 1139 618 sigillato
1148 581 1257 604 mucus
1269 569 1446 603 vittiolicus
1457 568 1604 606 effloruit.
1616 571 1719 619 Qod
1732 570 1801 606 for-

413 621 446 656 te
458 623 494 655 in
513 623 551 654 iis
563 618 723 668 lapidibus
735 618 794 654 fint
806 619 957 667 quaedarn
967 617 1089 655 vitrioli
1101 648 1112 663 ,
1130 621 1196 655 imo
1212 623 1245 656 &
1255 618 1462 653 metallorum
1480 618 1569 656 velut
1586 618 1718 664 semina,
1732 631 1801 668 qua:

413 670 633 704 maturatione
659 668 798 716 quadam
823 680 930 717 egent.

437 720 514 769 jam
532 717 609 753 alias
622 718 758 752 diximus
769 717 880 767 glebas
902 719 989 753 nitro
1007 716 1062 752 suo
1079 728 1187 753 exutas
1205 729 1328 752 novum
1342 718 1418 751 nitri
1433 728 1631 765 proventum
1647 717 1801 767 adipisci,

413 780 487 802 cum
502 769 569 802 aeri
582 777 794 814 exponuntur.
810 767 900 802 Idem
919 769 952 802 in
966 766 1108 802 alumine
1125 768 1315 815 contingere
1327 766 1423 800 docet
1434 766 1595 813 Agricola.
1613 767 1754 816 Idipsum
1767 770 1801 804 in

410 815 544 851 vitriolo
564 815 722 850 calcinato
737 814 792 851 usu
802 818 905 852 venit.
917 817 967 850 Sic
980 817 1198 851 antimonium
1216 818 1249 850 vi
1261 818 1399 850 emetica
1411 815 1652 859 destitutum‚ex
1666 817 1802 865 diapho-

412 868 514 899 rerico
527 893 536 908 ‚
547 876 582 899 ut.
598 876 717 900 vocant
730 893 740 907 ‚
765 865 854 912 quod
866 863 984 899 scilicet
994 877 1059 912 per,
1068 864 1192 899 sudores
1205 893 1214 907 ‚
1238 876 1293 899 aut
1308 863 1523 899 insensibilem
1535 865 1801 913 pei-spirationem

412 926 527 962 purgat
541 942 550 956 ,
563 913 599 949 fit
610 916 786 948 emeticum
799 942 808 956 ‚
826 912 882 948 ubi
892 915 958 947 aeri
971 915 1156 962 exponitur.
1172 915 1248 947 Sive
1264 913 1413 960 quaedam
1437 911 1473 946 fit
1491 915 1523 947 in
1536 925 1609 948 aere
1627 913 1802 950 substantia

405 962 598 1000 volatilis&
610 961 719 1005 salina,
733 975 803 1007 quae
819 961 957 996 aliorum
968 974 1139 1011 corporum
1155 973 1301 996 naturam
1319 961 1412 997 facile
1429 961 1560 1005 induat3
1574 961 1636 998 five
1655 965 1802 1011 quaedarn

410 1014 493 1046 iniis
512 1009 720 1046 minetalibus
736 1009 796 1045 fint
817 1009 989 1046 seminibus
1007 1011 1144 1059 analoga
1157 1039 1167 1053 ‚
1193 1023 1265 1058 quae
1291 1012 1371 1044 aeris
1390 1009 1552 1045 beneficio
1578 1015 1801 1048 maturitatem

410 1059 499 1095 suam
512 1059 712 1107 assequantur
727 1076 736 1102 3
754 1058 864 1094 sivein
881 1071 954 1093 aere
967 1058 1125 1095 fluClment
1144 1058 1383 1094 omnia‘salium
1396 1071 1515 1107 genera
1528 1087 1538 1102 ‚
1555 1072 1626 1107 quae
1651 1073 1725 1096 cum
1743 1060 1802 1096 fibi

410 1111 557 1157 cognatis
573 1114 606 1145 ὅ(
619 1106 773 1143 similibus
786 1106 1017 1145 consocientur.
1031 1111 1075 1144 Ex
1093 1119 1166 1142 aere
1179 1107 1221 1142 ab
1234 1109 1272 1142 iis
1288 1106 1495 1143 mineralibus
1509 1109 1666 1155 quiddam
1682 1111 1802 1147 attrahi

407 1158 487 1193 hinc
501 1156 625 1192 suaderi
643 1158 748 1206 potest
758 1186 767 1200 ,
787 1157 877 1204 quod
890 1159 1000 1192 omnia
1015 1157 1085 1192 fere
1096 1158 1162 1190 aeri
1176 1156 1322 1206 exposita
1332 1169 1421 1192 novo
1433 1155 1496 1191 sale
1507 1185 1517 1200 ‚
1532 1162 1566 1193 δε
1586 1159 1732 1206 pondere
1744 1172 1803 1194 au-

410 1218 554 1255 geantur.
567 1206 675 1241 Multa
693 1208 727 1241 in
738 1206 819 1240 hanc
830 1218 898 1240 tem
913 1209 1132 1255 experimenta
1149 1205 1242 1240 affert
1256 1210 1297 1242 D.
1312 1206 1422 1253 Boyle.
1451 1206 1541 1240 Duas
1557 1210 1662 1242 uncias
1678 1209 1802 1244 vitrioli

410 1255 562 1290 calcinati
581 1255 633 1289 die
647 1269 676 1291 12
689 1257 803 1289 Martii
820 1253 882 1290 vafi
898 1254 1222 1301 metallicoimposuit
1234 1283 1245 1297 ‚
1265 1265 1334 1303 quae
1353 1254 1404 1289 sex
1422 1253 1573 1289 mensium
1591 1255 1693 1303 spatio
1717 1257 1802 1293 ultra

411 1305 572 1338 decimam
583 1303 626 1338 sui
640 1304 790 1350 ponderis
806 1305 1117 1351 partemincrevere.
1131 1305 1181 1338 Sic
1199 1302 1368 1338 marcasitae
1383 1302 1546 1338 vitriolicae
1557 1304 1627 1338 duae
1649 1308 1749 1340 unicae
1768 1309 1802 1342 in

412 1364 519 1401 partes
546 1352 678 1388 concisae
700 1353 769 1401 post
789 1366 809 1394 7
829 1351 1052 1388 hebdomadas
1074 1366 1109 1387 12
1122 1355 1229 1400 granis
1247 1353 1345 1387 auc'lzae
1362 1352 1443 1387 sunt.
1468 1353 1565 1388 Anno
1581 1352 1741 1401 superiore
1756 1357 1801 1392 D.

412 1401 589 1436 Boitrdelin
602 1404 636 1436 in
649 1403 755 1451 Regia
771 1401 948 1436 Academia
958 1414 1015 1450 per
1038 1416 1086 1447 40
1103 1402 1170 1435 dies
1186 1414 1214 1445 13
1243 1403 1348 1435 uncias
1363 1401 1519 1436 limatura:
1547 1401 1694 1450 chalybis
1719 1406 1802 1452 aqu&

411 1449 604 1498 consperfit3
627 1451 695 1499 post
711 1464 750 1496 14
770 1449 1011 1495 imbibitioneS,
1026 1462 1062 1485 ut
1080 1451 1275 1497 loquuntur,
1294 1449 1442 1485 limatura
1455 1462 1522 1484 non
1540 1451 1678 1499 amplius
1705 1455 1802 1488 aneta

412 1500 458 1534 est
471 1500 625 1548 pondere.
636 1502 722 1534 Intra
732 1513 770 1547 54
784 1499 878 1534 boras
896 1499 1021 1535 duabus
1035 1501 1135 1534 unciis
1148 1502 1276 1548 gravior
1286 1497 1373 1533 faeta
1387 1498 1499 1533 fuerat.
1519 1501 1562 1533 Ex
1580 1512 1645 1547 quo
1659 1501 1800 1549 primum

410 1548 597 1584 made-faeta
608 1549 661 1591 est,
671 1561 737 1583 non
749 1548 955 1583 mediocriter
966 1549 1151 1591 incaluit‚&
1160 1548 1246 1582 calor
1256 1560 1313 1597 per
1324 1552 1357 1585 18
1367 1547 1460 1583 horas
1471 1547 1531 1582 fuit
1542 1546 1802 1586 senfibilisffan-

411 1598 487 1632 dem
503 1610 560 1646 per
571 1597 620 1633 sex
631 1598 698 1631 dies
711 1597 860 1632 limatura
874 1596 1026 1632 exsiccata
1038 1596 1067 1631 se
1095 1608 1160 1632 tem
1179 1596 1249 1631 fere
1266 1600 1428 1632 unciarum
1443 1597 1588 1644 pondere
1606 1602 1699 1635 aueka
1715 1601 1800 1636 fuit:

413 1650 445 1682 18
458 1649 557 1681 unciae
573 1646 734 1681 distillatae
747 1647 822 1681 duas
841 1649 947 1682 uncias
966 1659 1040 1681 cum
1058 1611 1180 1681 AEmiffe
1195 1645 1326 1692 liquoris
1344 1645 1500 1694 cujusdam
1515 1645 1644 1681 sulfurei
1659 1647 1802 1697 praebue-

412 1707 485 1729 runt
498 1708 589 1730 :nam
600 1708 716 1743 aquam
735 1694 896 1730 sublimati
908 1697 1118 1744 praecipitavit
1138 1723 1147 1737 ‚
1166 1700 1199 1732 δέ
1216 1694 1336 1744 spiritui
1350 1694 1418 1729 salis
1431 1692 1528 1728 affusa
1546 1695 1681 1732 multum
1701 1697 1801 1733 effer-

412 1743 483 1777 buit
499 1761 507 1787 3
524 1743 668 1792 seriaqua
683 1743 780 1779 salem
797 1744 964 1779 volatilem
980 1744 1058 1779 ferri
1078 1742 1180 1779 secum
1198 1746 1340 1793 rapuerit
1355 1760 1363 1787 3
1382 1743 1434 1779 seu
1445 1742 1486 1777 ab
1502 1755 1576 1778 aere
1597 1744 1681 1781 hunc
1696 1750 1800 1782 nitro-

408 1791 478 1826 sum
495 1792 591 1828 salem
610 1793 747 1827 hauserit
759 1822 768 1836 ‚
784 1806 850 1828 non
862 1795 1001 1829 excutio.

449 1844 581 1888 Qianta
596 1840 630 1876 sir.
650 1844 698 1875 vis
713 1844 793 1876 aeris
806 1845 837 1875 in
859 1841 922 1875 haec
934 1841 1121 1884 mineralia‚
1147 1853 1185 1875 ex
1207 1842 1269 1876 hoc
1286 1854 1417 1888 quoque
1439 1846 1661 1890 experimento
1685 1842 1799 1890 liquet,

409 1891 499 1935 quod
513 1890 592 1923 teste
604 1888 708 1923 nobili
719 1890 825 1937 Anglo
836 1902 912 1924 mox
923 1890 1196 1937 laudato‚cuprum
1212 1889 1321 1938 spiritu
1339 1890 1405 1924 salis
1418 1889 1601 1926 dilsolutum
1613 1920 1621 1934 ,
1636 1904 1706 1926 cum
1718 1893 1801 1928 ctas-

408 1937 475 1972 sum
487 1943 519 1974 &
532 1936 693 1972 turbidum
703 1949 855 1984 appareat
866 1967 875 1980 ,
900 1949 1009 1972 tamen
1030 1938 1087 1972 ubi
1103 1941 1167 1971 aeri
1187 1941 1375 1986 exponitur,
1393 1940 1528 1974 viridem
1555 1946 1587 1977 &
1608 1952 1734 1988 gratum
1745 1955 1800 1977 co-

410 1986 513 2020 lorem
532 1989 675 2033 acquirat
689 2015 698 2029 ,
725 1986 801 2020 licet
826 1986 913 2021 nulla
935 1986 991 2021 fiat
1010 1989 1234 2034 praecipitatio.
1257 1988 1358 2035 idque
1374 1987 1564 2024 luculentius
1583 2001 1717 2038 apparet
1726 2002 1799 2027 cum

409 2034 616 2070 sublimatum
634 2063 643 2078 ‚
664 2047 798 2082 cuprum
814 2041 845 2071 δέ
858 2034 984 2083 spiritus
995 2033 1063 2070 salis
1083 2048 1156 2083 apta
1169 2039 1380 2084 proportione
1394 2036 1585 2074 miscentur:
1604 2052 1680 2073 nam
1689 2040 1800 2074 mistu-

411 2096 444 2118 ra
456 2083 614 2119 lutulenta
626 2084 668 2117 est
682 2089 714 2120 δι
726 2081 1033 2131 subrubra,quandiu
1049 2084 1176 2119 occluso
1187 2085 1258 2120 vase
1270 2088 1460 2121 continetur:
1478 2086 1534 2121 ubi
1550 2089 1581 2121 in
1593 2086 1733 2134 phialam
1749 2088 1800 2124 ef.

411 2133 556 2168 funditur
570 2161 580 2175 ‚
603 2137 636 2168 &
654 2134 719 2166 aeri
731 2136 903 2180 exponitur
917 2146 1060 2180 ‚gratum
1078 2139 1110 2170 ἃ
1122 2133 1355 2182 smaragdinum
1372 2147 1434 2182 prce
1451 2135 1481 2169 se
1493 2135 1557 2170 fert
1570 2135 1713 2171 colorem
1725 2154 1734 2180 3
1749 2138 1798 2172 id-

410 2195 474 2230 que
485 2193 520 2217 ut
531 2181 655 2216 dietum
670 2181 714 2215 est
725 2209 734 2223 ,
746 2183 825 2215 citra
834 2181 928 2216 ullius
939 2185 1081 2216 materiae
1099 2194 1209 2216 veram
1224 2185 1521 2231 praecipitationem.

436 2233 515 2280 Jam
526 2241 561 2277 ut
572 2230 610 2263 ad
622 2230 799 2265 institutum
814 2231 955 2264 nostrum
965 2232 1130 2266 redeamus
1140 2260 1148 2273 ,
1171 2245 1236 2266 non
1254 2231 1329 2266 sales
1352 2231 1451 2266 modo
1465 2231 1587 2268 fossiles
1601 2262 1609 2275 ,
1627 2246 1662 2269 ut
1682 2237 1797 2270 vitrio-

407 2281 475 2314 lum
491 2281 627 2322 ,nitrum
641 2306 651 2321 ,
672 2291 828 2325 aquarum
844 2279 1078 2314 sortiumfaeces
1091 2310 1100 2323 ‚
1120 2280 1248 2315 alumen
1262 2287 1295 2317 δε
1309 2281 1370 2315 alia
1384 2281 1474 2327 hujus
1494 2285 1620 2330 generis
1632 2312 1641 2325 ‚
1661 2282 1711 2318 sed
1727 2296 1797 2319 me-

409 2328 523 2362 tallicae
535 2331 634 2362 etiam
643 2327 747 2375 glebae
762 2327 817 2362 suis
827 2328 964 2362 metallis
983 2341 1082 2363 exutae
1100 2332 1190 2364 novis
1200 2328 1330 2364 subinde
1345 2328 1482 2364 metallis
1500 2331 1656 2367 foetantur
1670 2346 1678 2366 τ
1694 2344 1728 2367 ut
1743 2332 1796 2367 fo-

406 2378 498 2412 'dinae
508 2378 611 2412 stanni
625 2382 658 2414 &
669 2376 795 2426 plumbi
805 2379 838 2414 in
848 2377 965 2426 Anglia
975 2406 984 2422 ‚
1001 2383 1034 2415 δε
1047 2379 1117 2413 aliis
1132 2380 1165 2413 in
1175 2378 1253 2414 locis
1273 2379 1352 2414 teste
1364 2377 1500 2426 ssoyli03
1520 2379 1595 2415 ferri
1613 2382 1740 2417 minerae
1753 2384 1795 2418 -in
