1878 2724
385 141 805 196 TRA‘CfMTth
848 142 1180 185 SECUNDUS.
1429 164 1484 198 ¹45

600 240 630 277 c
660 241 689 276 A
715 241 740 275 Ρ
773 240 811 277 U
848 243 880 280 τ
932 245 956 281 1.

465 341 534 389 Qae
549 339 595 387 fit
613 341 706 387 cauſsa
719 339 875 388 descenfits
889 344 1048 390 gravium

126 453 134 475 i
162 440 215 477 Tfi
229 442 392 491 proximus
403 441 555 476 traaatus
573 438 772 487 explicandis
783 436 994 487 qualitatibus
1012 438 1185 475 destinatur
1198 468 1208 483 ,
1241 455 1306 478 uon
1322 441 1482 492 possumus

89 443 273 529 Etamen
285 491 325 525 de
337 501 432 525 motu
443 501 549 524 tetum
560 489 707 537 gravium
719 516 729 531 ‚
743 500 779 523 ut
813 501 846 522 ar
857 488 901 522 est
917 516 927 531 ‚
949 485 1098 522 disserere
1108 516 1118 531 ,
1132 491 1212 536 quin
1223 491 1264 526 de
1274 491 1357 527 illius
1377 495 1482 538 causa,

86 539 141 577 seu
152 542 191 575 de
210 544 372 589 gravitate
391 539 626 576 antedicamus
645 551 652 573 :
679 501 810 571 tametsi3
823 537 928 572 fateor
948 536 1041 584 hujus
1060 539 1171 573 motfis
1189 539 1314 576 causam
1334 553 1389 576 aut
1400 555 1481 590 qua-

87 589 214 627 litatem
231 590 316 624 adeo
330 587 391 624 effe
405 583 576 624 abstrusam
587 615 598 630 ,
621 597 658 620 ut
677 584 763 621 nulla
782 585 852 621 fere
875 584 910 621 fit
927 585 1083 620 occultior
1098 615 1108 629 ‚
1128 600 1373 638 necquicquam
1386 592 1428 625 de
1445 593 1467 628 il

87 639 147 675 lius
162 650 277 675 natura
291 640 372 672 certi
380 647 437 672 aut
451 635 610 685 explorati
621 634 716 670 nobis
729 637 864 673 constet.
877 635 980 693 Qod
994 637 1082 671 enim
1093 637 1269 674 Thomistae
1283 640 1401 675 volunt
1412 654 1481 690 gra-

86 701 131 725 ve
145 691 168 724 ὲ
183 697 362 736 generante
381 697 510 722 motum
528 683 617 721 suum
633 688 771 722 mutuari
785 715 794 729 ,
812 688 930 721 merito
944 683 964 721 ὲ
980 686 1102 729 Scoto,
1124 692 1157 724 ὃ(
1179 690 1340 738 Gregorio
1361 692 1482 725 Arimi-

86 735 176 774 nenfi
199 736 234 771 id
251 737 393 785 rejicitur
405 765 416 780 ,
439 747 514 771 cum
533 733 668 771 effeetus
686 735 726 770 ad
740 734 866 771 causam
878 748 950 783 quae
975 734 1059 770 nihil
1072 737 1207 784 amplius
1230 738 1363 774 molitur
1379 744 1412 777 &
1428 739 1482 775 sae-

84 797 129 836 pe
143 790 211 834 jam
224 787 368 822 extin&a
379 785 424 820 est
439 814 449 829 ,
470 784 583 820 referti
594 797 662 820 non
673 783 774 833 poffit.
798 787 809 819 1
815 797 913 833 taque
931 796 967 819 ut
978 796 1092 834 corpus
1101 789 1297 835 gravitatem
1318 787 1416 833 suam,
1426 801 1483 825 aut

84 835 230 871 formam
243 864 253 879 ‚
267 848 338 883 quae
351 834 540 883 fortehnjus
552 834 661 871 motus
674 835 717 869 est
737 837 930 884 principium
949 863 958 879 ‚
976 834 1053 869 inde
1069 838 1252 885 acceperit,
1274 849 1385 874 tamen
1409 852 1481 874 mo-

86 893 158 921 tum
177 883 284 933 ipsum
295 884 427 920 aliunde
443 895 610 919 mutuetur
625 883 750 920 neceffe
767 885 821 920 est.

88 963 91 965 ,
119 936 235 981 Itaque
245 932 383 984 vulgaris
401 935 515 982 opinio
525 930 703 983 est‘corpus
717 945 816 982 grave
829 932 850 969 ὲ
870 932 920 968 sua
936 932 1044 968 forma
1059 960 1070 977 ‚
1085 942 1142 969 aut
1156 935 1264 983 potius
1284 934 1304 971 ὲ
1321 936 1481 985 qualitate

82 984 227 1031 quadam
251 985 482 1033 quae‘gravitas
503 984 683 1026 vocitatur,
702 982 854 1019 deorsum
876 982 963 1018 fetri.
988 985 1106 1031 Neque
1118 983 1200 1018 hanc
1219 987 1410 1033 opinionem
1429 1000 1482 1023 re-

82 1031 338 1081 prehendimus:
363 1032 420 1068 sed·
428 1033 464 1067 id
486 1043 597 1068 tamen
612 1031 785 1068 intelleem
806 1033 852 1068 est
867 1029 1002 1067 difficile
1021 1033 1194 1080 quomodo
1211 1033 1317 1070 forma
1334 1036 1390 1071 illa
1408 1050 1481 1072 om,

81 1083 132 1116 nis
143 1081 253 1116 motus
262 1080 301 1117 fit
308 1081 421 1131 opifex
431 1110 441 1125 ,
456 1092 513 1116 aut
528 1094 596 1129 quo
614 1082 766 1118 instine’m
780 1084 811 1118 ‘n
832 1093 924 1117 tetrae
941 1092 1091 1117 centrum
1109 1084 1311 1130 propendeat
1326 1102 1335 1129 3
1353 1087 1430 1133 quid
1443 1085 1479 1122 fit

82 1129 138 1164 illa
155 1130 295 1178 qualitas
303 1132 396 1180 gravi
408 1132 727 1179 corpotiffcongenita
738 1160 748 1176 ,
768 1095 1021 1180 {laage-uetante
1037 1130 1205 1178 profeCm3
1227 1133 1306 1179 quid
1323 1134 1411 1170 illam
1424 1147 1480 1170 ex-

82 1180 163 1214 citet
182 1195 192 1223 ς
217 1192 355 1227 cumque
372 1191 487 1229 corpus
505 1191 596 1215 extra
609 1191 727 1215 terram
738 1178 877 1229 politum
888 1181 931 1215 est
943 1208 953 1223 ,
969 1180 1049 1226 quid
1063 1192 1137 1215 eam
1152 1179 1197 1214 sui
1210 1185 1351 1217 muneris
1362 1185 1477 1219 admo-

81 1238 185 1267 neat?
213 1228 397 1276 Qomodo
421 1230 534 1274 ingens
558 1240 674 1277 corpus
697 1229 718 1264 a
745 1242 780 1264 re
802 1233 875 1265 tam
893 1228 984 1272 levi,
1014 1239 1106 1263 tanto
1128 1230 1253 1277 impetu
1282 1244 1477 1269 moveatur?

82 1276 174 1325 Qd
195 1277 335 1326 denique
354 1288 483 1312 motum
508 1280 658 1326 gravium
682 1278 866 1321 acceleret,
891 1276 912 1313 fi
932 1276 1047 1312 eadem
1073 1276 1164 1312 causa
1179 1307 1188 1321 ,
1209 1278 1324 1314 eadem
1351 1280 1479 1330 semper

80 1338 216 1361 maneat
232 1326 390 1375 qualitas,
418 1339 490 1375 quae
510 1327 629 1363 eodem
642 1327 745 1364 modo
763 1326 927 1377 applicata
943 1326 1085 1362 eundem
1108 1339 1279 1375 procreare
1302 1329 1403 1366 debet
1424 1332 1475 1367 ef-

80 1374 213 1412 fectum.

117 1425 158 1459 Et
179 1436 288 1459 tamen
309 1425 528 1459 recentiorum
540 1425 711 1472 opiniones
730 1424 876 1460 lustranti
894 1436 960 1460 non
973 1422 1058 1460 aliud
1078 1424 1149 1460 fere
1161 1429 1300 1462 occurrit
1318 1427 1476 1476 probabi-

80 1471 142 1509 li‘us
155 1475 352 1522 :eaequippe
363 1484 452 1508 tanta
463 1471 535 1508 sunt
551 1475 583 1508 in
595 1475 754 1509 varietate
764 1474 948 1510 constitutae
961 1501 971 1516 ,
982 1484 1018 1508 ut
1028 1475 1072 1508 ‘iis
1089 1474 1227 1510 forte-fit
1246 1477 1475 1524 accedendum,

79 1524 139 1570 qui
147 1525 315 1571 gravitatis
331 1520 456 1557 causam
475 1521 495 1557 ὲ
512 1520 608 1557 nobis
628 1534 748 1570 negant
765 1525 903 1559 inveniri
916 1521 1022 1570 poffe:
1041 1525 1129 1571 quod
1144 1524 1242 1559 nobis
1268 1526 1346 1562 desit
1369 1527 1473 1563 sensus

81 1573 228 1619 proprius
241 1600 250 1614 ,
264 1583 386 1618 atque,
405 1582 443 1605 ut
452 1573 542 1616 aiunt
554 1599 564 1613 ,
588 1570 751 1619 specificas
770 1571 843 1605 huic
864 1572 1014 1618 qualitati
1031 1574 1265 1619 percipiendae:
1285 1587 1320 1610 ut
1336 1580 1394 1623 qui
1413 1590 1475 1611 cae„

81 1631 134 1654 cus
152 1616 306 1654 natusest
317 1649 326 1663 ,
349 1632 420 1667 quae
432 1618 469 1653 sit
483 1618 629 1654 colorum
648 1631 762 1655 natura
778 1631 818 1655 ne
829 1619 978 1669 suspicari
991 1620 1123 1667 quidem
1134 1622 1252 1668 potest.

126 1670 257 1703 Omnes
269 1680 368 1716 porto
383 1681 457 1703 cum
477 1678 624 1703 veterum
638 1696 647 1711 ‚
673 1680 741 1704 tum
767 1671 984 1705 recentiorum
1008 1670 1201 1717 opinioneS‚
1225 1671 1264 1705 ad
1295 1672 1358 1707 duo
1381 1673 1474 1709 velut

80 1715 201 1752 summa
212 1721 317 1766 capita
332 1715 595 1765 refertipoffunt.
631 1719 655 1751 Ii
678 1720 803 1765 quippe
830 1720 1024 1766 principium
1046 1717 1137 1767 liujus
1155 1720 1264 1754 motus
1283 1721 1337 1755 vel
1356 1724 1388 1756 in
1404 1723 1472 1772 ipso

79 1777 217 1814 corpore
242 1767 436 1801 constituunt
444 1779 456 1808 ¹,
473 1765 527 1800 vel
543 1764 620 1800 foris
639 1764 794 1802 arcelliint
809 1780 817 1802 ε
843 1766 907 1802 five
917 1767 950 1803 hi
964 1769 1076 1815 gravia
1089 1768 1109 1802 a
1125 1779 1208 1801 terra
1235 1770 1316 1803 trahi
1335 1782 1451 1819 putent
1462 1802 1471 1815 ,

80 1825 116 1849 ut
129 1813 301 1850 Gaffendus
322 1844 331 1858 ‚
353 1814 417 1850 sive
437 1813 458 1850 a
476 1813 585 1849 subtili
600 1828 737 1864 corpore
762 1816 910 1865 impelli,
927 1828 964 1852 ut
982 1815 1138 1852 Cartefius
1155 1834 1164 1861 3
1181 1814 1244 1853 five
1271 1830 1309 1853 ex
1337 1832 1472 1869 utraque

79 1862 236 1900 sententia
246 1866 358 1901 media
368 1864 523 1913 quaedam
534 1863 688 1915 exsurgat.
708 1867 757 1901 Sit
771 1867 882 1913 itaque
897 1880 900 1883 ’

571 2004 575 2008 ,
614 1964 723 2000 Prima
748 1963 938 2010 Conclusio„-

111 2059 400 2107 Peripateticorum
420 2060 577 2098 sententia
590 2091 598 2106 ‚
612 2075 681 2110 quae
688 2061 733 2096 ab
747 2062 921 2099 intrinseco
933 2064 1093 2113 principio
1103 2067 1215 2113 gravia
1225 2078 1362 2115 corpora
1374 2067 1468 2102 deor>⁴

80 2108 148 2144 sum
165 2107 240 2143 ferti
257 2109 411 2147 decernit,
430 2121 467 2159 ut
479 2110 655 2158 probabi-lis
671 2111 804 2147 defendi
815 2112 934 2162 potest.

115 2159 212 2193 Hanc
228 2160 416 2206 opinionem
439 2157 516 2194 licet
527 2173 593 2195 non
602 2161 683 2195 adeo
696 2173 836 2206 certam,
853 2163 986 2198 defendi
1001 2162 1087 2211 poffe
1114 2164 1271 2198 credimus
1285 2194 1294 2207 ‚
1317 2164 1466 2200 dummo,

80 2207 124 2241 do
141 2207 236 2254 paulo
253 2206 440 2255 diligentius
452 2208 640 2256 explicetur,
658 2212 799 2245 Primum
813 2212 948 2259 quidem
967 2215 1022 2247 vix
1053 2212 1120 2247 ulla
1136 2216 1272 2247 occurrit
1298 2214 1387 2248 causa
1410 2226 1465 2248 ex-

80 2255 213 2291 trinseca
230 2258 282 2291 cui
294 2268 402 2291 motus
413 2269 584 2305 corporum
598 2261 742 2305 gravium
761 2259 874 2294 referri
891 2273 1001 2308 queat.
1021 2264 1100 2297 Non
1116 2260 1234 2309 pressio
1246 2263 1327 2295 aeris
1345 2263 1467 2297 incum-

79 2303 198 2341 bentis.
213 2308 302 2341 Nam
319 2308 351 2340 in
370 2306 519 2341 machina
534 2309 758 2355 pneumatica,
783 2308 823 2342 de
833 2322 896 2356 qua
908 2311 1016 2358 postea
1028 2339 1037 2353 ,
1050 2309 1200 2344 exhausto
1214 2322 1286 2343 aere
1300 2310 1466 2345 citiusdes-

80 2354 224 2389 cendunt
236 2354 290 2389 vel
300 2353 458 2389 levissima
470 2367 606 2403 quaeque
624 2369 757 2405 corpora
776 2384 785 2397 ‚
797 2369 896 2401 quarn
912 2371 981 2405 quae
996 2358 1063 2393 sunt
1074 2357 1258 2404 gravissima
1278 2360 1309 2394 in
1329 2371 1401 2394 aere
1425 2359 1465 2394 li'..

81 2400 160 2437 bero
178 2403 430 2487 dsscidaiileec
462 2404 549 2440 forte
565 2404 686 2442 subtilis
711 2411 744 2443 &
767 2405 908 2441 aetherea
929 2406 1102 2443 substantia
1117 2406 1335 2492 Cartesii‚Tut
1355 2409 1464 2457 postea

229 2465 288 2488 om.
357 2477 365 2486 ο

504 2563 518 2576 h
