<?xml version="1.0" encoding="UTF-8"?>
<!DOCTYPE html PUBLIC "-//W3C//DTD XHTML 1.0 Transitional//EN"
    "http://www.w3.org/TR/xhtml1/DTD/xhtml1-transitional.dtd">
<html xmlns="http://www.w3.org/1999/xhtml" xml:lang="en" lang="en">
 <head>
  <title>
</title>
<meta http-equiv="Content-Type" content="text/html;charset=utf-8" />
  <meta name='ocr-system' content='tesseract 3.04.00' />
  <meta name='ocr-capabilities' content='ocr_page ocr_carea ocr_par ocr_line ocrx_word'/>
</head>
<body>
  <div class='ocr_page' id='page_1' title='image "./philosophiavetus02duhauoft_0260.png"; bbox 0 0 1878 2724; ppageno 0'>
   <div class='ocr_carea' id='block_1_1' title="bbox 355 114 1759 706">
    <p class='ocr_par' dir='ltr' id='par_1_1' title="bbox 361 114 1159 166">
     <span class='ocr_line' id='line_1_1' title="bbox 361 114 1159 166; baseline 0.001 -16"><span class='ocrx_word' id='word_1_1' title='bbox 361 120 433 166; x_wconf 66' lang='lat'>548</span> <span class='ocrx_word' id='word_1_2' title='bbox 855 115 882 151; x_wconf 78' lang='lat'>1&gt;</span> <span class='ocrx_word' id='word_1_3' title='bbox 898 116 932 150; x_wconf 90' lang='lat' dir='ltr'>H</span> <span class='ocrx_word' id='word_1_4' title='bbox 949 115 980 150; x_wconf 91' lang='lat' dir='ltr'>Y</span> <span class='ocrx_word' id='word_1_5' title='bbox 998 115 1048 151; x_wconf 79' lang='lat'>81</span> <span class='ocrx_word' id='word_1_6' title='bbox 1069 114 1102 152; x_wconf 91' lang='lat' dir='ltr'>C</span> <span class='ocrx_word' id='word_1_7' title='bbox 1120 118 1159 151; x_wconf 84' lang='lat' dir='ltr'>AE</span> 
     </span>
    </p>

    <p class='ocr_par' dir='ltr' id='par_1_2' title="bbox 355 160 1759 706">
     <span class='ocr_line' id='line_1_2' title="bbox 360 160 1756 216; baseline 0 -11"><span class='ocrx_word' id='word_1_8' title='bbox 360 172 442 205; x_wconf 86' lang='lat' dir='ltr'>tiam</span> <span class='ocrx_word' id='word_1_9' title='bbox 451 165 596 204; x_wconf 89' lang='lat' dir='ltr'>hocloco</span> <span class='ocrx_word' id='word_1_10' title='bbox 610 163 743 201; x_wconf 82' lang='lat' dir='ltr'>insinuat</span> <span class='ocrx_word' id='word_1_11' title='bbox 751 160 860 198; x_wconf 87' lang='lat' dir='ltr'>Moses</span> <span class='ocrx_word' id='word_1_12' title='bbox 874 190 884 206; x_wconf 85' lang='lat'><strong>,</strong></span> <span class='ocrx_word' id='word_1_13' title='bbox 896 161 974 198; x_wconf 69' lang='lat' dir='ltr'>cum</span> <span class='ocrx_word' id='word_1_14' title='bbox 982 166 1096 200; x_wconf 73' lang='lat' dir='ltr'>cuneta</span> <span class='ocrx_word' id='word_1_15' title='bbox 1107 165 1212 201; x_wconf 88' lang='lat' dir='ltr'>verbo</span> <span class='ocrx_word' id='word_1_16' title='bbox 1225 169 1259 203; x_wconf 68' lang='grc' dir='ltr'>δι</span> <span class='ocrx_word' id='word_1_17' title='bbox 1267 163 1347 214; x_wconf 67' lang='lat' dir='ltr'>Jussu</span> <span class='ocrx_word' id='word_1_18' title='bbox 1357 166 1473 202; x_wconf 80' lang='lat' dir='ltr'>divino</span> <span class='ocrx_word' id='word_1_19' title='bbox 1482 178 1649 216; x_wconf 83' lang='lat' dir='ltr'>procreata</span> <span class='ocrx_word' id='word_1_20' title='bbox 1658 168 1756 204; x_wconf 72' lang='lat' dir='ltr'>tes‘r&#39;a-⁴</span> 
     </span>
     <span class='ocr_line' id='line_1_3' title="bbox 361 213 1758 265; baseline -0.001 -11"><span class='ocrx_word' id='word_1_21' title='bbox 361 230 421 255; x_wconf 90' lang='lat' dir='ltr'>tur.</span> <span class='ocrx_word' id='word_1_22' title='bbox 435 217 486 255; x_wconf 88' lang='lat' dir='ltr'>Ab</span> <span class='ocrx_word' id='word_1_23' title='bbox 497 215 564 263; x_wconf 91' lang='lat' dir='ltr'>ipso</span> <span class='ocrx_word' id='word_1_24' title='bbox 574 216 696 249; x_wconf 86' lang='lat' dir='ltr'>lumine</span> <span class='ocrx_word' id='word_1_25' title='bbox 710 215 798 248; x_wconf 89' lang='lat' dir='ltr'>Deus</span> <span class='ocrx_word' id='word_1_26' title='bbox 814 213 942 247; x_wconf 86' lang='lat' dir='ltr'>initium</span> <span class='ocrx_word' id='word_1_27' title='bbox 955 215 1043 261; x_wconf 85' lang='lat' dir='ltr'>capit</span> <span class='ocrx_word' id='word_1_28' title='bbox 1053 230 1063 257; x_wconf 77' lang='lat'>3</span> <span class='ocrx_word' id='word_1_29' title='bbox 1075 213 1198 249; x_wconf 85' lang='lat' dir='ltr'>nullum</span> <span class='ocrx_word' id='word_1_30' title='bbox 1210 226 1289 262; x_wconf 89' lang='lat' dir='ltr'>opus</span> <span class='ocrx_word' id='word_1_31' title='bbox 1299 215 1484 263; x_wconf 79' lang='lat' dir='ltr'>aggreditur</span> <span class='ocrx_word' id='word_1_32' title='bbox 1495 244 1506 259; x_wconf 88' lang='lat'>,</span> <span class='ocrx_word' id='word_1_33' title='bbox 1525 215 1582 251; x_wconf 86' lang='lat' dir='ltr'>nisi</span> <span class='ocrx_word' id='word_1_34' title='bbox 1599 218 1689 265; x_wconf 91' lang='lat' dir='ltr'>quod</span> <span class='ocrx_word' id='word_1_35' title='bbox 1707 221 1758 254; x_wconf 54' lang='lat' dir='ltr'>in*</span> 
     </span>
     <span class='ocr_line' id='line_1_4' title="bbox 359 260 1755 316; baseline -0.002 -15"><span class='ocrx_word' id='word_1_36' title='bbox 359 277 521 316; x_wconf 79' lang='lat' dir='ltr'>coeperat,</span> <span class='ocrx_word' id='word_1_37' title='bbox 533 262 681 297; x_wconf 84' lang='lat' dir='ltr'>absoluto</span> <span class='ocrx_word' id='word_1_38' title='bbox 694 277 703 305; x_wconf 77' lang='lat'><em>3</em></span> <span class='ocrx_word' id='word_1_39' title='bbox 718 260 760 295; x_wconf 91' lang='lat' dir='ltr'>ab</span> <span class='ocrx_word' id='word_1_40' title='bbox 776 262 811 295; x_wconf 83' lang='lat' dir='ltr'>iis</span> <span class='ocrx_word' id='word_1_41' title='bbox 823 272 896 309; x_wconf 84' lang='lat' dir='ltr'>quae</span> <span class='ocrx_word' id='word_1_42' title='bbox 906 260 975 296; x_wconf 85' lang='lat' dir='ltr'>sunt</span> <span class='ocrx_word' id='word_1_43' title='bbox 982 261 1228 311; x_wconf 59' lang='lat' dir='ltr'>imperfectiora</span> <span class='ocrx_word' id='word_1_44' title='bbox 1242 263 1281 296; x_wconf 90' lang='lat' dir='ltr'>ad</span> <span class='ocrx_word' id='word_1_45' title='bbox 1293 263 1488 311; x_wconf 66' lang='lat' dir='ltr'>perfee’tiora</span> <span class='ocrx_word' id='word_1_46' title='bbox 1502 263 1612 300; x_wconf 86' lang='lat' dir='ltr'>sensim</span> <span class='ocrx_word' id='word_1_47' title='bbox 1622 278 1755 316; x_wconf 80' lang='lat' dir='ltr'>progre-</span> 
     </span>
     <span class='ocr_line' id='line_1_5' title="bbox 360 308 1754 363; baseline -0.001 -12"><span class='ocrx_word' id='word_1_48' title='bbox 360 316 447 350; x_wconf 86' lang='lat' dir='ltr'>ditur</span> <span class='ocrx_word' id='word_1_49' title='bbox 458 342 467 357; x_wconf 87' lang='lat'>‚</span> <span class='ocrx_word' id='word_1_50' title='bbox 483 324 551 347; x_wconf 87' lang='lat' dir='ltr'>rem</span> <span class='ocrx_word' id='word_1_51' title='bbox 562 311 684 346; x_wconf 87' lang='lat' dir='ltr'>nullam</span> <span class='ocrx_word' id='word_1_52' title='bbox 697 309 753 347; x_wconf 83' lang='lat' dir='ltr'>nisi</span> <span class='ocrx_word' id='word_1_53' title='bbox 770 321 861 345; x_wconf 88' lang='lat' dir='ltr'>certo</span> <span class='ocrx_word' id='word_1_54' title='bbox 878 308 934 346; x_wconf 89' lang='lat' dir='ltr'>fini</span> <span class='ocrx_word' id='word_1_55' title='bbox 949 310 1141 346; x_wconf 86' lang='lat' dir='ltr'>destinatam</span> <span class='ocrx_word' id='word_1_56' title='bbox 1156 322 1264 356; x_wconf 79' lang='lat' dir='ltr'>creat3</span> <span class='ocrx_word' id='word_1_57' title='bbox 1280 310 1447 349; x_wconf 86' lang='lat' dir='ltr'>hominem</span> <span class='ocrx_word' id='word_1_58' title='bbox 1461 342 1471 357; x_wconf 86' lang='lat'>‚</span> <span class='ocrx_word' id='word_1_59' title='bbox 1487 325 1523 349; x_wconf 91' lang='lat' dir='ltr'>ut</span> <span class='ocrx_word' id='word_1_60' title='bbox 1534 326 1612 363; x_wconf 89' lang='lat' dir='ltr'>opus</span> <span class='ocrx_word' id='word_1_61' title='bbox 1624 315 1754 351; x_wconf 82' lang='lat' dir='ltr'>absolu-</span> 
     </span>
     <span class='ocr_line' id='line_1_6' title="bbox 360 357 1759 408; baseline -0.004 -9"><span class='ocrx_word' id='word_1_62' title='bbox 360 363 511 399; x_wconf 74' lang='lat' dir='ltr'>tissimum</span> <span class='ocrx_word' id='word_1_63' title='bbox 523 372 671 396; x_wconf 85' lang='lat' dir='ltr'>extremo</span> <span class='ocrx_word' id='word_1_64' title='bbox 686 360 819 396; x_wconf 89' lang='lat' dir='ltr'>tandem</span> <span class='ocrx_word' id='word_1_65' title='bbox 837 359 910 394; x_wconf 87' lang='lat' dir='ltr'>loco</span> <span class='ocrx_word' id='word_1_66' title='bbox 933 357 1046 397; x_wconf 84' lang='lat' dir='ltr'>efficit.</span> <span class='ocrx_word' id='word_1_67' title='bbox 1067 363 1177 408; x_wconf 85' lang='lat' dir='ltr'>Atque</span> <span class='ocrx_word' id='word_1_68' title='bbox 1199 364 1267 407; x_wconf 75' lang='lat' dir='ltr'>eJus</span> <span class='ocrx_word' id='word_1_69' title='bbox 1285 359 1521 398; x_wconf 78' lang='lat' dir='ltr'>formationem</span> <span class='ocrx_word' id='word_1_70' title='bbox 1538 365 1582 398; x_wconf 69' lang='lat' dir='ltr'>ita</span> <span class='ocrx_word' id='word_1_71' title='bbox 1602 364 1759 400; x_wconf 65' lang='lat' dir='ltr'>describit</span> 
     </span>
     <span class='ocr_line' id='line_1_7' title="bbox 359 408 1754 460; baseline 0.001 -14"><span class='ocrx_word' id='word_1_72' title='bbox 359 410 469 448; x_wconf 89' lang='lat' dir='ltr'>Moses</span> <span class='ocrx_word' id='word_1_73' title='bbox 481 439 491 455; x_wconf 91' lang='lat'>,</span> <span class='ocrx_word' id='word_1_74' title='bbox 500 421 536 445; x_wconf 90' lang='lat' dir='ltr'>ut</span> <span class='ocrx_word' id='word_1_75' title='bbox 549 409 656 458; x_wconf 89' lang='lat' dir='ltr'>palam</span> <span class='ocrx_word' id='word_1_76' title='bbox 668 409 766 444; x_wconf 90' lang='lat' dir='ltr'>faciat</span> <span class='ocrx_word' id='word_1_77' title='bbox 777 420 922 443; x_wconf 84' lang='lat' dir='ltr'><strong>mentem</strong></span> <span class='ocrx_word' id='word_1_78' title='bbox 937 408 1114 445; x_wconf 81' lang='lat' dir='ltr'>humanam</span> <span class='ocrx_word' id='word_1_79' title='bbox 1131 422 1198 446; x_wconf 85' lang='lat' dir='ltr'>non</span> <span class='ocrx_word' id='word_1_80' title='bbox 1209 421 1247 444; x_wconf 88' lang='lat' dir='ltr'>ex</span> <span class='ocrx_word' id='word_1_81' title='bbox 1260 412 1396 444; x_wconf 87' lang='lat' dir='ltr'>materia</span> <span class='ocrx_word' id='word_1_82' title='bbox 1405 439 1415 454; x_wconf 92' lang='lat'>,</span> <span class='ocrx_word' id='word_1_83' title='bbox 1428 421 1463 445; x_wconf 93' lang='lat' dir='ltr'>ut</span> <span class='ocrx_word' id='word_1_84' title='bbox 1473 410 1677 460; x_wconf 82' lang='lat' dir='ltr'>reliquorum</span> <span class='ocrx_word' id='word_1_85' title='bbox 1689 417 1754 448; x_wconf 87' lang='lat' dir='ltr'>ani-</span> 
     </span>
     <span class='ocr_line' id='line_1_8' title="bbox 359 457 1755 506; baseline 0 -9"><span class='ocrx_word' id='word_1_86' title='bbox 359 460 495 497; x_wconf 85' lang='lat' dir='ltr'>malium</span> <span class='ocrx_word' id='word_1_87' title='bbox 504 458 625 494; x_wconf 76' lang='lat' dir='ltr'>formas</span> <span class='ocrx_word' id='word_1_88' title='bbox 639 459 708 494; x_wconf 86' lang='lat' dir='ltr'>erui</span> <span class='ocrx_word' id='word_1_89' title='bbox 720 487 730 501; x_wconf 91' lang='lat'>‚</span> <span class='ocrx_word' id='word_1_90' title='bbox 747 457 799 492; x_wconf 87' lang='lat' dir='ltr'>sed</span> <span class='ocrx_word' id='word_1_91' title='bbox 811 457 829 493; x_wconf 72' lang='lat' dir='ltr'>a</span> <span class='ocrx_word' id='word_1_92' title='bbox 845 460 921 495; x_wconf 88' lang='lat' dir='ltr'>Deo</span> <span class='ocrx_word' id='word_1_93' title='bbox 936 457 1003 506; x_wconf 89' lang='lat' dir='ltr'>ipso</span> <span class='ocrx_word' id='word_1_94' title='bbox 1019 458 1170 502; x_wconf 85' lang='lat' dir='ltr'>infundi,</span> <span class='ocrx_word' id='word_1_95' title='bbox 1186 463 1220 496; x_wconf 90' lang='lat'>&amp;</span> <span class='ocrx_word' id='word_1_96' title='bbox 1235 461 1337 494; x_wconf 80' lang='lat' dir='ltr'>creari</span> <span class='ocrx_word' id='word_1_97' title='bbox 1348 486 1359 503; x_wconf 88' lang='lat'>,</span> <span class='ocrx_word' id='word_1_98' title='bbox 1376 471 1515 506; x_wconf 86' lang='lat' dir='ltr'>eamque</span> <span class='ocrx_word' id='word_1_99' title='bbox 1531 461 1591 497; x_wconf 81' lang='lat' dir='ltr'>esse</span> <span class='ocrx_word' id='word_1_100' title='bbox 1604 461 1646 496; x_wconf 88' lang='lat' dir='ltr'>ab</span> <span class='ocrx_word' id='word_1_101' title='bbox 1664 464 1755 499; x_wconf 83' lang='lat' dir='ltr'>omni</span> 
     </span>
     <span class='ocr_line' id='line_1_9' title="bbox 359 506 1754 557; baseline 0.001 -12"><span class='ocrx_word' id='word_1_102' title='bbox 359 511 505 545; x_wconf 83' lang='lat' dir='ltr'>materiae</span> <span class='ocrx_word' id='word_1_103' title='bbox 526 509 679 557; x_wconf 82' lang='lat' dir='ltr'>contagio</span> <span class='ocrx_word' id='word_1_104' title='bbox 697 506 848 545; x_wconf 85' lang='lat' dir='ltr'><strong>liberam.</strong></span> <span class='ocrx_word' id='word_1_105' title='bbox 884 506 979 554; x_wconf 80' lang='lat' dir='ltr'>Qin</span> <span class='ocrx_word' id='word_1_106' title='bbox 997 512 1031 545; x_wconf 88' lang='lat'>&amp;</span> <span class='ocrx_word' id='word_1_107' title='bbox 1049 507 1091 542; x_wconf 88' lang='lat' dir='ltr'>ad</span> <span class='ocrx_word' id='word_1_108' title='bbox 1105 509 1283 557; x_wconf 73' lang='lat' dir='ltr'>imaginem</span> <span class='ocrx_word' id='word_1_109' title='bbox 1307 510 1374 544; x_wconf 80' lang='lat' dir='ltr'>Dei</span> <span class='ocrx_word' id='word_1_110' title='bbox 1390 507 1567 545; x_wconf 85' lang='lat' dir='ltr'>formatum</span> <span class='ocrx_word' id='word_1_111' title='bbox 1585 509 1754 547; x_wconf 84' lang='lat' dir='ltr'>hominem</span> 
     </span>
     <span class='ocr_line' id='line_1_10' title="bbox 358 555 1755 606; baseline 0 -11"><span class='ocrx_word' id='word_1_112' title='bbox 358 559 476 602; x_wconf 89' lang='lat' dir='ltr'>docet,</span> <span class='ocrx_word' id='word_1_113' title='bbox 492 570 559 593; x_wconf 91' lang='lat' dir='ltr'>non</span> <span class='ocrx_word' id='word_1_114' title='bbox 575 556 676 593; x_wconf 89' lang='lat' dir='ltr'>solum</span> <span class='ocrx_word' id='word_1_115' title='bbox 688 569 823 606; x_wconf 86' lang='lat' dir='ltr'>propter</span> <span class='ocrx_word' id='word_1_116' title='bbox 837 558 978 592; x_wconf 76' lang='lat' dir='ltr'>animam</span> <span class='ocrx_word' id='word_1_117' title='bbox 994 556 1188 593; x_wconf 79' lang='lat' dir='ltr'>rationalem</span> <span class='ocrx_word' id='word_1_118' title='bbox 1200 586 1209 600; x_wconf 86' lang='lat'>,</span> <span class='ocrx_word' id='word_1_119' title='bbox 1233 569 1300 606; x_wconf 71' lang='lat' dir='ltr'>quat</span> <span class='ocrx_word' id='word_1_120' title='bbox 1318 558 1362 593; x_wconf 85' lang='lat' dir='ltr'>est</span> <span class='ocrx_word' id='word_1_121' title='bbox 1375 555 1461 605; x_wconf 86' lang='lat' dir='ltr'>quasi</span> <span class='ocrx_word' id='word_1_122' title='bbox 1472 557 1573 594; x_wconf 85' lang='lat' dir='ltr'>radius</span> <span class='ocrx_word' id='word_1_123' title='bbox 1586 561 1755 596; x_wconf 89' lang='lat' dir='ltr'>immorta-</span> 
     </span>
     <span class='ocr_line' id='line_1_11' title="bbox 355 605 1753 658; baseline 0 -14"><span class='ocrx_word' id='word_1_124' title='bbox 355 608 397 645; x_wconf 89' lang='lat' dir='ltr'>lis</span> <span class='ocrx_word' id='word_1_125' title='bbox 409 606 513 643; x_wconf 77' lang='lat' dir='ltr'>divini</span> <span class='ocrx_word' id='word_1_126' title='bbox 523 605 649 642; x_wconf 89' lang='lat' dir='ltr'>luminis</span> <span class='ocrx_word' id='word_1_127' title='bbox 662 619 671 642; x_wconf 86' lang='lat'>:</span> <span class='ocrx_word' id='word_1_128' title='bbox 690 606 741 641; x_wconf 90' lang='lat' dir='ltr'>sed</span> <span class='ocrx_word' id='word_1_129' title='bbox 752 608 893 642; x_wconf 82' lang='lat' dir='ltr'>maxime</span> <span class='ocrx_word' id='word_1_130' title='bbox 902 631 912 649; x_wconf 80' lang='lat'>‚</span> <span class='ocrx_word' id='word_1_131' title='bbox 924 606 1011 653; x_wconf 89' lang='lat' dir='ltr'>quod</span> <span class='ocrx_word' id='word_1_132' title='bbox 1021 605 1297 654; x_wconf 82' lang='lat' dir='ltr'>quemadmodum</span> <span class='ocrx_word' id='word_1_133' title='bbox 1308 609 1395 643; x_wconf 87' lang='lat' dir='ltr'>Deus</span> <span class='ocrx_word' id='word_1_134' title='bbox 1407 618 1512 641; x_wconf 84' lang='lat' dir='ltr'>rerum</span> <span class='ocrx_word' id='word_1_135' title='bbox 1525 610 1672 644; x_wconf 82' lang='lat' dir='ltr'>omnium</span> <span class='ocrx_word' id='word_1_136' title='bbox 1684 620 1753 658; x_wconf 86' lang='lat' dir='ltr'>per·</span> 
     </span>
     <span class='ocr_line' id='line_1_12' title="bbox 357 653 1757 706; baseline 0 -13"><span class='ocrx_word' id='word_1_137' title='bbox 357 656 522 693; x_wconf 65' lang='grc' dir='ltr'>ἱεᾶἰοηεε</span> <span class='ocrx_word' id='word_1_138' title='bbox 536 657 569 690; x_wconf 86' lang='lat' dir='ltr'>in</span> <span class='ocrx_word' id='word_1_139' title='bbox 590 655 621 691; x_wconf 89' lang='lat' dir='ltr'>se</span> <span class='ocrx_word' id='word_1_140' title='bbox 636 654 885 703; x_wconf 65' lang='lat' dir='ltr'>complestitur3</span> <span class='ocrx_word' id='word_1_141' title='bbox 898 653 938 689; x_wconf 86' lang='lat' dir='ltr'>sic</span> <span class='ocrx_word' id='word_1_142' title='bbox 960 655 1062 691; x_wconf 88' lang='lat' dir='ltr'>homo</span> <span class='ocrx_word' id='word_1_143' title='bbox 1077 655 1124 691; x_wconf 86' lang='lat' dir='ltr'>est</span> <span class='ocrx_word' id='word_1_144' title='bbox 1143 659 1241 690; x_wconf 88' lang='lat' dir='ltr'>totius</span> <span class='ocrx_word' id='word_1_145' title='bbox 1261 667 1383 690; x_wconf 83' lang='lat' dir='ltr'>naturae</span> <span class='ocrx_word' id='word_1_146' title='bbox 1406 654 1490 704; x_wconf 84' lang='lat' dir='ltr'>quasi</span> <span class='ocrx_word' id='word_1_147' title='bbox 1503 658 1733 706; x_wconf 81' lang='lat' dir='ltr'>compendium</span> <span class='ocrx_word' id='word_1_148' title='bbox 1748 688 1757 698; x_wconf 81' lang='grc'><strong>.</strong></span> 
     </span>
    </p>
   </div>
   <div class='ocr_carea' id='block_1_2' title="bbox 359 700 1760 754">
    <p class='ocr_par' dir='ltr' id='par_1_3' title="bbox 359 700 1760 754">
     <span class='ocr_line' id='line_1_13' title="bbox 359 700 1760 754; baseline 0 -12"><span class='ocrx_word' id='word_1_149' title='bbox 359 707 470 742; x_wconf 86' lang='lat' dir='ltr'>divina</span> <span class='ocrx_word' id='word_1_150' title='bbox 483 717 558 740; x_wconf 90' lang='lat' dir='ltr'>cum</span> <span class='ocrx_word' id='word_1_151' title='bbox 572 703 720 741; x_wconf 85' lang='lat' dir='ltr'>humanis</span> <span class='ocrx_word' id='word_1_152' title='bbox 734 704 886 740; x_wconf 85' lang='lat' dir='ltr'>conciliat</span> <span class='ocrx_word' id='word_1_153' title='bbox 895 731 904 748; x_wconf 94' lang='lat'>‚</span> <span class='ocrx_word' id='word_1_154' title='bbox 916 700 1129 754; x_wconf 58' lang='lat' dir='ltr'>tempus&#39;cum</span> <span class='ocrx_word' id='word_1_155' title='bbox 1142 705 1324 740; x_wconf 71' lang='lat' dir='ltr'>aeternitate</span> <span class='ocrx_word' id='word_1_156' title='bbox 1332 705 1500 740; x_wconf 70' lang='lat' dir='ltr'>conneffit</span> <span class='ocrx_word' id='word_1_157' title='bbox 1513 719 1521 742; x_wconf 89' lang='lat'>:</span> <span class='ocrx_word' id='word_1_158' title='bbox 1535 707 1622 741; x_wconf 90' lang='lat' dir='ltr'>unde</span> <span class='ocrx_word' id='word_1_159' title='bbox 1634 700 1760 748; x_wconf 56' lang='lat' dir='ltr'>&amp;Chris</span> 
     </span>
    </p>
   </div>
   <div class='ocr_carea' id='block_1_3' title="bbox 354 750 1756 1050">
    <p class='ocr_par' dir='ltr' id='par_1_4' title="bbox 354 750 1756 842">
     <span class='ocr_line' id='line_1_14' title="bbox 357 750 1756 804; baseline 0 -13"><span class='ocrx_word' id='word_1_160' title='bbox 357 756 404 791; x_wconf 87' lang='lat' dir='ltr'>sto</span> <span class='ocrx_word' id='word_1_161' title='bbox 419 756 569 792; x_wconf 90' lang='lat' dir='ltr'>Domino</span> <span class='ocrx_word' id='word_1_162' title='bbox 584 755 690 791; x_wconf 76' lang='lat' dir='ltr'>omnis</span> <span class='ocrx_word' id='word_1_163' title='bbox 707 765 851 789; x_wconf 79' lang='lat' dir='ltr'>creatura</span> <span class='ocrx_word' id='word_1_164' title='bbox 865 754 1058 802; x_wconf 86' lang='lat' dir='ltr'>appellatur.</span> <span class='ocrx_word' id='word_1_165' title='bbox 1069 750 1241 789; x_wconf 72' lang='lat' dir='ltr'>Praedicaie</span> <span class='ocrx_word' id='word_1_166' title='bbox 1251 781 1262 794; x_wconf 91' lang='lat'><em>,</em></span> <span class='ocrx_word' id='word_1_167' title='bbox 1278 755 1384 802; x_wconf 76' lang='lat' dir='ltr'>inquit</span> <span class='ocrx_word' id='word_1_168' title='bbox 1397 781 1407 794; x_wconf 92' lang='lat'><em>,</em></span> <span class='ocrx_word' id='word_1_169' title='bbox 1427 754 1646 804; x_wconf 80' lang='lat' dir='ltr'>Evangelium</span> <span class='ocrx_word' id='word_1_170' title='bbox 1665 769 1756 804; x_wconf 71' lang='lat' dir='ltr'>omn,-</span> 
     </span>
     <span class='ocr_line' id='line_1_15' title="bbox 354 815 635 842; baseline 0.004 -1"><span class='ocrx_word' id='word_1_171' title='bbox 354 815 515 842; x_wconf 80' lang='lat' dir='ltr'>creaturae.</span> <span class='ocrx_word' id='word_1_172' title='bbox 633 829 635 831; x_wconf 87' lang='lat'>·</span> 
     </span>
    </p>

    <p class='ocr_par' dir='ltr' id='par_1_5' title="bbox 357 849 1756 1050">
     <span class='ocr_line' id='line_1_16' title="bbox 388 849 1756 900; baseline -0.002 -10"><span class='ocrx_word' id='word_1_173' title='bbox 388 854 559 891; x_wconf 85' lang='lat' dir='ltr'>Postremo</span> <span class='ocrx_word' id='word_1_174' title='bbox 570 864 620 889; x_wconf 87' lang='lat' dir='ltr'>res</span> <span class='ocrx_word' id='word_1_175' title='bbox 635 863 739 889; x_wconf 86' lang='lat' dir='ltr'>tantas</span> <span class='ocrx_word' id='word_1_176' title='bbox 755 862 864 888; x_wconf 84' lang='lat' dir='ltr'>narrat</span> <span class='ocrx_word' id='word_1_177' title='bbox 875 850 984 888; x_wconf 83' lang='lat' dir='ltr'>Moses</span> <span class='ocrx_word' id='word_1_178' title='bbox 999 849 1080 898; x_wconf 69' lang='lat' dir='ltr'>stylo</span> <span class='ocrx_word' id='word_1_179' title='bbox 1091 849 1245 900; x_wconf 85' lang='lat' dir='ltr'>simplici,</span> <span class='ocrx_word' id='word_1_180' title='bbox 1259 863 1325 886; x_wconf 85' lang='lat' dir='ltr'>non</span> <span class='ocrx_word' id='word_1_181' title='bbox 1338 850 1449 887; x_wconf 86' lang='lat' dir='ltr'>fucato</span> <span class='ocrx_word' id='word_1_182' title='bbox 1461 880 1471 895; x_wconf 91' lang='lat'>‚</span> <span class='ocrx_word' id='word_1_183' title='bbox 1489 849 1543 887; x_wconf 88' lang='lat' dir='ltr'>sed</span> <span class='ocrx_word' id='word_1_184' title='bbox 1560 849 1681 888; x_wconf 86' lang='lat' dir='ltr'>sincero</span> <span class='ocrx_word' id='word_1_185' title='bbox 1691 882 1702 898; x_wconf 95' lang='lat'>,</span> <span class='ocrx_word' id='word_1_186' title='bbox 1719 859 1756 892; x_wconf 66' lang='grc' dir='ltr'>δε</span> 
     </span>
     <span class='ocr_line' id='line_1_17' title="bbox 357 898 1756 953; baseline 0.001 -15"><span class='ocrx_word' id='word_1_187' title='bbox 357 906 466 953; x_wconf 84' lang='lat' dir='ltr'>gravi,</span> <span class='ocrx_word' id='word_1_188' title='bbox 484 905 608 953; x_wconf 90' lang='lat' dir='ltr'>quique</span> <span class='ocrx_word' id='word_1_189' title='bbox 617 914 732 939; x_wconf 88' lang='lat' dir='ltr'>omnes</span> <span class='ocrx_word' id='word_1_190' title='bbox 743 903 889 937; x_wconf 85' lang='lat' dir='ltr'>veritatis</span> <span class='ocrx_word' id='word_1_191' title='bbox 902 900 1102 936; x_wconf 62' lang='lat' dir='ltr'>characteres</span> <span class='ocrx_word' id='word_1_192' title='bbox 1113 912 1174 947; x_wconf 88' lang='lat' dir='ltr'>prae</span> <span class='ocrx_word' id='word_1_193' title='bbox 1184 899 1213 935; x_wconf 86' lang='lat' dir='ltr'>se</span> <span class='ocrx_word' id='word_1_194' title='bbox 1224 898 1316 936; x_wconf 86' lang='lat' dir='ltr'>ferat.</span> <span class='ocrx_word' id='word_1_195' title='bbox 1336 902 1534 949; x_wconf 86' lang='lat' dir='ltr'>Legentium</span> <span class='ocrx_word' id='word_1_196' title='bbox 1547 904 1673 938; x_wconf 88' lang='lat' dir='ltr'>animos</span> <span class='ocrx_word' id='word_1_197' title='bbox 1685 916 1756 940; x_wconf 85' lang='lat' dir='ltr'>non</span> 
     </span>
     <span class='ocr_line' id='line_1_18' title="bbox 358 947 1754 1002; baseline -0.001 -14"><span class='ocrx_word' id='word_1_198' title='bbox 358 964 531 1002; x_wconf 80' lang='lat' dir='ltr'>praeparat‚</span> <span class='ocrx_word' id='word_1_199' title='bbox 546 964 583 988; x_wconf 86' lang='lat' dir='ltr'>ut</span> <span class='ocrx_word' id='word_1_200' title='bbox 594 962 737 987; x_wconf 84' lang='lat' dir='ltr'>attentos</span> <span class='ocrx_word' id='word_1_201' title='bbox 761 947 884 985; x_wconf 85' lang='lat' dir='ltr'>efficiat</span> <span class='ocrx_word' id='word_1_202' title='bbox 896 978 908 994; x_wconf 92' lang='lat'>,</span> <span class='ocrx_word' id='word_1_203' title='bbox 935 961 1002 984; x_wconf 81' lang='lat' dir='ltr'>non</span> <span class='ocrx_word' id='word_1_204' title='bbox 1022 948 1160 985; x_wconf 65' lang='lat' dir='ltr'>affectus</span> <span class='ocrx_word' id='word_1_205' title='bbox 1175 949 1295 983; x_wconf 82' lang='lat' dir='ltr'>excitat</span> <span class='ocrx_word' id='word_1_206' title='bbox 1316 949 1493 993; x_wconf 75' lang='lat' dir='ltr'>humanos,</span> <span class='ocrx_word' id='word_1_207' title='bbox 1511 963 1579 986; x_wconf 91' lang='lat' dir='ltr'>non</span> <span class='ocrx_word' id='word_1_208' title='bbox 1596 951 1754 988; x_wconf 73' lang='lat' dir='ltr'>accersitis</span> 
     </span>
     <span class='ocr_line' id='line_1_19' title="bbox 359 995 1754 1050; baseline -0.002 -13"><span class='ocrx_word' id='word_1_209' title='bbox 359 999 626 1050; x_wconf 73' lang='lat' dir='ltr'>descriptionibus</span> <span class='ocrx_word' id='word_1_210' title='bbox 645 1000 802 1048; x_wconf 83' lang='lat' dir='ltr'>indulget.</span> <span class='ocrx_word' id='word_1_211' title='bbox 820 999 885 1034; x_wconf 88' lang='lat' dir='ltr'>Sed</span> <span class='ocrx_word' id='word_1_212' title='bbox 906 1010 974 1033; x_wconf 86' lang='lat' dir='ltr'>rem</span> <span class='ocrx_word' id='word_1_213' title='bbox 987 996 1086 1046; x_wconf 83' lang='lat' dir='ltr'>ipsam</span> <span class='ocrx_word' id='word_1_214' title='bbox 1103 997 1192 1033; x_wconf 84' lang='lat' dir='ltr'>nude</span> <span class='ocrx_word' id='word_1_215' title='bbox 1212 1001 1247 1033; x_wconf 68' lang='grc' dir='ltr'>ὃς</span> <span class='ocrx_word' id='word_1_216' title='bbox 1268 995 1454 1045; x_wconf 83' lang='lat' dir='ltr'>simplicitet</span> <span class='ocrx_word' id='word_1_217' title='bbox 1469 1009 1514 1032; x_wconf 74' lang='lat' dir='ltr'>&#39;ex</span> <span class='ocrx_word' id='word_1_218' title='bbox 1540 1001 1633 1042; x_wconf 88' lang='lat' dir='ltr'>onit;</span> <span class='ocrx_word' id='word_1_219' title='bbox 1653 999 1754 1048; x_wconf 61' lang='lat' dir='ltr'>atque</span> 
     </span>
    </p>
   </div>
   <div class='ocr_carea' id='block_1_4' title="bbox 356 1045 1813 1247">
    <p class='ocr_par' dir='ltr' id='par_1_6' title="bbox 356 1045 1813 1247">
     <span class='ocr_line' id='line_1_20' title="bbox 359 1045 1765 1098; baseline -0.001 -12"><span class='ocrx_word' id='word_1_220' title='bbox 359 1062 399 1086; x_wconf 84' lang='lat' dir='ltr'>ea</span> <span class='ocrx_word' id='word_1_221' title='bbox 417 1050 495 1086; x_wconf 90' lang='lat' dir='ltr'>dicit</span> <span class='ocrx_word' id='word_1_222' title='bbox 505 1079 514 1095; x_wconf 83' lang='lat'>‚</span> <span class='ocrx_word' id='word_1_223' title='bbox 525 1061 662 1098; x_wconf 87' lang='lat' dir='ltr'>quorum</span> <span class='ocrx_word' id='word_1_224' title='bbox 672 1050 804 1084; x_wconf 89' lang='lat' dir='ltr'>traditio</span> <span class='ocrx_word' id='word_1_225' title='bbox 820 1060 876 1095; x_wconf 90' lang='lat' dir='ltr'>per</span> <span class='ocrx_word' id='word_1_226' title='bbox 892 1059 1007 1096; x_wconf 84' lang='lat' dir='ltr'>paucas</span> <span class='ocrx_word' id='word_1_227' title='bbox 1020 1047 1187 1083; x_wconf 88' lang='lat' dir='ltr'>hominum</span> <span class='ocrx_word' id='word_1_228' title='bbox 1199 1048 1427 1093; x_wconf 82' lang='lat' dir='ltr'>generationes</span> <span class='ocrx_word' id='word_1_229' title='bbox 1437 1058 1509 1083; x_wconf 86' lang='lat' dir='ltr'>tran</span> <span class='ocrx_word' id='word_1_230' title='bbox 1524 1045 1613 1083; x_wconf 78' lang='lat' dir='ltr'>missa</span> <span class='ocrx_word' id='word_1_231' title='bbox 1625 1050 1658 1083; x_wconf 90' lang='lat' dir='ltr'>in</span> <span class='ocrx_word' id='word_1_232' title='bbox 1673 1049 1765 1085; x_wconf 67' lang='lat' dir='ltr'>mul-2</span> 
     </span>
     <span class='ocr_line' id='line_1_21' title="bbox 359 1094 1767 1146; baseline -0.001 -11"><span class='ocrx_word' id='word_1_233' title='bbox 359 1109 466 1135; x_wconf 79' lang='lat' dir='ltr'>torum</span> <span class='ocrx_word' id='word_1_234' title='bbox 476 1100 593 1135; x_wconf 86' lang='lat' dir='ltr'>animis</span> <span class='ocrx_word' id='word_1_235' title='bbox 605 1099 731 1146; x_wconf 86' lang='lat' dir='ltr'>integra</span> <span class='ocrx_word' id='word_1_236' title='bbox 743 1096 970 1146; x_wconf 86' lang='lat' dir='ltr'>vigebat.Jam</span> <span class='ocrx_word' id='word_1_237' title='bbox 983 1107 1032 1131; x_wconf 89' lang='lat' dir='ltr'>tot</span> <span class='ocrx_word' id='word_1_238' title='bbox 1043 1095 1204 1131; x_wconf 85' lang='lat' dir='ltr'>miraculis</span> <span class='ocrx_word' id='word_1_239' title='bbox 1213 1123 1222 1138; x_wconf 87' lang='lat'>‚</span> <span class='ocrx_word' id='word_1_240' title='bbox 1237 1105 1287 1129; x_wconf 87' lang='lat' dir='ltr'>tot</span> <span class='ocrx_word' id='word_1_241' title='bbox 1297 1094 1454 1144; x_wconf 83' lang='lat' dir='ltr'>prodigiis</span> <span class='ocrx_word' id='word_1_242' title='bbox 1465 1123 1476 1139; x_wconf 90' lang='lat'><strong>,</strong></span> <span class='ocrx_word' id='word_1_243' title='bbox 1488 1107 1559 1143; x_wconf 84' lang='lat' dir='ltr'>quae</span> <span class='ocrx_word' id='word_1_244' title='bbox 1569 1107 1604 1131; x_wconf 93' lang='lat' dir='ltr'>ut</span> <span class='ocrx_word' id='word_1_245' title='bbox 1612 1096 1767 1145; x_wconf 87' lang='lat' dir='ltr'>publica‚.</span> 
     </span>
     <span class='ocr_line' id='line_1_22' title="bbox 357 1141 1813 1193; baseline -0.002 -10"><span class='ocrx_word' id='word_1_246' title='bbox 357 1159 395 1184; x_wconf 89' lang='lat' dir='ltr'>ut</span> <span class='ocrx_word' id='word_1_247' title='bbox 422 1147 618 1185; x_wconf 77' lang='lat' dir='ltr'>testatiffima</span> <span class='ocrx_word' id='word_1_248' title='bbox 645 1156 861 1181; x_wconf 87' lang='lat' dir='ltr'>monumenta</span> <span class='ocrx_word' id='word_1_249' title='bbox 890 1144 1025 1179; x_wconf 84' lang='lat' dir='ltr'>tradidit</span> <span class='ocrx_word' id='word_1_250' title='bbox 1042 1172 1054 1188; x_wconf 89' lang='lat'><em>,</em></span> <span class='ocrx_word' id='word_1_251' title='bbox 1081 1155 1207 1180; x_wconf 84' lang='lat' dir='ltr'>tantam</span> <span class='ocrx_word' id='word_1_252' title='bbox 1224 1141 1283 1178; x_wconf 81' lang='lat' dir='ltr'>sibi</span> <span class='ocrx_word' id='word_1_253' title='bbox 1310 1143 1542 1180; x_wconf 83' lang='lat' dir='ltr'>authoritatem</span> <span class='ocrx_word' id='word_1_254' title='bbox 1575 1145 1728 1183; x_wconf 86' lang='lat' dir='ltr'>conciliat</span> <span class='ocrx_word' id='word_1_255' title='bbox 1740 1176 1753 1193; x_wconf 90' lang='lat'><em>,</em></span> <span class='ocrx_word' id='word_1_256' title='bbox 1768 1176 1773 1180; x_wconf 93' lang='lat'>.</span> <span class='ocrx_word' id='word_1_257' title='bbox 1807 1156 1813 1157; x_wconf 61' lang='grc'><em>’</em></span> 
     </span>
     <span class='ocr_line' id='line_1_23' title="bbox 356 1191 1770 1247; baseline -0.002 -15"><span class='ocrx_word' id='word_1_258' title='bbox 356 1208 394 1232; x_wconf 90' lang='lat' dir='ltr'>ut</span> <span class='ocrx_word' id='word_1_259' title='bbox 412 1197 452 1232; x_wconf 90' lang='lat' dir='ltr'>de</span> <span class='ocrx_word' id='word_1_260' title='bbox 479 1199 516 1233; x_wconf 91' lang='lat' dir='ltr'>iis</span> <span class='ocrx_word' id='word_1_261' title='bbox 542 1207 614 1247; x_wconf 75' lang='lat' dir='ltr'>quae</span> <span class='ocrx_word' id='word_1_262' title='bbox 635 1193 752 1245; x_wconf 78' lang='lat' dir='ltr'>scripsit</span> <span class='ocrx_word' id='word_1_263' title='bbox 777 1196 863 1230; x_wconf 85' lang='lat' dir='ltr'>circa</span> <span class='ocrx_word' id='word_1_264' title='bbox 883 1193 1000 1243; x_wconf 84' lang='lat' dir='ltr'>mundi</span> <span class='ocrx_word' id='word_1_265' title='bbox 1014 1194 1172 1243; x_wconf 85' lang='lat' dir='ltr'>originem</span> <span class='ocrx_word' id='word_1_266' title='bbox 1186 1222 1198 1239; x_wconf 95' lang='lat'><em>,</em></span> <span class='ocrx_word' id='word_1_267' title='bbox 1225 1204 1325 1229; x_wconf 85' lang='lat' dir='ltr'>nemo</span> <span class='ocrx_word' id='word_1_268' title='bbox 1347 1191 1427 1230; x_wconf 84' lang='lat' dir='ltr'>sanae</span> <span class='ocrx_word' id='word_1_269' title='bbox 1451 1195 1571 1242; x_wconf 84' lang='lat' dir='ltr'>mentis</span> <span class='ocrx_word' id='word_1_270' title='bbox 1596 1193 1770 1242; x_wconf 56' lang='lat' dir='ltr'>dubitare*⁸</span> 
     </span>
    </p>
   </div>
   <div class='ocr_carea' id='block_1_5' title="bbox 356 1244 1751 1343">
    <p class='ocr_par' dir='ltr' id='par_1_7' title="bbox 356 1244 1751 1343">
     <span class='ocr_line' id='line_1_24' title="bbox 381 1244 469 1283; baseline 0.023 -2"><span class='ocrx_word' id='word_1_271' title='bbox 381 1244 469 1283; x_wconf 75' lang='lat' dir='ltr'>offit-</span> 
     </span>
     <span class='ocr_line' id='line_1_25' title="bbox 356 1259 1751 1343; baseline 0.001 -14"><span class='ocrx_word' id='word_1_272' title='bbox 356 1259 379 1295; x_wconf 72' lang='grc' dir='ltr'><strong><em>Ρ</em></strong></span> <span class='ocrx_word' id='word_1_273' title='bbox 393 1296 483 1331; x_wconf 72' lang='lat' dir='ltr'>Hinc</span> <span class='ocrx_word' id='word_1_274' title='bbox 497 1295 593 1333; x_wconf 70' lang='lat' dir='ltr'>facile</span> <span class='ocrx_word' id='word_1_275' title='bbox 610 1292 790 1330; x_wconf 85' lang='lat' dir='ltr'>accedimus</span> <span class='ocrx_word' id='word_1_276' title='bbox 807 1290 971 1331; x_wconf 82' lang='lat' dir='ltr'>sententiae</span> <span class='ocrx_word' id='word_1_277' title='bbox 982 1289 1107 1330; x_wconf 66' lang='lat' dir='ltr'>Clariis.</span> <span class='ocrx_word' id='word_1_278' title='bbox 1120 1290 1236 1329; x_wconf 81' lang='lat' dir='ltr'>Huetii</span> <span class='ocrx_word' id='word_1_279' title='bbox 1249 1303 1348 1341; x_wconf 83' lang='lat' dir='ltr'>quam·</span> <span class='ocrx_word' id='word_1_280' title='bbox 1365 1295 1398 1330; x_wconf 87' lang='lat' dir='ltr'>in</span> <span class='ocrx_word' id='word_1_281' title='bbox 1414 1292 1634 1343; x_wconf 83' lang='lat' dir='ltr'>propositione</span> <span class='ocrx_word' id='word_1_282' title='bbox 1652 1304 1751 1343; x_wconf 78' lang='lat' dir='ltr'>quar.</span> 
     </span>
    </p>
   </div>
   <div class='ocr_carea' id='block_1_6' title="bbox 357 1341 1763 1393">
    <p class='ocr_par' dir='ltr' id='par_1_8' title="bbox 357 1341 1763 1393">
     <span class='ocr_line' id='line_1_26' title="bbox 357 1341 1763 1393; baseline 0.001 -14"><span class='ocrx_word' id='word_1_283' title='bbox 357 1353 390 1379; x_wconf 78' lang='lat' dir='ltr'>ta</span> <span class='ocrx_word' id='word_1_284' title='bbox 400 1345 681 1380; x_wconf 83' lang='lat' dir='ltr'>demonstrationis</span> <span class='ocrx_word' id='word_1_285' title='bbox 691 1344 889 1392; x_wconf 83' lang='lat' dir='ltr'>Evangelicae</span> <span class='ocrx_word' id='word_1_286' title='bbox 902 1343 970 1379; x_wconf 85' lang='lat' dir='ltr'>fuse</span> <span class='ocrx_word' id='word_1_287' title='bbox 984 1343 1199 1393; x_wconf 85' lang='lat' dir='ltr'>persequitur:</span> <span class='ocrx_word' id='word_1_288' title='bbox 1217 1341 1439 1379; x_wconf 83' lang='lat' dir='ltr'>vetustiffimos</span> <span class='ocrx_word' id='word_1_289' title='bbox 1453 1355 1570 1392; x_wconf 88' lang='lat' dir='ltr'>nempe</span> <span class='ocrx_word' id='word_1_290' title='bbox 1586 1344 1763 1388; x_wconf 75' lang='lat' dir='ltr'>Authores·</span> 
     </span>
    </p>
   </div>
   <div class='ocr_carea' id='block_1_7' title="bbox 357 1390 1750 1439">
    <p class='ocr_par' dir='ltr' id='par_1_9' title="bbox 357 1390 1750 1439">
     <span class='ocr_line' id='line_1_27' title="bbox 357 1390 1750 1439; baseline -0.001 -11"><span class='ocrx_word' id='word_1_291' title='bbox 357 1405 431 1428; x_wconf 84' lang='lat' dir='ltr'>cum</span> <span class='ocrx_word' id='word_1_292' title='bbox 447 1393 547 1428; x_wconf 89' lang='lat' dir='ltr'>multa</span> <span class='ocrx_word' id='word_1_293' title='bbox 564 1394 644 1432; x_wconf 79' lang='lat' dir='ltr'>alia,</span> <span class='ocrx_word' id='word_1_294' title='bbox 664 1406 732 1428; x_wconf 90' lang='lat' dir='ltr'>tum</span> <span class='ocrx_word' id='word_1_295' title='bbox 749 1393 828 1427; x_wconf 88' lang='lat' dir='ltr'>illud</span> <span class='ocrx_word' id='word_1_296' title='bbox 847 1395 988 1429; x_wconf 87' lang='lat' dir='ltr'>maxime</span> <span class='ocrx_word' id='word_1_297' title='bbox 999 1393 1038 1427; x_wconf 90' lang='lat' dir='ltr'>de</span> <span class='ocrx_word' id='word_1_298' title='bbox 1056 1392 1168 1426; x_wconf 90' lang='lat' dir='ltr'>mundi</span> <span class='ocrx_word' id='word_1_299' title='bbox 1179 1393 1309 1439; x_wconf 83' lang='lat' dir='ltr'>origine·</span> <span class='ocrx_word' id='word_1_300' title='bbox 1321 1391 1341 1427; x_wconf 74' lang='grc' dir='ltr'>ἐι</span> <span class='ocrx_word' id='word_1_301' title='bbox 1355 1392 1471 1428; x_wconf 89' lang='lat' dir='ltr'>divino</span> <span class='ocrx_word' id='word_1_302' title='bbox 1488 1390 1583 1428; x_wconf 90' lang='lat' dir='ltr'>Mose</span> <span class='ocrx_word' id='word_1_303' title='bbox 1597 1391 1659 1428; x_wconf 80' lang='lat' dir='ltr'>esse</span> <span class='ocrx_word' id='word_1_304' title='bbox 1676 1402 1750 1430; x_wconf 85' lang='lat' dir='ltr'>mu.</span> 
     </span>
    </p>
   </div>
   <div class='ocr_carea' id='block_1_8' title="bbox 354 1438 1764 1589">
    <p class='ocr_par' dir='ltr' id='par_1_10' title="bbox 354 1438 1764 1589">
     <span class='ocr_line' id='line_1_28' title="bbox 355 1438 1763 1489; baseline 0.001 -13"><span class='ocrx_word' id='word_1_305' title='bbox 355 1451 471 1478; x_wconf 86' lang='lat' dir='ltr'>tuatos.</span> <span class='ocrx_word' id='word_1_306' title='bbox 489 1444 580 1479; x_wconf 86' lang='lat' dir='ltr'>Nam</span> <span class='ocrx_word' id='word_1_307' title='bbox 594 1454 630 1478; x_wconf 87' lang='lat' dir='ltr'>ut</span> <span class='ocrx_word' id='word_1_308' title='bbox 651 1441 731 1478; x_wconf 86' lang='lat' dir='ltr'>nihil</span> <span class='ocrx_word' id='word_1_309' title='bbox 752 1442 858 1478; x_wconf 86' lang='lat' dir='ltr'>dicam</span> <span class='ocrx_word' id='word_1_310' title='bbox 878 1442 918 1476; x_wconf 89' lang='lat' dir='ltr'>de</span> <span class='ocrx_word' id='word_1_311' title='bbox 937 1439 1226 1476; x_wconf 84' lang='lat' dir='ltr'>Sanchoniathone</span> <span class='ocrx_word' id='word_1_312' title='bbox 1246 1441 1380 1488; x_wconf 83' lang='lat' dir='ltr'>Berytio</span> <span class='ocrx_word' id='word_1_313' title='bbox 1394 1438 1617 1489; x_wconf 72' lang='lat' dir='ltr'>antiquissimo</span> <span class='ocrx_word' id='word_1_314' title='bbox 1631 1453 1763 1481; x_wconf 81' lang='lat' dir='ltr'>·rerum&#39;</span> 
     </span>
     <span class='ocr_line' id='line_1_29' title="bbox 355 1487 1758 1540; baseline 0.002 -15"><span class='ocrx_word' id='word_1_315' title='bbox 355 1490 600 1527; x_wconf 82' lang='lat' dir='ltr'>Phoeniciarum</span> <span class='ocrx_word' id='word_1_316' title='bbox 611 1491 764 1540; x_wconf 86' lang='lat' dir='ltr'>scriptore</span> <span class='ocrx_word' id='word_1_317' title='bbox 778 1519 788 1533; x_wconf 84' lang='lat'>,</span> <span class='ocrx_word' id='word_1_318' title='bbox 802 1501 978 1537; x_wconf 82' lang='lat' dir='ltr'>quei-nuno</span> <span class='ocrx_word' id='word_1_319' title='bbox 989 1501 1044 1525; x_wconf 87' lang='lat' dir='ltr'>aut</span> <span class='ocrx_word' id='word_1_320' title='bbox 1063 1489 1169 1524; x_wconf 88' lang='lat' dir='ltr'>altero</span> <span class='ocrx_word' id='word_1_321' title='bbox 1188 1487 1300 1523; x_wconf 83' lang='lat' dir='ltr'>saeculo</span> <span class='ocrx_word' id='word_1_322' title='bbox 1312 1488 1406 1524; x_wconf 88' lang='lat' dir='ltr'>Mose</span> <span class='ocrx_word' id='word_1_323' title='bbox 1424 1492 1641 1526; x_wconf 81' lang='lat' dir='ltr'>recentiorem</span> <span class='ocrx_word' id='word_1_324' title='bbox 1658 1491 1758 1528; x_wconf 83' lang='lat' dir='ltr'>fuisse·</span> 
     </span>
     <span class='ocr_line' id='line_1_30' title="bbox 354 1537 1764 1589; baseline 0.001 -16"><span class='ocrx_word' id='word_1_325' title='bbox 354 1539 465 1575; x_wconf 83' lang='lat' dir='ltr'>scribit</span> <span class='ocrx_word' id='word_1_326' title='bbox 486 1541 680 1589; x_wconf 83' lang='lat' dir='ltr'>Porphyrius</span> <span class='ocrx_word' id='word_1_327' title='bbox 705 1540 789 1587; x_wconf 80' lang='lat' dir='ltr'>apud</span> <span class='ocrx_word' id='word_1_328' title='bbox 802 1537 982 1574; x_wconf 81' lang='lat' dir='ltr'>Eusebium·</span> <span class='ocrx_word' id='word_1_329' title='bbox 1004 1537 1025 1575; x_wconf 90' lang='lat' dir='ltr'>l.</span> <span class='ocrx_word' id='word_1_330' title='bbox 1054 1551 1076 1573; x_wconf 79' lang='grc' dir='ltr'>ι.</span> <span class='ocrx_word' id='word_1_331' title='bbox 1101 1538 1144 1572; x_wconf 87' lang='lat' dir='ltr'>de</span> <span class='ocrx_word' id='word_1_332' title='bbox 1161 1549 1291 1585; x_wconf 84' lang='lat' dir='ltr'>praepar.</span> <span class='ocrx_word' id='word_1_333' title='bbox 1306 1537 1500 1586; x_wconf 83' lang='lat' dir='ltr'>Evangelii,</span> <span class='ocrx_word' id='word_1_334' title='bbox 1522 1541 1647 1586; x_wconf 86' lang='lat' dir='ltr'>quique</span> <span class='ocrx_word' id='word_1_335' title='bbox 1666 1540 1764 1575; x_wconf 62' lang='lat' dir='ltr'>teste*</span> 
     </span>
    </p>
   </div>
   <div class='ocr_carea' id='block_1_9' title="bbox 353 1586 1750 1637">
    <p class='ocr_par' dir='ltr' id='par_1_11' title="bbox 353 1586 1750 1637">
     <span class='ocr_line' id='line_1_31' title="bbox 353 1586 1750 1637; baseline 0.001 -14"><span class='ocrx_word' id='word_1_336' title='bbox 353 1587 423 1636; x_wconf 86' lang='lat' dir='ltr'>ipso</span> <span class='ocrx_word' id='word_1_337' title='bbox 444 1588 582 1625; x_wconf 88' lang='lat' dir='ltr'>Philone</span> <span class='ocrx_word' id='word_1_338' title='bbox 605 1588 728 1637; x_wconf 86' lang='lat' dir='ltr'>Byblio</span> <span class='ocrx_word' id='word_1_339' title='bbox 744 1589 799 1635; x_wconf 89' lang='lat' dir='ltr'>qui</span> <span class='ocrx_word' id='word_1_340' title='bbox 820 1591 889 1634; x_wconf 88' lang='lat' dir='ltr'>ejus</span> <span class='ocrx_word' id='word_1_341' title='bbox 916 1599 1016 1635; x_wconf 84' lang='lat' dir='ltr'>opera</span> <span class='ocrx_word' id='word_1_342' title='bbox 1033 1589 1067 1622; x_wconf 89' lang='lat' dir='ltr'>in</span> <span class='ocrx_word' id='word_1_343' title='bbox 1087 1588 1234 1622; x_wconf 79' lang='lat' dir='ltr'>Graecam</span> <span class='ocrx_word' id='word_1_344' title='bbox 1248 1586 1409 1634; x_wconf 71' lang='lat' dir='ltr'>Linguam</span> <span class='ocrx_word' id='word_1_345' title='bbox 1429 1588 1617 1630; x_wconf 87' lang='lat' dir='ltr'>convertit,</span> <span class='ocrx_word' id='word_1_346' title='bbox 1645 1588 1750 1625; x_wconf 77' lang='lat' dir='ltr'>multa</span> 
     </span>
    </p>
   </div>
   <div class='ocr_carea' id='block_1_10' title="bbox 355 1633 1762 1693">
    <p class='ocr_par' dir='ltr' id='par_1_12' title="bbox 355 1633 1762 1693">
     <span class='ocr_line' id='line_1_32' title="bbox 355 1633 1762 1693; baseline 0.001 -21"><span class='ocrx_word' id='word_1_347' title='bbox 355 1638 396 1672; x_wconf 79' lang='lat' dir='ltr'>de</span> <span class='ocrx_word' id='word_1_348' title='bbox 407 1638 520 1674; x_wconf 89' lang='lat' dir='ltr'>mundi</span> <span class='ocrx_word' id='word_1_349' title='bbox 533 1639 658 1693; x_wconf 75' lang='lat' dir='ltr'>origine</span> <span class='ocrx_word' id='word_1_350' title='bbox 670 1635 849 1685; x_wconf 89' lang='lat' dir='ltr'>conscripsit</span> <span class='ocrx_word' id='word_1_351' title='bbox 871 1648 880 1671; x_wconf 74' lang='grc' dir='ltr'><strong><em>ε</em></strong></span> <span class='ocrx_word' id='word_1_352' title='bbox 901 1634 1062 1672; x_wconf 80' lang='lat' dir='ltr'>Hesiodus</span> <span class='ocrx_word' id='word_1_353' title='bbox 1083 1634 1147 1683; x_wconf 89' lang='lat' dir='ltr'>ipse</span> <span class='ocrx_word' id='word_1_354' title='bbox 1160 1633 1299 1683; x_wconf 86' lang='lat' dir='ltr'>plurima</span> <span class='ocrx_word' id='word_1_355' title='bbox 1314 1646 1357 1671; x_wconf 88' lang='lat' dir='ltr'>ex</span> <span class='ocrx_word' id='word_1_356' title='bbox 1367 1634 1462 1671; x_wconf 90' lang='lat' dir='ltr'>Mose</span> <span class='ocrx_word' id='word_1_357' title='bbox 1473 1633 1670 1684; x_wconf 82' lang='lat' dir='ltr'>deprompsit</span> <span class='ocrx_word' id='word_1_358' title='bbox 1687 1654 1697 1681; x_wconf 79' lang='lat'><em>3</em></span> <span class='ocrx_word' id='word_1_359' title='bbox 1712 1648 1762 1674; x_wconf 86' lang='lat' dir='ltr'>ut·</span> 
     </span>
    </p>
   </div>
   <div class='ocr_carea' id='block_1_11' title="bbox 354 1683 1749 1881">
    <p class='ocr_par' dir='ltr' id='par_1_13' title="bbox 354 1683 1749 1881">
     <span class='ocr_line' id='line_1_33' title="bbox 354 1683 1748 1743; baseline 0 -23"><span class='ocrx_word' id='word_1_360' title='bbox 354 1687 453 1743; x_wconf 72' lang='lat' dir='ltr'>chaos</span> <span class='ocrx_word' id='word_1_361' title='bbox 469 1698 525 1730; x_wconf 87' lang='lat' dir='ltr'>·‚ut</span> <span class='ocrx_word' id='word_1_362' title='bbox 535 1686 710 1737; x_wconf 82' lang='lat' dir='ltr'>septimum</span> <span class='ocrx_word' id='word_1_363' title='bbox 723 1684 811 1722; x_wconf 86' lang='lat' dir='ltr'>diem</span> <span class='ocrx_word' id='word_1_364' title='bbox 819 1683 942 1721; x_wconf 71' lang='lat' dir='ltr'>sacrum</span> <span class='ocrx_word' id='word_1_365' title='bbox 955 1684 1016 1721; x_wconf 79' lang='lat' dir='ltr'>esse</span> <span class='ocrx_word' id='word_1_366' title='bbox 1030 1686 1230 1734; x_wconf 71' lang='lat' dir='ltr'>5primorum</span> <span class='ocrx_word' id='word_1_367' title='bbox 1239 1683 1412 1722; x_wconf 82' lang='lat' dir='ltr'>hominum</span> <span class='ocrx_word' id='word_1_368' title='bbox 1432 1685 1536 1721; x_wconf 80' lang='lat' dir='ltr'>vitam</span> <span class='ocrx_word' id='word_1_369' title='bbox 1552 1684 1656 1721; x_wconf 84' lang='lat' dir='ltr'>nostra</span> <span class='ocrx_word' id='word_1_370' title='bbox 1674 1686 1748 1723; x_wconf 87' lang='lat' dir='ltr'>diu..</span> 
     </span>
     <span class='ocr_line' id='line_1_34' title="bbox 356 1746 1749 1831; baseline -0.001 -14"><span class='ocrx_word' id='word_1_371' title='bbox 356 1746 788 1831; x_wconf 48' lang='grc' dir='ltr'>ωὲἳξὲἑῗῖθὶγτῃρίειᾶεω</span> <span class='ocrx_word' id='word_1_372' title='bbox 806 1779 1048 1817; x_wconf 83' lang='lat' dir='ltr'>floruitThales</span> <span class='ocrx_word' id='word_1_373' title='bbox 1061 1782 1186 1830; x_wconf 83' lang='lat' dir='ltr'>origine</span> <span class='ocrx_word' id='word_1_374' title='bbox 1194 1781 1345 1824; x_wconf 71' lang='lat' dir='ltr'>Phoenix,</span> <span class='ocrx_word' id='word_1_375' title='bbox 1359 1783 1586 1829; x_wconf 79' lang='lat' dir='ltr'>AEgyptiotum</span> <span class='ocrx_word' id='word_1_376' title='bbox 1597 1781 1749 1820; x_wconf 74' lang='lat' dir='ltr'>&amp;Chal-</span> 
     </span>
     <span class='ocr_line' id='line_1_35' title="bbox 354 1824 1746 1881; baseline 0 -14"><span class='ocrx_word' id='word_1_377' title='bbox 354 1830 682 1881; x_wconf 77' lang='lat' dir='ltr'>daeorumdiscipulus.</span> <span class='ocrx_word' id='word_1_378' title='bbox 693 1832 782 1866; x_wconf 86' lang='lat' dir='ltr'>Hinc</span> <span class='ocrx_word' id='word_1_379' title='bbox 795 1834 904 1866; x_wconf 88' lang='lat' dir='ltr'>Deum</span> <span class='ocrx_word' id='word_1_380' title='bbox 916 1828 1094 1865; x_wconf 78' lang='lat' dir='ltr'>definiebat</span> <span class='ocrx_word' id='word_1_381' title='bbox 1110 1824 1356 1879; x_wconf 79' lang='lat' dir='ltr'>quodprincipio</span> <span class='ocrx_word' id='word_1_382' title='bbox 1368 1828 1407 1864; x_wconf 54' lang='grc' dir='ltr'><strong><em>ὠ</em></strong></span> <span class='ocrx_word' id='word_1_383' title='bbox 1418 1829 1489 1875; x_wconf 86' lang='lat' dir='ltr'>fine</span> <span class='ocrx_word' id='word_1_384' title='bbox 1503 1841 1591 1865; x_wconf 86' lang='lat' dir='ltr'>caret</span> <span class='ocrx_word' id='word_1_385' title='bbox 1608 1845 1618 1867; x_wconf 83' lang='lat'><em>3</em></span> <span class='ocrx_word' id='word_1_386' title='bbox 1643 1830 1746 1877; x_wconf 83' lang='lat' dir='ltr'>hanc,</span> 
     </span>
    </p>
   </div>
   <div class='ocr_carea' id='block_1_12' title="bbox 354 1877 1761 1928">
    <p class='ocr_par' dir='ltr' id='par_1_14' title="bbox 354 1877 1761 1928">
     <span class='ocr_line' id='line_1_36' title="bbox 354 1877 1761 1928; baseline -0.001 -13"><span class='ocrx_word' id='word_1_387' title='bbox 354 1879 465 1915; x_wconf 74' lang='lat' dir='ltr'>aiebat</span> <span class='ocrx_word' id='word_1_388' title='bbox 476 1909 485 1923; x_wconf 88' lang='lat'>‚</span> <span class='ocrx_word' id='word_1_389' title='bbox 503 1882 556 1928; x_wconf 79' lang='lat' dir='ltr'>effe</span> <span class='ocrx_word' id='word_1_390' title='bbox 568 1890 700 1915; x_wconf 80' lang='lat' dir='ltr'>mentem</span> <span class='ocrx_word' id='word_1_391' title='bbox 713 1892 777 1927; x_wconf 82' lang='lat' dir='ltr'>quae</span> <span class='ocrx_word' id='word_1_392' title='bbox 788 1879 898 1914; x_wconf 63' lang='lat' dir='ltr'>cuneia</span> <span class='ocrx_word' id='word_1_393' title='bbox 915 1891 956 1914; x_wconf 79' lang='lat' dir='ltr'>ex</span> <span class='ocrx_word' id='word_1_394' title='bbox 970 1879 1062 1926; x_wconf 78' lang='lat' dir='ltr'>aquis</span> <span class='ocrx_word' id='word_1_395' title='bbox 1071 1877 1244 1922; x_wconf 82' lang='lat' dir='ltr'>formavit.</span> <span class='ocrx_word' id='word_1_396' title='bbox 1267 1877 1466 1927; x_wconf 84' lang='lat' dir='ltr'>Pythagoras</span> <span class='ocrx_word' id='word_1_397' title='bbox 1483 1880 1518 1916; x_wconf 84' lang='lat' dir='ltr'>in</span> <span class='ocrx_word' id='word_1_398' title='bbox 1542 1881 1636 1928; x_wconf 86' lang='lat' dir='ltr'>Syria</span> <span class='ocrx_word' id='word_1_399' title='bbox 1652 1891 1761 1918; x_wconf 48' lang='lat' dir='ltr'>natus*</span> 
     </span>
    </p>
   </div>
   <div class='ocr_carea' id='block_1_13' title="bbox 354 1926 1744 2027">
    <p class='ocr_par' dir='ltr' id='par_1_15' title="bbox 354 1926 1744 2027">
     <span class='ocr_line' id='line_1_37' title="bbox 354 1926 1744 1977; baseline 0.001 -14"><span class='ocrx_word' id='word_1_400' title='bbox 354 1929 582 1977; x_wconf 85' lang='lat' dir='ltr'>exJamblicho</span> <span class='ocrx_word' id='word_1_401' title='bbox 599 1957 609 1973; x_wconf 86' lang='lat'>,</span> <span class='ocrx_word' id='word_1_402' title='bbox 623 1929 664 1964; x_wconf 84' lang='lat' dir='ltr'>de</span> <span class='ocrx_word' id='word_1_403' title='bbox 680 1929 790 1966; x_wconf 87' lang='lat' dir='ltr'>mundi</span> <span class='ocrx_word' id='word_1_404' title='bbox 801 1927 936 1977; x_wconf 86' lang='lat' dir='ltr'>opificio</span> <span class='ocrx_word' id='word_1_405' title='bbox 944 1927 1097 1976; x_wconf 84' lang='lat' dir='ltr'>pleraque</span> <span class='ocrx_word' id='word_1_406' title='bbox 1109 1926 1230 1976; x_wconf 84' lang='lat' dir='ltr'>Moysis</span> <span class='ocrx_word' id='word_1_407' title='bbox 1249 1928 1405 1963; x_wconf 73' lang='lat' dir='ltr'>doEtrinae</span> <span class='ocrx_word' id='word_1_408' title='bbox 1423 1926 1564 1964; x_wconf 87' lang='lat' dir='ltr'>consona</span> <span class='ocrx_word' id='word_1_409' title='bbox 1587 1928 1719 1964; x_wconf 87' lang='lat' dir='ltr'>tradidit</span> <span class='ocrx_word' id='word_1_410' title='bbox 1730 1945 1744 1974; x_wconf 87' lang='lat'>;</span> 
     </span>
     <span class='ocr_line' id='line_1_38' title="bbox 354 1975 1744 2027; baseline 0 -14"><span class='ocrx_word' id='word_1_411' title='bbox 354 1989 389 2013; x_wconf 84' lang='lat' dir='ltr'>ut</span> <span class='ocrx_word' id='word_1_412' title='bbox 407 1990 444 2012; x_wconf 87' lang='lat' dir='ltr'>ex</span> <span class='ocrx_word' id='word_1_413' title='bbox 464 1979 594 2014; x_wconf 89' lang='lat' dir='ltr'>Timaeo</span> <span class='ocrx_word' id='word_1_414' title='bbox 613 1978 823 2027; x_wconf 83' lang='lat' dir='ltr'>Pythagoreo</span> <span class='ocrx_word' id='word_1_415' title='bbox 844 1978 931 2026; x_wconf 88' lang='lat' dir='ltr'>apud</span> <span class='ocrx_word' id='word_1_416' title='bbox 953 1976 1126 2013; x_wconf 85' lang='lat' dir='ltr'>Platonem</span> <span class='ocrx_word' id='word_1_417' title='bbox 1144 1976 1257 2024; x_wconf 86' lang='lat' dir='ltr'>liquet.</span> <span class='ocrx_word' id='word_1_418' title='bbox 1269 1975 1455 2013; x_wconf 83' lang='lat' dir='ltr'>Plutarchus</span> <span class='ocrx_word' id='word_1_419' title='bbox 1477 1975 1534 2015; x_wconf 88' lang='lat' dir='ltr'>lib.</span> <span class='ocrx_word' id='word_1_420' title='bbox 1557 1976 1598 2012; x_wconf 90' lang='lat' dir='ltr'>de</span> <span class='ocrx_word' id='word_1_421' title='bbox 1615 1975 1744 2025; x_wconf 86' lang='lat' dir='ltr'>placitis</span> 
     </span>
    </p>
   </div>
   <div class='ocr_carea' id='block_1_14' title="bbox 354 2023 1758 2123">
    <p class='ocr_par' dir='ltr' id='par_1_16' title="bbox 354 2023 1758 2123">
     <span class='ocr_line' id='line_1_39' title="bbox 354 2023 1758 2076; baseline 0 -14"><span class='ocrx_word' id='word_1_422' title='bbox 354 2025 626 2076; x_wconf 78' lang='lat' dir='ltr'>Philosophorum</span> <span class='ocrx_word' id='word_1_423' title='bbox 639 2028 772 2063; x_wconf 83' lang='lat' dir='ltr'>testatur</span> <span class='ocrx_word' id='word_1_424' title='bbox 782 2026 1003 2075; x_wconf 80' lang='lat' dir='ltr'>Pythagoram</span> <span class='ocrx_word' id='word_1_425' title='bbox 1013 2031 1047 2063; x_wconf 91' lang='lat'><strong>&amp;</strong></span> <span class='ocrx_word' id='word_1_426' title='bbox 1056 2025 1228 2061; x_wconf 85' lang='lat' dir='ltr'>Platonem</span> <span class='ocrx_word' id='word_1_427' title='bbox 1241 2023 1378 2062; x_wconf 84' lang='lat' dir='ltr'>docuisse</span> <span class='ocrx_word' id='word_1_428' title='bbox 1390 2025 1546 2062; x_wconf 85' lang='lat' dir='ltr'>mundum</span> <span class='ocrx_word' id='word_1_429' title='bbox 1560 2025 1580 2062; x_wconf 72' lang='lat' dir='ltr'>a</span> <span class='ocrx_word' id='word_1_430' title='bbox 1591 2028 1669 2061; x_wconf 91' lang='lat' dir='ltr'>Deo</span> <span class='ocrx_word' id='word_1_431' title='bbox 1680 2024 1744 2063; x_wconf 85' lang='lat' dir='ltr'>effe</span> <span class='ocrx_word' id='word_1_432' title='bbox 1755 2036 1758 2041; x_wconf 90' lang='lat'>&#39;</span> 
     </span>
     <span class='ocr_line' id='line_1_40' title="bbox 354 2072 1757 2123; baseline -0.001 -13"><span class='ocrx_word' id='word_1_433' title='bbox 354 2075 479 2110; x_wconf 59' lang='lat' dir='ltr'>faelium</span> <span class='ocrx_word' id='word_1_434' title='bbox 493 2103 502 2119; x_wconf 85' lang='lat'><strong>,</strong></span> <span class='ocrx_word' id='word_1_435' title='bbox 531 2081 564 2112; x_wconf 91' lang='lat'><strong>&amp;</strong></span> <span class='ocrx_word' id='word_1_436' title='bbox 578 2074 686 2121; x_wconf 86' lang='lat' dir='ltr'>suapte</span> <span class='ocrx_word' id='word_1_437' title='bbox 704 2086 818 2110; x_wconf 86' lang='lat' dir='ltr'>natura</span> <span class='ocrx_word' id='word_1_438' title='bbox 830 2076 1033 2123; x_wconf 83' lang='lat' dir='ltr'>corruptioni</span> <span class='ocrx_word' id='word_1_439' title='bbox 1043 2072 1102 2110; x_wconf 83' lang='lat' dir='ltr'>effe</span> <span class='ocrx_word' id='word_1_440' title='bbox 1113 2074 1293 2111; x_wconf 85' lang='lat' dir='ltr'>obnoxium</span> <span class='ocrx_word' id='word_1_441' title='bbox 1310 2092 1320 2119; x_wconf 83' lang='lat'><em>3</em></span> <span class='ocrx_word' id='word_1_442' title='bbox 1340 2077 1451 2110; x_wconf 89' lang='lat' dir='ltr'>Deum</span> <span class='ocrx_word' id='word_1_443' title='bbox 1468 2088 1537 2112; x_wconf 87' lang='lat' dir='ltr'>non</span> <span class='ocrx_word' id='word_1_444' title='bbox 1555 2074 1645 2110; x_wconf 88' lang='lat' dir='ltr'>sensu</span> <span class='ocrx_word' id='word_1_445' title='bbox 1665 2086 1757 2121; x_wconf 34' lang='lat' dir='ltr'>per-⁷</span> 
     </span>
    </p>
   </div>
   <div class='ocr_carea' id='block_1_15' title="bbox 355 2120 1742 2174">
    <p class='ocr_par' dir='ltr' id='par_1_17' title="bbox 355 2120 1742 2174">
     <span class='ocr_line' id='line_1_41' title="bbox 355 2120 1742 2174; baseline 0.002 -16"><span class='ocrx_word' id='word_1_446' title='bbox 355 2125 418 2172; x_wconf 71' lang='lat' dir='ltr'>cipi</span> <span class='ocrx_word' id='word_1_447' title='bbox 431 2153 439 2167; x_wconf 90' lang='lat'>,</span> <span class='ocrx_word' id='word_1_448' title='bbox 455 2123 508 2160; x_wconf 90' lang='lat' dir='ltr'>sed</span> <span class='ocrx_word' id='word_1_449' title='bbox 533 2124 668 2172; x_wconf 83' lang='lat' dir='ltr'>intelligi</span> <span class='ocrx_word' id='word_1_450' title='bbox 690 2122 802 2159; x_wconf 72' lang='lat' dir='ltr'>solum.</span> <span class='ocrx_word' id='word_1_451' title='bbox 827 2124 1033 2171; x_wconf 80' lang='lat' dir='ltr'>Anaxagoras</span> <span class='ocrx_word' id='word_1_452' title='bbox 1048 2136 1090 2160; x_wconf 86' lang='lat' dir='ltr'>ex</span> <span class='ocrx_word' id='word_1_453' title='bbox 1105 2123 1240 2160; x_wconf 84' lang='lat' dir='ltr'>Eusebio</span> <span class='ocrx_word' id='word_1_454' title='bbox 1254 2124 1435 2174; x_wconf 62' lang='lat' dir='ltr'>scriptionis</span> <span class='ocrx_word' id='word_1_455' title='bbox 1456 2120 1515 2159; x_wconf 84' lang='lat' dir='ltr'>suae</span> <span class='ocrx_word' id='word_1_456' title='bbox 1531 2124 1595 2160; x_wconf 82' lang='lat' dir='ltr'>hoc</span> <span class='ocrx_word' id='word_1_457' title='bbox 1608 2124 1742 2161; x_wconf 85' lang='lat' dir='ltr'>initium</span> 
     </span>
    </p>
   </div>
   <div class='ocr_carea' id='block_1_16' title="bbox 355 2171 1758 2221">
    <p class='ocr_par' dir='ltr' id='par_1_18' title="bbox 355 2171 1758 2221">
     <span class='ocr_line' id='line_1_42' title="bbox 355 2171 1758 2221; baseline -0.002 -13"><span class='ocrx_word' id='word_1_458' title='bbox 355 2172 456 2214; x_wconf 75' lang='lat' dir='ltr'>fecit3</span> <span class='ocrx_word' id='word_1_459' title='bbox 476 2174 594 2208; x_wconf 78' lang='lat' dir='ltr'>Omnia</span> <span class='ocrx_word' id='word_1_460' title='bbox 606 2173 704 2218; x_wconf 68' lang='lat' dir='ltr'>simul</span> <span class='ocrx_word' id='word_1_461' title='bbox 720 2182 832 2210; x_wconf 82' lang='lat' dir='ltr'>erant,</span> <span class='ocrx_word' id='word_1_462' title='bbox 857 2171 973 2205; x_wconf 79' lang='lat' dir='ltr'>deinde</span> <span class='ocrx_word' id='word_1_463' title='bbox 982 2185 1066 2207; x_wconf 83' lang='lat' dir='ltr'>mens</span> <span class='ocrx_word' id='word_1_464' title='bbox 1074 2173 1305 2221; x_wconf 80' lang='lat' dir='ltr'>superveniens</span> <span class='ocrx_word' id='word_1_465' title='bbox 1326 2185 1363 2207; x_wconf 82' lang='lat' dir='ltr'>ea</span> <span class='ocrx_word' id='word_1_466' title='bbox 1387 2175 1420 2206; x_wconf 78' lang='lat' dir='ltr'>in</span> <span class='ocrx_word' id='word_1_467' title='bbox 1445 2173 1588 2206; x_wconf 78' lang='lat' dir='ltr'>ordinem</span> <span class='ocrx_word' id='word_1_468' title='bbox 1605 2171 1737 2220; x_wconf 84' lang='lat' dir='ltr'>digeffit.</span> <span class='ocrx_word' id='word_1_469' title='bbox 1756 2192 1758 2194; x_wconf 97' lang='lat'>-</span> 
     </span>
    </p>
   </div>
   <div class='ocr_carea' id='block_1_17' title="bbox 351 2218 1739 2365">
    <p class='ocr_par' dir='ltr' id='par_1_19' title="bbox 351 2218 1739 2365">
     <span class='ocr_line' id='line_1_43' title="bbox 351 2218 1739 2270; baseline -0.002 -12"><span class='ocrx_word' id='word_1_470' title='bbox 351 2224 407 2258; x_wconf 88' lang='lat' dir='ltr'>De</span> <span class='ocrx_word' id='word_1_471' title='bbox 418 2221 590 2257; x_wconf 83' lang='lat' dir='ltr'>Platonicae</span> <span class='ocrx_word' id='word_1_472' title='bbox 601 2221 755 2257; x_wconf 63' lang='lat' dir='ltr'>doetrinae</span> <span class='ocrx_word' id='word_1_473' title='bbox 766 2233 839 2255; x_wconf 87' lang='lat' dir='ltr'>cum</span> <span class='ocrx_word' id='word_1_474' title='bbox 849 2218 1011 2264; x_wconf 84' lang='lat' dir='ltr'>Mosaica,</span> <span class='ocrx_word' id='word_1_475' title='bbox 1027 2221 1197 2270; x_wconf 73' lang='lat' dir='ltr'>praeserrirn</span> <span class='ocrx_word' id='word_1_476' title='bbox 1207 2225 1289 2257; x_wconf 85' lang='lat' dir='ltr'>circa</span> <span class='ocrx_word' id='word_1_477' title='bbox 1300 2221 1413 2257; x_wconf 86' lang='lat' dir='ltr'>mundi</span> <span class='ocrx_word' id='word_1_478' title='bbox 1430 2222 1587 2268; x_wconf 84' lang='lat' dir='ltr'>originem</span> <span class='ocrx_word' id='word_1_479' title='bbox 1601 2220 1739 2256; x_wconf 86' lang='lat' dir='ltr'>consen·-</span> 
     </span>
     <span class='ocr_line' id='line_1_44' title="bbox 353 2267 1738 2320; baseline 0 -15"><span class='ocrx_word' id='word_1_480' title='bbox 353 2269 385 2305; x_wconf 84' lang='lat' dir='ltr'>su</span> <span class='ocrx_word' id='word_1_481' title='bbox 406 2275 474 2318; x_wconf 79' lang='lat' dir='ltr'>jam</span> <span class='ocrx_word' id='word_1_482' title='bbox 501 2270 593 2319; x_wconf 87' lang='lat' dir='ltr'>supra</span> <span class='ocrx_word' id='word_1_483' title='bbox 615 2270 762 2306; x_wconf 80' lang='lat' dir='ltr'>diximus.</span> <span class='ocrx_word' id='word_1_484' title='bbox 782 2273 890 2305; x_wconf 87' lang='lat' dir='ltr'>Deum</span> <span class='ocrx_word' id='word_1_485' title='bbox 907 2269 1089 2318; x_wconf 87' lang='lat' dir='ltr'>supremum</span> <span class='ocrx_word' id='word_1_486' title='bbox 1109 2283 1216 2307; x_wconf 86' lang='lat' dir='ltr'>rerum</span> <span class='ocrx_word' id='word_1_487' title='bbox 1239 2269 1392 2320; x_wconf 86' lang='lat' dir='ltr'>opificem</span> <span class='ocrx_word' id='word_1_488' title='bbox 1417 2267 1518 2303; x_wconf 84' lang='lat' dir='ltr'>ambo</span> <span class='ocrx_word' id='word_1_489' title='bbox 1541 2267 1738 2317; x_wconf 74' lang='lat' dir='ltr'>agnoscunt5</span> 
     </span>
     <span class='ocr_line' id='line_1_45' title="bbox 354 2314 1738 2365; baseline 0.001 -13"><span class='ocrx_word' id='word_1_490' title='bbox 354 2320 511 2354; x_wconf 85' lang='lat' dir='ltr'>mundum</span> <span class='ocrx_word' id='word_1_491' title='bbox 525 2319 545 2355; x_wconf 75' lang='grc' dir='ltr'>ἐι</span> <span class='ocrx_word' id='word_1_492' title='bbox 559 2323 633 2356; x_wconf 90' lang='lat' dir='ltr'>Deo</span> <span class='ocrx_word' id='word_1_493' title='bbox 648 2329 789 2355; x_wconf 87' lang='lat' dir='ltr'>creatum</span> <span class='ocrx_word' id='word_1_494' title='bbox 811 2318 851 2352; x_wconf 90' lang='lat' dir='ltr'>ad</span> <span class='ocrx_word' id='word_1_495' title='bbox 876 2318 1040 2365; x_wconf 83' lang='lat' dir='ltr'>exemplar</span> <span class='ocrx_word' id='word_1_496' title='bbox 1061 2337 1072 2363; x_wconf 78' lang='lat'><em>3</em></span> <span class='ocrx_word' id='word_1_497' title='bbox 1100 2323 1207 2356; x_wconf 89' lang='lat' dir='ltr'>Deum</span> <span class='ocrx_word' id='word_1_498' title='bbox 1222 2332 1271 2355; x_wconf 87' lang='lat' dir='ltr'>res</span> <span class='ocrx_word' id='word_1_499' title='bbox 1285 2330 1398 2355; x_wconf 81' lang='lat' dir='ltr'>omnes</span> <span class='ocrx_word' id='word_1_500' title='bbox 1414 2316 1518 2352; x_wconf 84' lang='lat' dir='ltr'>verbo</span> <span class='ocrx_word' id='word_1_501' title='bbox 1535 2314 1650 2353; x_wconf 78' lang='lat' dir='ltr'>creasse</span> <span class='ocrx_word' id='word_1_502' title='bbox 1671 2331 1681 2353; x_wconf 70' lang='grc' dir='ltr'><strong><em>ε</em></strong></span> <span class='ocrx_word' id='word_1_503' title='bbox 1700 2329 1738 2354; x_wconf 89' lang='lat' dir='ltr'>ut</span> 
     </span>
    </p>
   </div>
   <div class='ocr_carea' id='block_1_18' title="bbox 364 2365 1740 2456">
    <p class='ocr_par' dir='ltr' id='par_1_20' title="bbox 364 2365 1740 2456">
     <span class='ocr_line' id='line_1_46' title="bbox 364 2365 1737 2451; baseline 0 -49"><span class='ocrx_word' id='word_1_504' title='bbox 364 2368 491 2405; x_wconf 75' lang='lat' dir='ltr'>mittam</span> <span class='ocrx_word' id='word_1_505' title='bbox 511 2368 572 2406; x_wconf 85' lang='lat' dir='ltr'>alia</span> <span class='ocrx_word' id='word_1_506' title='bbox 587 2368 742 2419; x_wconf 81' lang='lat' dir='ltr'>plurima,</span> <span class='ocrx_word' id='word_1_507' title='bbox 769 2378 839 2417; x_wconf 74' lang='lat' dir='ltr'>quae</span> <span class='ocrx_word' id='word_1_508' title='bbox 853 2367 1011 2417; x_wconf 67' lang='lat' dir='ltr'>praestami</span> <span class='ocrx_word' id='word_1_509' title='bbox 1031 2372 1082 2408; x_wconf 87' lang='lat' dir='ltr'>vir</span> <span class='ocrx_word' id='word_1_510' title='bbox 1099 2371 1234 2419; x_wconf 80' lang='lat' dir='ltr'>ingenio</span> <span class='ocrx_word' id='word_1_511' title='bbox 1254 2365 1349 2406; x_wconf 68' lang='lat' dir='ltr'>fufius</span> <span class='ocrx_word' id='word_1_512' title='bbox 1368 2365 1522 2416; x_wconf 84' lang='lat' dir='ltr'>explicat.</span> <span class='ocrx_word' id='word_1_513' title='bbox 1557 2368 1649 2451; x_wconf 53' lang='lat' dir='ltr'>Hiki&#39;ilp</span> <span class='ocrx_word' id='word_1_514' title='bbox 1668 2378 1737 2402; x_wconf 87' lang='lat' dir='ltr'>non</span> 
     </span>
     <span class='ocr_line' id='line_1_47' title="bbox 702 2424 1740 2456; baseline 0 -5"><span class='ocrx_word' id='word_1_515' title='bbox 702 2429 711 2433; x_wconf 93' lang='lat'>·</span> <span class='ocrx_word' id='word_1_516' title='bbox 1583 2428 1602 2451; x_wconf 87' lang='lat' dir='ltr'>a</span> <span class='ocrx_word' id='word_1_517' title='bbox 1651 2424 1740 2456; x_wconf 75' lang='lat' dir='ltr'>ortet⁴</span> 
     </span>
    </p>
   </div>
   <div class='ocr_carea' id='block_1_19' title="bbox 1863 558 1872 900">
    <p class='ocr_par' dir='ltr' id='par_1_21' title="bbox 1863 558 1872 900">
     <span class='ocr_line' id='line_1_48' title="bbox 1863 558 1872 900; baseline 0 0"><span class='ocrx_word' id='word_1_518' title='bbox 1863 558 1872 900; x_wconf 69' lang='lat' dir='ltr'>i</span> 
     </span>
    </p>
   </div>
  </div>
 </body>
</html>
