1878 2724
369 147 418 179 232
730 118 991 162 PHYSI'CAE
1026 115 1356 158 GENERAL‘IS
1392 118 1395 121 ”

370 181 477 217 calore
489 184 689 225 comparatus
702 174 830 223 frigoris
855 170 957 206 habet
974 173 1134 206 rationem
1145 200 1154 213 ‚
1171 170 1448 219 quemadmodum
1473 168 1604 207 obscura
1624 172 1760 210 dicimus

369 230 528 277 loca,quae
540 225 657 260 minori
668 222 739 258 luce
755 221 988 257 collustrantur.
1005 222 1085 256 Non
1102 218 1245 255 dissimili
1264 222 1391 255 ratione
1406 232 1515 256 aerem
1531 221 1688 270 frigidum
1708 224 1758 258 di-

369 281 471 314 cimus
480 304 490 319 ‚
500 287 574 309 cum
584 272 742 320 sanguinis
753 282 806 306 aut
818 269 988 319 spirituum
1002 279 1128 304 motum
1140 270 1314 305 imminuit⁴
1325 271 1378 304 Sic
1385 281 1476 317 aquae
1487 269 1643 306 ferventis
1655 274 1704 320 agi
1710 284 1760 308 ta,

375 330 425 362 tio
436 326 607 360 humorum
618 319 829 369 &spirituum
840 321 1025 355 motionem
1038 320 1156 361 vincit,
1167 322 1200 355 &
1216 315 1340 354 sensum
1353 318 1467 356 caloris
1479 321 1644 368 imprimit.
1668 324 1759 356 1)ura

368 372 448 410 vero
465 383 601 420 corpora
610 382 671 406 nec
680 370 783 405 calida
794 368 938 412 sunt,nec
950 368 1080 414 frigida,
1095 365 1151 402 nifi
1165 377 1272 416 partes
1282 367 1361 401 corii
1378 366 1571 403 insknfibiles
1585 372 1766 418 agitentur,

367 435 404 458 ut
416 428 481 471 jam
496 420 584 469 supra
596 417 787 455 diximuszfic
797 418 839 453 sal
854 420 964 453 tartari
975 408 1143 460 sSlurus,&
1155 419 1186 452 in
1206 428 1325 463 aquam
1337 415 1460 451 fortem
1470 417 1632 453 instillatus
1641 418 1759 454 ebulli-

369 474 544 514 tioneng&
558 468 700 504 calorem
711 467 902 516 creatzquod
914 466 1002 502 forte
1018 468 1160 515 corporis
1172 464 1292 500 subtilis
1303 475 1411 500 motus
1423 465 1591 513 aequabilis
1604 480 1643 503 ex
1657 467 1764 516 liquo·

368 533 442 556 turn
460 517 649 554 confusione
669 516 892 566 perturbetur.
917 519 957 552 ln
967 516 1051 550 duris
1063 517 1150 550 enim
1164 512 1353 563 corporibus
1368 526 1436 549 non
1447 516 1504 550 diux
1517 515 1617 551 haeret
1635 516 1760 554 subtilis

369 570 426 606 illa
440 569 575 605 materia
586 597 594 611 ‚
610 566 660 602 sed
680 569 801 616 raptim
812 577 969 615 permeat..
980 563 1105 599 Verum
1114 565 1154 598 de
1169 565 1218 599 his
1225 568 1294 612 jam
1312 561 1450 612 saepius..

398 619 483 668 Opp.
500 632 525 653 2.
544 619 578 652 Si
598 628 704 665 partes
726 614 920 652 insensibiles
936 616 1029 650 vatio
1044 619 1078 651 &
1090 613 1347 649 indeterminato
1359 623 1454 648 motu
1470 614 1597 662 agitatae
1619 613 1762 651 fluidita-

369 678 438 703 tem
455 665 623 710 efficiunt,
646 679 713 702 non
725 668 828 714 magis
847 664 966 699 cedent
975 665 1084 698 manui
1096 660 1256 710 ⁷‚Jquamfi
1270 673 1382 697 omnes
1398 661 1598 709 quiescerent
1620 678 1628 700 ι
1652 676 1762 700 motus

369 719 457 753 enim
468 716 522 751 ille
537 718 683 765 partium·
692 714 886 763 plerumque
899 713 947 747 est
964 713 1141 748 contrarius
1160 714 1262 746 motui
1278 723 1377 759 quern
1394 711 1544 746 volumus
1554 714 1740 760 imprimere
1751 743 1763 758 ,

369 778 478 814 neque
492 768 526 800 in
538 763 664 799 easdem
683 775 789 812 partes
799 763 906 798 tendit
921 773 1025 811 :ergo
1038 773 1104 796 tam
1113 761 1251 809 impedit
1268 758 1457 796 divisionem
1469 772 1560 808 aquae
1576 789 1585 804 ,
1599 760 1700 808 quam
1709 767 1762 808 ju-

367 827 438 852 vat.
450 816 497 850 Ac
508 813 611 849 multo
620 812 866 847 est-credibilius
885 810 1079 846 fluiditatem
1095 811 1125 844 in
1139 812 1276 858 partium
1296 809 1470 857 exiguitate
1482 837 1492 853 ,
1518 815 1551 846 ὅ(
1569 809 1763 847 indifferen-

370 867 416 900 tia
426 864 466 899 ad
477 875 610 899 omnem
623 862 757 911 figuram
768 867 800 899 &
810 872 938 897 motum
951 857 1012 895 effe
1022 857 1159 907 positam
1168 887 1179 903 ‚
1192 857 1292 907 quam
1305 860 1340 894 in
1352 857 1470 893 actuali
1483 861 1664 908 agitatione
1679 887 1691 904 ‚
1704 872 1762 896 cu-

370 919 419 965 {us
429 912 519 948 causa
530 914 584 948 vix
596 911 703 947 afferri
722 911 836 959 potest.

411 963 503 1009 Κεφ.
519 972 623 1010 partes
632 964 699 1008 jam
713 961 850 1009 agitatas
867 958 942 993 loco
957 956 1054 993 facile
1073 957 1208 1000 cedere,
1223 961 1258 994 &
1269 955 1288 992 ὲ
1309 956 1493 992 seinvicem
1505 957 1641 1005 disjungi
1659 972 1667 994 :
1689 970 1762 995 cum

370 1010 439 1046 aliae
448 1010 523 1045 alias
534 1022 599 1046 non
614 1009 801 1044 sustineant:
819 1020 885 1044 non
901 1009 982 1041 item
997 1009 1109 1041 evenit
1121 1035 1131 1050 ,
1147 1018 1220 1041 cum
1235 1017 1340 1054 partes
1355 1019 1468 1042 omnes
1483 1005 1651 1054 quiescunt
1665 1021 1673 1043 ι
1692 1018 1761 1043 tum

371 1063 440 1096 nim
453 1072 567 1095 omnes
583 1060 689 1094 motui
707 1056 861 1092 refistunt.
889 1057 1011 1103 Neque
1028 1067 1139 1090 tamen
1157 1057 1194 1089 iis
1212 1053 1380 1098 assentior,
1394 1057 1451 1103 qui
1475 1055 1662 1091 existimant
1691 1069 1761 1091 rno-

371 1120 443 1144 tum
461 1110 605 1157 corporis
618 1134 628 1151 ,
647 1109 766 1142 utavis
780 1109 814 1142 in
830 1116 915 1147 aere,
931 1115 989 1139 aut
1000 1104 1090 1151 piscis
1105 1106 1138 1138 in
1153 1113 1235 1151 aqua
1251 1132 1260 1148 ,
1281 1102 1301 1139 ὲ
1313 1115 1405 1139 motu
1418 1102 1510 1138 fluidi
1529 1106 1691 1152 corporis,
1710 1107 1761 1140 cui

371 1160 501 1193 innatat
512 1185 522 1200 ‚
537 1154 690 1203 adjuvari.
707 1156 755 1191 1³„st
772 1157 858 1190 enirn
872 1164 981 1188 motus
997 1153 1087 1189 fluidi
1105 1157 1138 1187 in
1160 1164 1275 1188 omnes
1293 1165 1398 1201 partes
1410 1182 1419 1196 ,
1437 1165 1504 1189 non
1527 1152 1566 1186 ad
1593 1165 1691 1188 unam
1702 1166 1764 1202 po-

371 1209 434 1240 tius
447 1235 457 1249 ,
470 1206 570 1252 quum
587 1206 627 1239 ad
639 1204 774 1238 alteram
782 1204 1013 1238 determinatus
1030 1201 1135 1239 :nihil
1151 1202 1235 1236 adeo
1245 1205 1338 1250 Juvat
1353 1214 1467 1252 corpus
1482 1202 1571 1251 quod
1582 1202 1672 1238 vehit
1681 1231 1691 1247 ,
1703 1202 1759 1239 nifi

372 1255 459 1302 quod
475 1253 622 1288 divisioni
642 1255 746 1287 minus
763 1251 900 1287 obstet..

401 1303 467 1337 Sed
481 1330 490 1345 ‚
510 1303 654 1349 inquieS,
675 1300 760 1336 nulla
783 1299 971 1349 potest‘alia
994 1299 1100 1335 afferri
1119 1301 1201 1334 ratio
1218 1311 1271 1335 cur
1293 1301 1385 1335 navis
1403 1301 1437 1335 in
1452 1311 1535 1348 aqua
1548 1328 1558 1343 ,
1578 1309 1634 1334 aut
1645 1302 1713 1336 avis
1725 1302 1760 1337 in

371 1363 445 1386 aere
455 1362 521 1386 tam
533 1350 630 1386 facile
639 1345 807 1384 mov'eatur
819 1378 828 1392 ,
854 1349 908 1384 nisi
921 1350 1007 1396 quod
1019 1359 1124 1397 partes
1138 1348 1226 1384 fluidi
1239 1353 1301 1397 jam
1314 1351 1346 1384 in
1361 1360 1452 1383 motu
1467 1347 1574 1398 positae
1585 1348 1675 1384 solidi
1685 1362 1760 1385 cor.

370 1403 457 1448 poris
475 1401 579 1434 motui
601 1399 685 1434 adeo
702 1412 768 1433 non
788 1398 956 1440 obsistant,
971 1409 1007 1432 ut
1025 1408 1100 1432 eum
1112 1399 1220 1445 potius
1231 1397 1393 1446 adjuvent.
1418 1398 1504 1432 Cum
1518 1400 1605 1432 enim*
1618 1401 1758 1445 patrium

371 1461 460 1496 aquae
473 1460 579 1484 motus
600 1447 636 1482 fit
652 1450 684 1483 in
701 1460 815 1482 omnes
827 1459 933 1495 partes
946 1476 955 1490 ,
983 1446 1096 1482 sursum
1110 1475 1120 1489 ,
1141 1445 1289 1481 deorsum
1301 1475 1311 1490 ,
1328 1447 1546 1490 dextrorsum,
1559 1446 1766 1483 finistrorsum‘

372 1499 641 1532 indeterminatus
657 1495 735 1532 :ubi
747 1498 778 1531 iu
793 1496 934 1543 aliquam
945 1507 1072 1543 partem
1092 1495 1112 1530 ὲ
1126 1495 1232 1529 solido
1248 1508 1384 1544 corpore
1405 1495 1584 1543 impellitur
1595 1523 1605 1538 ,
1628 1502 1672 1530 ‘eo
1687 1510 1760 1531 om-

370 1559 426 1582 nes
443 1558 547 1595 partes
561 1546 707 1581 tendunn
717 1547 813 1581 Hinc
823 1555 1203 1592 perpaucaevaquaepartes
1218 1556 1289 1592 quae
1301 1547 1468 1593 ingentem
1480 1556 1600 1579 navem
1611 1556 1761 1594 tangunt,

372 1608 445 1630 eam
468 1595 564 1631 facile
579 1594 765 1643 propellunt
779 1608 786 1629 :
800 1606 868 1628 non
880 1594 969 1628 idem
986 1593 1103 1627 accidit
1119 1595 1154 1627 in
1164 1593 1248 1628 duris
1259 1591 1449 1642 corporibsus
1462 1621 1471 1636 ‚
1487 1604 1628 1639 quotum
1651 1605 1760 1642 partes

371 1646 510 1679 omnino
525 1642 690 1692 quiescunt
707 1657 714 1679 :
730 1643 805 1677 hinc
822 1654 948 1677 motum
964 1640 1103 1691 impositi
1121 1654 1264 1690 corporis
1280 1655 1348 1677 non
1373 1642 1532 1690 adjuvant.

406 1694 493 1740 Reffi·
504 1705 618 1739 corpus
632 1692 765 1726 solidum
775 1690 902 1726 facilius
919 1693 953 1725 in
962 1703 1066 1737 aqua,
1087 1690 1140 1725 vel
1154 1693 1185 1725 iu
1196 1691 1259 1725 alio
1280 1690 1405 1738 liquor-e
1417 1692 1544 1726 moveri
1562 1705 1570 1726 ε
1590 1703 1655 1726 non
1667 1691 1758 1737 quod

369 1744 510 1789 partium
529 1740 754 1775 insensibilium
766 1751 874 1773 motus
889 1741 921 1773 in
937 1751 1051 1786 corpus
1066 1738 1168 1785 ipsum
1179 1737 1316 1772 solidum
1337 1740 1559 1781 transferatur,
1570 1745 1604 1775 &
1624 1752 1665 1773 eo
1684 1749 1756 1774 ten-

371 1791 451 1823 dant
462 1802 528 1836 quo
541 1800 647 1823 motus
667 1790 811 1834 corporis
823 1799 875 1821 eas
890 1788 1083 1821 determinat
1095 1815 1104 1829 ‚
1125 1797 1162 1820 ut
1175 1786 1302 1820 videtur
1313 1786 1467 1822 Cartefio.
1489 1790 1579 1822 Nam
1599 1786 1619 1821 si
1637 1798 1686 1821 res
1710 1788 1756 1822 ita

370 1837 448 1873 esset
460 1866 470 1880 ,
488 1840 627 1885 corporis
638 1848 743 1871 motus
755 1837 788 1870 in
798 1847 881 1882 aqua
894 1848 1062 1882 nunquam
1071 1832 1237 1871 desineret.
1246 1835 1348 1883 quue
1365 1846 1490 1870 certum
1506 1835 1572 1879 est,
1588 1847 1706 1882 aquam
1716 1848 1755 1871 ex

370 1899 407 1921 ea
421 1898 510 1934 parte
521 1888 555 1921 in
569 1899 667 1934 quam
677 1887 767 1919 navis
780 1885 881 1919 tendit
896 1912 906 1927 ,
931 1886 1032 1933 magis
1050 1882 1177 1917 obstare
1194 1886 1318 1927 motui,
1337 1883 1436 1930 qudm
1450 1896 1487 1918 ex
1503 1896 1539 1918 ea
1554 1896 1646 1932 parte
1668 1884 1754 1919 unde

371 1934 559 1983 impellitur.
579 1935 713 1970 Accedit
733 1935 834 1968 etiam
847 1935 957 1969 navim
967 1935 1008 1967 ab
1029 1945 1118 1980 aquae
1137 1932 1299 1980 particulis
1321 1932 1522 1980 aequabiliter
1533 1932 1630 1980 pelli,
1647 1944 1754 1981 neque

371 1984 434 2019 ulla
448 1984 493 2018 est
506 1987 590 2018 ratio
604 1996 659 2018 cur
678 1982 739 2017 huc
750 1984 857 2029 potius
867 1982 967 2029 qulam
980 1981 1053 2016 illuc
1071 1981 1201 2024 feratur,
1220 1981 1275 2016 nifi
1285 1993 1369 2029 aqua
1382 1982 1539 2016 declivior
1555 1993 1627 2016 eam
1640 1981 1749 2018 vehat.

373 2034 485 2080 Qate
502 2031 521 2067 si
541 2045 656 2079 corpus
671 2034 701 2066 in
713 2031 810 2066 fluido
829 2030 955 2066 faciliui
977 2042 1144 2073 movetur,
1165 2031 1197 2064 id
1217 2043 1254 2065 ex
1268 2043 1307 2065 eo
1325 2043 1390 2065 non
1406 2033 1518 2074 oritur,
1532 2031 1622 2077 quod
1644 2042 1750 2078 partes

372 2082 462 2117 fluidi
478 2080 673 2116 insensibiles
684 2079 772 2115 suurn
781 2091 909 2114 motum
918 2079 1020 2114 solido
1028 2081 1157 2128 corpori
1167 2082 1408 2116 communicent
1421 2094 1430 2117 ε
1443 2080 1495 2115 sed
1506 2082 1580 2128 quia
1589 2079 1680 2114 nullo
1691 2091 1751 2115 ne..

372 2134 464 2179 gotio
491 2129 683 2179 separantur.

408 2181 530 2214 Contra
547 2209 554 2221 ‚
580 2182 701 2225 inquies
716 2207 724 2220 ,
740 2178 857 2212 subtile
867 2190 979 2226 corpus
993 2180 1105 2213 cuneta
1117 2190 1284 2226 permeans
1307 2191 1398 2220 aqure
1419 2177 1470 2212 vel
1491 2177 1614 2212 alterius
1634 2176 1749 2223 liquidi

372 2240 477 2274 partes
489 2229 548 2263 huc
560 2227 635 2262 illuc
653 2228 774 2272 agitare
786 2241 850 2262 non
868 2229 972 2274 potest
991 2242 997 2262 :
1019 2241 1090 2262 cum
1105 2228 1186 2262 illius
1197 2239 1318 2262 meatus
1331 2228 1429 2263 libere
1444 2236 1611 2273 penetret,
1628 2227 1672 2259 uti
1686 2237 1748 2260 nec

373 2277 483 2311 iumen
496 2279 638 2320 corpori<
658 2277 806 2317 diaphani
821 2277 987 2325 particula<
1008 2280 1166 2325 exagitat:
1187 2289 1264 2325 ergo
1279 2277 1363 2312 nulla
1380 2276 1423 2310 est
1435 2274 1523 2308 causa
1540 2274 1627 2322 hujus
1641 2285 1748 2309 motus

373 2338 468 2371 quem
481 2328 511 2360 in
526 2326 654 2373 liquidis
672 2325 859 2373 corporibus
876 2329 1068 2361 recentiores
1087 2326 1218 2374 fingunt.

384 2375 421 2408 R.
435 2373 581 2410 subtilem
593 2378 762 2410 materiam
772 2374 885 2411 molles
900 2380 931 2413 ἃ
941 2375 1061 2413 flexiles
1073 2375 1244 2411 fluidorum
1256 2371 1427 2422 particulas
1437 2372 1532 2409 facile
1542 2374 1573 2408 in
1584 2372 1628 2408 sui
1637 2382 1758 2406 motus-

1656 2420 1741 2469 leges
