1878 2724
506 94 871 133 TRACTATUS
924 97 1168 135 PRIMUS.
1500 113 1544 147 47

139 146 241 190 liunt,
261 149 346 183 &in
369 144 614 182 minutissimum
637 146 805 193 pulverem
831 147 1108 183 comminuuntur.

172 194 320 233 Primum
342 207 386 229 eae
411 193 563 244 lacrymae
575 207 613 229 ex
627 196 709 229 duro
729 199 764 230 ὃς
776 192 917 230 craffiori
934 199 1022 231 vitro
1039 195 1118 231 olim
1131 194 1255 231 fiebant
1265 224 1276 240 ,
1299 207 1383 231 nunc
1405 197 1505 231 etiam
1521 197 1538 233 ὲ

136 244 325 294 crystallino
340 249 375 281 &
388 256 471 291 puro
487 255 724 293 componuntur
740 257 747 278 :
767 244 858 289 quod
877 243 983 280 fusum
1005 250 1039 282 &
1059 245 1167 281 ferreo
1187 243 1269 280 tubo
1288 246 1468 280 extractum
1496 258 1536 281 ex

135 293 220 338 olla,
268 296 390 329 irratim
403 295 436 327 in
451 291 574 328 fitulam
586 305 670 339 aqua
685 292 816 341 plenam
835 293 988 329 decidens
1025 295 1060 329 in
1085 294 1242 343 lacrymas
1266 306 1325 342 pro
1351 305 1400 328 ter
1431 306 1536 329 mate-

135 345 190 378 riae
199 306 408 378 vigofitatem
424 342 582 378 formatur
595 359 605 386 ς
619 341 728 377 mulrae
743 353 782 376 ex
799 343 838 376 iis
855 354 942 390 aquae
955 342 1183 392 frigidiusculae
1201 345 1303 378 imme
1334 355 1359 377 ae
1373 342 1533 391 frangunss

135 402 209 427 tur:
227 391 281 426 sed
297 391 478 439 complures
500 404 554 426 aut
573 403 636 439 prae
647 392 780 425 materia
799 389 893 426 crassa
905 391 1066 429 &viscosa
1079 422 1089 436 ‚
1104 404 1158 427 aut
1172 390 1263 439 quod
1278 392 1431 440 tepidiori
1442 403 1531 440 aquae

135 442 392 489 immergantur,
415 439 517 475 illaesae
538 439 713 475 servantur.
734 438 904 482 Secundo,
922 443 1050 476 extimae
1064 439 1211 489 quusque
1231 440 1404 489 lachrymae
1422 451 1528 488 partes

134 502 198 538 prae
222 490 342 537 frigore
359 491 527 524 exterioris
553 500 642 535 aquae
663 485 801 522 densatae
824 489 868 520 ita
896 487 995 522 firmae
1013 489 1106 532 sunt,
1130 501 1166 523 ut
1187 488 1307 524 malleo
1333 489 1438 537 frangi
1464 503 1530 525 non

132 537 261 588 possint.
273 537 391 574 Tertio
404 566 415 580 ,
429 549 577 573 extremo
590 540 624 573 δε
639 537 730 570 tenui
748 537 841 584 apice
871 535 1012 584 disrupto
1042 537 1184 586 lacryma
1205 549 1276 571 raro
1301 537 1524 585 confringitur.

130 588 277 623 nondum
289 588 412 634 quippe
424 596 546 620 meatus
557 584 639 620 fiunt
654 582 725 619 satis
737 586 857 633 aperti,
877 596 912 620 ut
927 583 1053 621 subtilis
1066 587 1208 621 mareriae
1227 597 1332 634 partes
1346 586 1526 634 majusculae

129 634 236 671 subire
251 633 378 683 possint.
401 635 466 669 Sed
479 633 535 669 ubi
548 646 617 681 pars
632 633 770 683 oblongi
783 633 858 668 colli
875 633 1002 670 craffior
1013 664 1023 678 ,
1046 635 1105 671 vel
1122 635 1302 684 digitorum
1328 647 1391 684 ope
1405 634 1525 670 reseca-

130 694 197 728 tur,
215 691 288 718 'turn
300 682 424 719 subtilis
441 686 582 719 materia·
593 681 768 732 majoribus
780 687 899 718 atomis
921 685 1042 719 donata
1060 684 1235 720 confestim
1255 685 1345 718 irruit
1359 713 1368 728 ‚
1385 686 1436 718 cui
1452 697 1524 720 cum

127 734 234 768 exitus
252 745 320 768 non
332 744 461 781 pateat,
485 734 604 768 vitrum
620 733 852 768 comminuitur
864 762 874 776 ‚
890 730 1031 781 cumque
1047 738 1206 781 majorem
1219 731 1460 781 impressionem
1473 733 1523 767 fa-

127 783 193 817 ciat
204 783 239 816 in
254 793 381 830 partem
394 782 544 830 lacrymat
560 780 760 830 oblongam,
789 794 860 828 quae
887 782 935 815 est
958 782 1047 817 velut
1062 783 1162 817 cauda
1182 793 1239 816 aut
1258 781 1398 826 collum,
1420 793 1520 829 atque

126 831 161 865 in
174 842 247 866 eam
264 832 352 867 resta
372 835 513 866 incurrat
523 861 532 874 ‚
545 833 580 865 in
595 829 812 865 tenuiffimum
830 829 999 878 pulverem
1009 844 1081 866 eam
1090 833 1238 866 conterit.
1254 831 1379 866 Contra
1393 833 1520 874 uvenit,

124 878 146 914 fi
167 878 305 914 fundum
336 879 485 928 lacrymae
503 879 638 928 pulvere
653 879 832 928 Smyridis‚
857 878 959 928 vulgo
984 883 1091 929 pierre
1113 879 1259 914 d'emeril
1273 909 1282 923 ‚
1318 892 1385 928 quo
1400 876 1519 915 scilicet

147 939 261 963 emmae
269 928 365 976 poliri
381 928 503 972 solent,
524 940 580 963 aut
596 931 704 977 potius
719 940 791 962 cum
802 919 934 964 arenula
949 928 1078 964 deteras
1089 944 1097 966 ε
1110 940 1180 964 tum
1201 930 1290 963 enim
1310 941 1380 978 pars
1393 927 1519 964 emmor

121 941 274 1026 lacrymae
287 990 404 1027 magno
421 989 493 1012 cum
504 977 637 1025 strepitu
649 979 684 1012 in
703 975 925 1012 minutissnnas
939 989 1045 1026 partes
1059 975 1129 1028 sqpq
1141 976 1343 1014 diffiliet.Sed
1355 979 1396 1012 de
1413 978 1460 1013 his
1472 978 1517 1012 la..

121 1025 264 1076 chrymis
285 1027 370 1063 infra
389 1025 486 1062 fusius
502 1055 513 1070 ,
534 1025 590 1061 ubi
601 1026 690 1074 hujus
700 1025 912 1062 Phaenomeni
925 1029 1065 1063 rationes
1088 1026 1194 1063 multo
1209 1026 1448 1075 probabiliores
1467 1025 1517 1061 af.

119 1073 277 1111 ferentur.

154 1122 277 1166 Sexto,
299 1123 458 1159 summam
480 1123 541 1159 esse
556 1122 831 1160 &incredibilem
853 1127 993 1159 materiae
1012 1125 1103 1171 hujus
1131 1123 1277 1167 subtilis,
1299 1135 1367 1159 turn
1395 1126 1491 1172 primi
1504 1140 1515 1157 ι

120 1183 192 1207 turn
215 1171 343 1208 secundi
361 1172 518 1208 elementi
545 1174 742 1208 varietatem
770 1201 780 1216 ‚
812 1172 955 1207 diversos
981 1173 1066 1208 illius
1091 1185 1200 1208 motus
1222 1178 1257 1210 ὃς
1275 1176 1379 1208 varias
1406 1174 1514 1222 leges·

117 1219 194 1256 hinc
215 1223 375 1269 conjicere
394 1219 575 1269 polsumns,
591 1221 681 1268 quod
700 1220 798 1256 fluida
814 1232 954 1267 quaeque
973 1233 1108 1270 corpora
1125 1232 1248 1256 tueatur
1273 1227 1307 1257 &
1327 1219 1514 1257 conserveti

117 1279 192 1316 quae
214 1269 322 1305 statim
343 1279 590 1318 corrumpuntur
605 1297 616 1312 ‚
643 1268 699 1305 ubi
728 1268 853 1304 subtilis
886 1270 972 1304 illius
1001 1273 1144 1319 corporis
1162 1281 1270 1305 motus
1293 1269 1511 1317 perturbatur.

115 1319 207 1354 Nam
217 1321 410 1368 praecipuum
423 1317 504 1353 illius
518 1317 695 1353 substantia:
705 1329 818 1353 munus
831 1318 875 1353 est
891 1330 995 1366 partes
1015 1331 1187 1367 corporum
1207 1324 1240 1356 &
1254 1317 1426 1354 fluidorum
1437 1332 1506 1354 ma-

114 1368 202 1402 xime
213 1368 254 1401 ad
275 1365 320 1402 sui
335 1367 446 1402 motus
459 1367 547 1416 leges
565 1366 738 1403 inflectere·
764 1368 838 1404 Nec
851 1369 1023 1415 quicquam
1032 1367 1120 1402 aliud
1140 1379 1244 1403 certos
1265 1372 1299 1404 &
1317 1379 1438 1404 itatuiae
1449 1381 1507 1403 cu-

113 1414 226 1463 jusque
244 1418 389 1465 corporis
404 1428 637 1465 attemperatos
646 1427 753 1451 motus
774 1419 856 1450 tueri
869 1416 983 1464 potest.
1002 1419 1157 1465 Tumque
1177 1428 1226 1451 res
1244 1419 1277 1451 in
1298 1417 1437 1451 naturali
1456 1417 1507 1452 sua

113 1463 321 1513 dispositione
333 1464 538 1514 perseverat,
570 1478 644 1501 cum
666 1464 792 1501 subtilis
811 1463 868 1500 illa
891 1470 924 1502 ὅ(
943 1467 1059 1501 cuncta
1075 1477 1248 1516 permeans
1268 1464 1443 1502 substantia
1465 1465 1505 1501 fic

112 1524 182 1548 rem
191 1513 296 1563 'ipsam
309 1526 429 1550 movet
442 1543 451 1557 ,
472 1520 505 1551 ὅ(
518 1513 659 1563 disponit
668 1543 677 1556 ,
695 1525 733 1549 ut
748 1516 853 1560 prima
863 1514 946 1549 illius
960 1517 1083 1550 creatio
1099 1521 1133 1553 δε
1145 1527 1257 1550 natura
1269 1517 1369 1563 exigit
1381 1532 1390 1558 3
1404 1524 1504 1562 atque

77 1573 79 1576 ⁴
113 1573 160 1596 eae
173 1562 349 1609 qualitates
363 1562 417 1597 feu
429 1565 566 1597 materiae
578 1561 700 1596 subtilis
714 1560 939 1609 impreffiones
951 1574 1086 1598 manent
1098 1592 1108 1606 ‚
1133 1575 1204 1609 quae
1215 1566 1350 1610 propriis
1363 1563 1503 1599 functio.

112 1609 207 1645 nibus
222 1612 391 1646 exerendis
408 1609 479 1645 sunt
489 1609 666 1645 necessariae
679 1622 758 1645 :nec
775 1609 845 1644 fere
862 1609 991 1644 aliunde
1004 1623 1108 1645 rerum
1123 1613 1317 1645 mutationes
1336 1616 1370 1647 &
1389 1614 1502 1647 interi-

114 1669 164 1693 tus
174 1661 319 1694 oriuntur
332 1688 342 1703 ‚
361 1659 463 1707 quarn
481 1671 520 1694 ex
539 1658 660 1694 subtilis
677 1658 760 1694 illius
784 1657 965 1694 substantiae
986 1671 1080 1697 motu
1101 1688 1112 1704 ‚
1149 1671 1207 1694 aut
1230 1660 1391 1708 impedito
1408 1689 1418 1705 ,
1446 1673 1501 1696 aut

110 1707 312 1756 perturbato.

148 1757 232 1791 Haec
243 1757 313 1792 fere
330 1755 402 1791 sunt
414 1767 486 1802 quae
501 1756 539 1791 ad
554 1756 743 1805 explicanda
763 1760 798 1793 &
817 1755 1041 1792 confirmanda
1063 1753 1201 1791 Cartefii
1217 1756 1371 1806 principia
1393 1757 1501 1793 afferri

109 1804 237 1854 possunt
251 1819 258 1840 ε
272 1805 401 1853 reliqua
416 1807 503 1840 enim
519 1819 591 1853 quae
607 1805 649 1840 ad
673 1806 788 1841 mundi
807 1805 965 1855 systema,
992 1816 1048 1840 aut
1069 1805 1110 1839 ad
1132 1803 1307 1852 qualitates
1336 1818 1443 1842 rerum
1464 1813 1498 1845 &

109 1866 242 1890 motum
253 1857 421 1904 pertinent
436 1883 446 1898 ,
467 1854 522 1890 suo
537 1867 674 1903 quaeque
687 1854 762 1890 loco
776 1853 983 1890 commodius
1004 1864 1218 1903 exponentur.
1240 1856 1339 1890 Nunc
1355 1868 1427 1903 quae
1443 1870 1499 1891 no»

109 1902 159 1938 bis
173 1906 205 1940 in
218 1904 281 1939 hoc
298 1902 548 1952 philosophandi
565 1916 685 1953 genere
704 1915 761 1939 aut
772 1903 955 1953 probabilia
967 1933 980 1949 ,
999 1915 1054 1940 aut
1074 1903 1339 1954 reprehendenda
1360 1906 1496 1942 videan-

110 1962 185 1997 tur,
213 1951 360 1989 breviter
374 1954 420 1990 ’δε
442 1953 577 1989 candide
603 1955 795 2002 aperiemus,

277 2018 279 2020 ·
484 2006 596 2037 Princi
620 2005 652 2037 ia
665 2003 860 2048 Cartefiana
887 2003 1104 2039 excutiuntur.

181 2051 314 2085 Rimum
335 2051 468 2098 quidem
482 2050 560 2085 illud
573 2013 735 2087 observati
751 2051 874 2090 debet,
899 2053 1054 2100 principia
1076 2050 1260 2088 Cartesiana
1285 2064 1359 2087 cum
1377 2054 1490 2101 Epicu,

182 2100 243 2134 reis
260 2102 293 2135 in
307 2099 369 2134 hoc
384 2102 562 2135 convenire
572 2129 581 2144 ‚
601 2100 689 2148 quod
710 2113 847 2149 utraque
861 2100 919 2137 fint
930 2100 1138 2144 mechanica,
1160 2114 1198 2136 ex
1211 2100 1309 2149 figura
1327 2105 1491 2146 nimirum,

104 2159 201 2184 motu
216 2177 225 2190 ,
244 2154 277 2186 &
291 2148 361 2184 aliis
371 2147 599 2184 afficffionibus
607 2163 779 2199 corporum
790 2151 893 2187 dusta.
904 2151 1006 2188 Unde
1022 2156 1054 2186 &
1072 2151 1137 2186 haec
1151 2149 1397 2198 philoibphandi
1408 2154 1492 2185 ratio

108 2197 335 2246 corpuscularis
356 2197 375 2233 ὲ
393 2198 558 2233 nonnullis
567 2201 746 2244 vocitatur,
759 2201 849 2248 quod
866 2213 924 2249 per
940 2197 1403 2248 corpusmla:&niinutiffinias
1417 2212 1491 2248 par-

108 2257 154 2281 tes
171 2276 180 2289 ‚
200 2259 322 2282 naturae
342 2246 514 2282 artificium
530 2277 539 2290 ,
564 2249 755 2283 varietatem
777 2261 905 2293 rerum,
922 2261 1031 2285 motus
1051 2253 1084 2285 &
1106 2249 1239 2285 effeetus
1262 2250 1367 2293 potius
1388 2247 1487 2294 quam

104 2308 162 2343 per
177 2296 297 2330 formas
311 2295 546 2339 substantiales>
563 2308 619 2331 aut
636 2296 810 2343 qualitates
824 2311 896 2345 quae
914 2312 982 2334 non
996 2298 1065 2333 sunt
1076 2299 1159 2332 adeo
1179 2295 1346 2331 intellectu
1363 2296 1488 2340 faciles,

98 2344 258 2395 explicate
271 2345 424 2382 moliatur
445 2360 452 2382 :
470 2347 557 2395 quod
574 2357 686 2394 utique
704 2346 1009 2396 reprehendendum
1026 2360 1093 2382 non
1121 2356 1198 2395 puto
1212 2374 1224 2390 ,
1253 2345 1434 2382 dummodo
1452 2347 1485 2381 id
