1878 2724
556 131 714 170 PARS
751 131 993 170 TERTIA.
1428 136 1467 174 '62

84 180 146 229 qui
156 180 219 218 sese
235 181 321 218 inter
338 192 392 216 eas
403 181 548 219 valvulas
560 187 596 220 &
606 182 730 231 septum
741 182 882 217 medium
892 181 1041 225 infinuat,
1056 181 1102 216 ita
1121 178 1174 217 eas
1198 178 1291 219 inflat
1304 209 1316 226 ,
1337 187 1372 221 δε
1384 145 1485 221 mog

89 229 130 266 lit
141 231 284 268 valvulas
295 260 305 275 ‚
319 242 356 266 ut
369 233 402 267 in
416 245 535 268 venam
545 243 658 267 cavam
673 233 778 267 redire
789 244 855 267 non
865 230 959 280 possit
968 254 982 275 —,
996 243 1104 279 neque
1115 231 1196 266 alius
1207 235 1238 267 ei
1249 232 1348 282 quam
1360 247 1417 282 per
1427 243 1480 279 at-

89 282 205 315 teriam
217 279 403 329 pulmonum
412 293 523 330 pateat
537 283 651 317 exitus.
664 280 725 315 ista
738 292 847 316 autem
856 292 902 314 ,εκ
915 278 1066 329 appositis
1086 279 1194 329 figuris
1208 294 1288 329 quas
1301 294 1340 317 ex
1352 283 1480 332 peritis-

86 325 167 364 fimo
183 331 379 365 Anatomico
390 332 543 366 Louvero
556 328 780 379 desumpsimus
796 358 806 373 ,
829 327 955 364 facilius
976 329 1210 378 intelligentur.

125 377 178 413 Ad
189 378 271 414 hanc
282 377 436 414 tabellam
453 382 595 428 pertinet
605 377 659 425 fig.
676 387 704 427 5²
721 378 789 416 tab.
799 377 865 415 tra
876 381 919 414 D.
937 380 1085 413 Perrault
1101 379 1277 417 delineata.
1291 383 1335 416 Ea
1346 380 1482 418 exhibet

87 437 143 461 cot
154 427 243 475 piscis
256 456 265 472 ,
275 426 376 477 vulgo
389 428 418 463 le
431 430 496 464 lieu
508 429 586 464 dicti
599 457 608 472 ‚
627 420 656 463 Ἀ
673 456 683 472 ,
697 429 744 463 est
755 426 893 464 auricula
907 426 1022 463 finistra
1033 457 1043 473 ‚
1060 430 1084 463 B
1101 441 1157 463 cor
1171 428 1274 477 ipsum
1285 459 1296 476 ‚
1315 430 1482 467 Cauricu.

86 474 120 511 la
130 475 244 512 dextra
254 505 266 521 ‚
282 480 316 513 D
328 478 398 512 duo
413 490 505 514 venae
520 477 780 514 cavaewforamina
797 495 808 523 3
829 478 874 521 E,
891 476 1006 515 Aona.

155 623 255 670 Igura
263 624 370 673 prima
381 627 536 659 contrarii
544 624 665 659 ordinis
670 622 774 670 fibras
792 626 826 659 in
834 623 1013 658 ventriculo
1026 622 1131 657 cordis
1143 620 1277 666 ostendit
1294 649 1303 660 ‚
1325 633 1390 668 quae
1411 634 1481 657 cum

146 671 215 716 fint
225 673 382 722 longiores
389 672 437 706 ad
442 686 549 708 conum
559 672 655 720 usque
658 675 851 722 perveniunt
868 700 875 711 ,
892 674 931 708 (θ’
943 674 1028 707 circa
1039 672 1137 720 ipsum
1156 681 1348 717 torquentur
1359 671 1422 716 :fic
1430 682 1481 706 ta-

85 732 158 756 men
176 730 212 754 ut
221 731 300 769 pars
314 721 421 756 media
439 724 507 757 com·
511 721 557 768 fit
571 721 757 766 tenuissima.
772 723 829 756 Sic
836 720 923 766 fibra
934 732 1002 755 tum
1012 722 1182 754 exteriores
1195 722 1223 753 C
1236 747 1246 762 ,
1264 731 1330 754 tum
1347 721 1480 755 interia-

88 781 140 803 res
150 771 186 802 D
195 798 205 813 ‚
217 772 249 805 in
261 769 336 805 duos
349 772 493 805 tendines
507 773 546 805 A
560 769 598 806 (θ’
610 773 637 804 Β
646 773 695 805 ita
705 769 853 817 definunt
864 798 873 810 ,
892 780 929 805 ut
939 781 1002 817 quae
1017 771 1158 804 exterior
1160 768 1235 815 fuit
1251 770 1285 803 in
1297 780 1357 803 uno
1368 768 1480 809 latere,

82 816 149 864 fiat
161 820 298 854 interior
311 823 344 854 in
353 820 466 856 altero.
679 853 681 855 .
1468 845 1474 850 -

126 867 274 902 Secunda
284 867 411 902 exhibet
424 867 529 914 fibras
543 870 713 903 exteriores
729 867 833 903 cordis
848 879 912 915 quae
929 870 963 902 in
972 869 1066 915 spire
1082 865 1209 901 modum
1229 866 1371 913 definunt
1386 869 1420 902 in
1433 879 1481 902 co-

83 925 160 949 num
174 942 182 954 ‚
202 916 292 949 velut
302 918 335 950 in
346 929 507 950 commune
518 927 668 953 centrum.

124 964 238 1011 Tertiq
246 965 422 1000 ventriculi
428 964 550 1010 stnistri
558 975 705 1014 apertum
716 965 821 1011 finum
830 963 963 1009 ostendit
974 978 986 998 .·
1020 959 1077 997 ubi
1094 974 1181 997 vena
1192 963 1396 1012 pulmonaria
1412 966 1452 998 A
1466 970 1480 1006 ,'

82 1012 230 1048 auriculae'
240 1017 269 1048 B
281 1042 291 1057 ,
301 1013 365 1048 duae
390 1015 532 1048 vulvula
558 1014 743 1062 tricuspides
755 1015 792 1047 D
803 1016 840 1047 D
852 1041 862 1052 ,
882 1025 945 1059 qua
954 1022 1037 1046 venae
1052 1012 1214 1059 pubnonis
1226 1011 1298 1056 ostio
1310 1024 1479 1061 apponun-

87 1071 282 1096 rurscarneae
295 1062 439 1096 calumme
457 1089 466 1100 ‚
485 1065 516 1096 E
529 1091 540 1106 ‚
550 1064 580 1094 E
589 1090 599 1105 ‚
613 1074 677 1108 quae
691 1075 731 1096 ex
748 1073 883 1109 utroque
896 1061 1071 1095 ventriculi
1087 1060 1189 1094 latere
1195 1071 1426 1110 prorumpunt,
1436 1062 1475 1109 fi

86 1107 146 1145 brae
166 1121 279 1145 carnea
290 1112 451 1145 interioris
464 1111 641 1146 ventriculi
657 1113 685 1143 F
696 1112 734 1148 F.
750 1136 753 1140 .
1342 1121 1344 1123 ’

120 1159 248 1205 Qarta
257 1170 403 1194 truncum
416 1171 508 1193 aortae
527 1162 555 1192 B
558 1159 678 1204 seflum
681 1163 781 1204 juxta
795 1157 957 1205 finistrum
975 1157 1079 1194 cordis
1090 1158 1306 1193 ventriculum
1330 1158 1459 1195 exhibea·
1470 1188 1477 1199 ,

83 1207 174 1241 'AA
184 1208 222 1240 A
234 1209 324 1254 ,sunt
337 1218 400 1242 tres
410 1208 550 1241 valvulae
560 1208 768 1253 fimilunares
786 1219 851 1254 quae
868 1207 1028 1255 refluxum
1036 1209 1208 1256 sanguinis
1227 1207 1405 1257 impediunt
1420 1223 1428 1244 ε
1446 1211 1479 1244 E

83 1257 116 1290 E
114 1257 198 1303 fient
213 1255 277 1291 duae
290 1257 433 1292 mitrales
451 1257 591 1292 valvulae
601 1258 675 1304 ,seu
690 1256 1020 1306 tricuspides,reflexae
1035 1267 1071 1291 ut
1088 1255 1275 1293 videantur,

118 1357 198 1402 Jam
208 1356 346 1391 distentae
355 1368 470 1405 praeter
480 1366 628 1392 naturam
641 1357 765 1392 arteriae
775 1357 808 1391 vi
822 1356 950 1404 propria
961 1366 1018 1404 per
1033 1353 1131 1391 fibras
1142 1354 1378 1401 transversas5ut
1391 1357 1477 1394 mus.

81 1405 148 1439 culi
165 1406 403 1441 contrahuntur.
421 1407 511 1442 Hinc
524 1419 590 1442 non
600 1408 634 1441 in
645 1407 766 1440 arteriis
777 1403 876 1440 modo
885 1434 895 1448 ,
905 1404 958 1440 sed
971 1406 1070 1440 etiam
1079 1406 1112 1440 in
1123 1403 1402 1451 majoribus-venis
1412 1407 1476 1442 ob-

83 1452 226 1489 servatur
239 1466 345 1489 motus
363 1455 496 1502 quidam
508 1454 717 1504 peristalticus
728 1460 763 1492 δι
773 1453 993 1491 vermicularis
1002 1482 1014 1498 ,
1031 1453 1136 1502 qualis
1146 1455 1181 1489 in
1193 1452 1264 1503 ipfis
1275 1458 1416 1492 cernitur
1426 1459 1476 1493 in.

83 1503 218 1539 testinis.
234 1505 331 1540 Nunc
340 1504 380 1538 ad
390 1505 496 1539 cordis
514 1503 671 1540 fabricam
683 1505 860 1540 redeamus.

116 1552 168 1587 Ad
180 1552 368 1587 strusturarn
379 1553 481 1588 cordis
495 1555 661 1602 pertinent
669 1553 737 1588 duae
746 1552 808 1587 illae
816 1552 978 1598 auriculae,
991 1564 1063 1601 quae
1078 1554 1109 1589 in
1125 1550 1287 1600 utriusque
1303 1565 1392 1589 venae
1403 1567 1474 1591 corz·

80 1599 129 1635 dis
145 1629 154 1644 ,
170 1614 256 1637 cavae
269 1603 422 1637 nimirum
432 1607 465 1639 &
476 1602 683 1651 pulmonariae
692 1601 852 1637 ostiofica
879 1614 996 1646 tantur,
1009 1613 1045 1636 ut
1058 1604 1090 1636 in
1101 1613 1153 1636 eas
1166 1600 1306 1649 primum
1319 1615 1410 1640 venae
1429 1605 1476 1641 se-

81 1650 113 1685 se
127 1662 313 1686 exonerent.
332 1651 613 1687 Auriculaeiautem
628 1651 688 1686 illae
701 1651 769 1686 sunt
786 1616 918 1687 musiguli
938 1651 997 1687 suis
1018 1649 1107 1685 fibris
1118 1651 1277 1694 instructi,
1300 1654 1424 1701 quique
1441 1657 1475 1690 in

80 1699 243 1747 duplicem
257 1700 424 1735 tendinem
438 1699 596 1736 desinunt.
610 1703 738 1736 Horum
747 1702 861 1748 utique
874 1701 1041 1736 tendinum
1050 1711 1130 1735 unus
1143 1699 1189 1733 est
1203 1712 1277 1735 curn
1288 1699 1353 1735 basi
1367 1705 1474 1738 cordis

78 1751 260 1783 communis
275 1764 284 1791 3
298 1748 380 1783 alter
395 1751 452 1795 qui
464 1762 581 1784 venam
591 1761 704 1784 cavam
715 1760 772 1784 aut
782 1760 900 1785 venam
914 1747 1139 1797 pulmonarem
1149 1747 1271 1796 spectat
1285 1777 1296 1793 ‚
1313 1751 1346 1784 in
1363 1752 1474 1787 circuli

79 1797 212 1832 modum
227 1799 372 1834 vertitur.
386 1799 480 1845 Qin
491 1803 525 1835 ὃ(
537 1809 620 1833 vena
640 1810 719 1833 cava
737 1808 803 1845 qua
825 1809 917 1846 parte
941 1798 1009 1833 hiat
1034 1799 1068 1832 in
1084 1796 1258 1832 auriculam
1270 1826 1280 1841 ,
1303 1798 1475 1836 mustulofii

79 1857 211 1893 quoque
227 1847 330 1881 existit
342 1874 352 1888 ‚
371 1858 439 1881 tum
457 1858 492 1882 ut
505 1859 595 1882 venae
610 1858 736 1882 truncus
751 1858 806 1882 aut
820 1847 1011 1882 distendatur
1024 1873 1034 1888 ,
1050 1857 1105 1880 aut
1122 1845 1332 1881 contrahatur
1348 1876 1357 1890 ‚
1373 1860 1473 1897 atque

79 1894 121 1929 ad
133 1894 278 1929 auriculae
288 1895 475 1931 demensum
490 1895 676 1945 sanguinem
691 1893 874 1943 suppeditet
885 1911 895 1938 ;
913 1907 982 1931 turn
992 1906 1026 1930 ut
1037 1894 1221 1943 sanguinem
1232 1907 1305 1929 curn
1316 1909 1394 1945 opus
1406 1899 1450 1933 est
1462 1927 1473 1944 ‚

79 1944 113 1978 in
123 1943 221 1991 ipsam
231 1944 405 1979 auriculam
415 1943 552 1980 validius
566 1943 818 1993 protrudat.Nifi
830 1947 916 1981 enim
929 1956 1014 1980 vena
1024 1956 1104 1979 cava
1113 1956 1151 1978 ea
1164 1956 1255 1991 parte
1267 1943 1342 1980 esset
1355 1946 1474 1983 muscu-

78 1991 146 2027 losa
157 2021 167 2035 ‚
181 1990 237 2026 ubi
249 1992 389 2026 auricula
397 1994 596 2027 contrahitur
605 2006 662 2041 per
676 1992 772 2028 fibras
781 2022 791 2037 ,
804 2006 878 2040 quae
888 1996 922 2029 in
933 1993 1101 2028 tendinetn
1112 1993 1304 2028 inferiorern
1314 1993 1473 2040 defluunt,

79 2042 157 2078 &in
168 2039 384 2076 ventriculum
402 2042 507 2075 cordis
516 2040 579 2075 sese
591 2052 764 2084 exonerat,
786 2041 909 2090 sanguis
923 2042 940 2077 ὲ
966 2053 1051 2076 vena
1072 2053 1152 2075 cava
1165 2053 1355 2089 erumpens,
1375 2044 1473 2080 instat

78 2090 211 2124 vorticis
228 2091 260 2124 in
274 2087 407 2136 seipsum
426 2091 491 2124 aeti
508 2118 518 2133 ‚
532 2091 565 2124 in
583 2088 651 2137 ipso
664 2091 752 2123 exitu
762 2090 918 2125 aestuaret.
929 2091 1018 2135 Tum
1030 2091 1126 2138 igitur
1134 2101 1218 2124 vena
1231 2101 1310 2125 cava
1321 2089 1385 2126 sese
1395 2105 1474 2129 con·

80 2140 164 2173 tinet
177 2143 210 2174 &
223 2138 352 2172 coercet
363 2167 373 2181 ‚
391 2139 497 2174 donec
512 2138 652 2173 auricula
670 2137 761 2175 fibris
772 2138 835 2175 illis
848 2151 917 2186 quae
934 2137 976 2173 ab
988 2138 1146 2173 inferiore
1159 2139 1292 2174 tendine
1302 2141 1473 2189 incipiunt,

79 2198 233 2235 tanquam
244 2187 352 2234 digitis
362 2216 370 2230 ‚
382 2200 463 2234 quos
477 2193 510 2225 δε
525 2186 623 2236 figura
634 2192 667 2224 δε
677 2186 731 2222 usu
749 2188 893 2223 referunt
906 2217 916 2232 ‚
933 2186 1120 2237 sanguinem
1144 2187 1165 2223 ὲ
1185 2200 1268 2223 vena
1289 2201 1367 2223 cava
1385 2193 1471 2226 cxci..

78 2238 148 2284 piat
160 2265 168 2277 ‚
179 2236 266 2270 cordi
283 2235 336 2283 ipfi
351 2237 613 2272 traditura.1dem
626 2236 674 2271 est
685 2238 829 2272 auriculae
841 2266 851 2279 ,
868 2250 938 2285 quae
950 2249 1041 2272 venae
1054 2238 1235 2285 pulmonari
1246 2247 1375 2284 aptatur
1386 2268 1395 2282 ‚
1412 2252 1471 2274 na-

79 2296 155 2319 turae
167 2284 336 2320 artificium
349 2313 358 2328 ‚
369 2285 425 2320 nisi
435 2286 521 2334 quod
537 2286 600 2320 haec
612 2288 718 2320 minor
728 2286 770 2320 est
782 2287 895 2321 dextra
911 2286 1049 2321 auricula
1064 2301 1072 2323 ε
1093 2285 1199 2321 ambae
1216 2285 1302 2320 fimul
1317 2286 1471 2326 claudun*

78 2344 129 2368 tur
144 2340 176 2370 &
191 2334 394 2368 recluduntur
406 2365 415 2379 ‚
435 2335 523 2383 quod
536 2334 648 2370 iisdem
661 2333 750 2370 fibris
768 2337 851 2370 inter
865 2334 896 2369 se
916 2336 1101 2371 nectantur.
1428 2369 1430 2371 ,

111 2383 269 2419 Auriculae
282 2385 379 2432 igitur
392 2383 463 2421 sunt
472 2383 606 2421 musculi
616 2384 745 2421 rotundi
757 2413 768 2430 ‚
782 2389 817 2423 &
830 2386 951 2423 caviex
967 2382 1056 2421 fibris
1070 2386 1104 2421 in
1118 2382 1207 2432 spirae
1223 2383 1356 2422 modum
1373 2386 1470 2424 invo-

245 2433 338 2470 Tom.
351 2435 370 2468 I
371 2434 398 2470 l.
1158 2436 1190 2470 K
1202 2445 1225 2469 x
1235 2444 1259 2469 K
1271 2443 1294 2468 K
