1878 2724
374 169 447 213 446
672 158 931 200 PHYSICAE
973 158 1115 197 PARS
1153 158 1454 206 SECUJNDA.

369 213 482 249 multis
497 209 726 248 membranulis
740 209 922 246 involvitur
934 238 943 253 ‚
952 221 1025 257 quae
1036 208 1124 244 foliis
1135 207 1205 244 sunt
1218 220 1250 244 re
1275 217 1522 255 umento‚atqne
1540 219 1579 242 ea
1592 205 1761 245 involucra

371 261 524 311 paulatim
536 261 721 308 aperiuntur
732 287 742 303 ‚
756 270 792 293 ut
806 256 916 294 senfim
927 270 981 292 aut
990 270 1055 302 aer,
1065 269 1118 292 aut
1131 257 1240 305 pluvia
1251 222 1367 292 {ubeat
1380 285 1390 300 ‚
1414 263 1448 294 ὃ(
1462 256 1553 292 velut
1572 268 1630 305 per
1647 258 1762 305 gradus

371 309 479 345 colore
504 317 711 356 vegetentur.
744 307 908 342 Interdum
927 306 1043 341 folium
1065 306 1206 353 quodvis
1220 318 1357 354 gemmae
1388 307 1519 354 propria
1538 304 1763 341 membranula

373 359 491 405 tegitur
512 370 519 392 :
546 367 581 391 ut
605 355 716 390 videre
743 356 786 392 est
810 358 844 390 in
870 356 1009 405 corylo,
1023 353 1120 403 vulgo
1146 356 1298 400 noiscgier,
1315 367 1353 388 ou
1378 355 1525 394 coudrier
1541 354 1652 402 ‚quod
1672 353 1762 390 fibrae

372 409 404 440 in
425 407 464 441 iis
488 403 547 440 [int
568 402 729 440 craffiores
744 433 754 449 ,
780 402 888 452 neque
918 405 1001 438 adeo
1035 404 1205 452 comprimi
1234 402 1351 452 poffmt
1381 416 1390 438 ε
1429 404 1579 451 quocirca
1608 415 1651 438 ne
1683 405 1769 439 aeris<

371 450 463 501 ipsius
484 464 618 502 pateant
641 455 763 501 injuriis
775 482 785 497 ‚
803 451 859 502 per
873 453 942 488 illas
967 451 1206 489 membranulas
1217 453 1399 501 ineer'lefflts
1416 464 1546 489 caurum
1569 454 1606 487 iis
1620 451 1640 487 ὲ.
1653 462 1764 487 natura

372 503 447 539 fuit.

449 553 481 585 ui
496 548 553 587 {int
565 550 721 586 foliorum
741 550 810 586 usus
820 580 830 595 ,
846 547 1018 586 obscurum
1032 549 1092 585 esse
1101 563 1168 586 non
1177 550 1297 599 potest.
1319 548 1466 586 Primum
1488 551 1575 585 enim
1589 561 1767 600 antequam

373 603 565 636 evolvantur
577 629 591 643 ,
605 599 701 635 flores
719 599 802 649 ipsos
816 611 945 636 tuentur
959 629 970 644 ,
987 610 1023 634 ut
1039 599 1192 648 paulatim
1207 601 1273 634 vim
1294 602 1375 633 aeris
1388 598 1518 634 ferant:
1541 599 1701 648 explicata
1715 601 1764 637 foz

373 649 416 685 lia
435 650 552 685 fructus
565 647 769 697 potiffimt‘im
779 652 956 684 teneriores
966 677 976 693 ,
995 659 1032 683 ut
1048 660 1124 683 uvas
1139 677 1144 687 ,
1160 648 1249 700 fraga
1264 677 1276 691 ,
1301 653 1337 685 δε
1351 647 1430 682 alios
1445 646 1535 695 hujus
1545 648 1766 696 generisani.

373 701 442 734 mio
451 699 556 733 calore
568 697 757 734 defendunt.
771 700 859 733 Hinc
877 697 957 734 folia
977 700 1009 732 in
1022 699 1059 732 iis
1078 696 1194 746 plantis
1210 700 1281 732 tunt
1299 702 1419 743 majora
1442 697 1544 744 quam
1556 699 1594 731 in
1605 698 1697 733 malis
1710 709 1766 735 aut

373 749 405 782 in
414 750 531 796 myris:
545 747 635 795 quod
648 749 682 782 iu
692 746 741 782 his
757 746 882 783 fruch‘is
894 746 1112 795 parenchyma
1127 745 1254 781 solidius
1269 744 1359 794 ipsius
1377 747 1456 780 aeris
1468 745 1690 793 impreffiones
1702 749 1767 782 mi.

372 795 433 832 mis
453 796 654 832 reformidet.
678 804 714 832 2⁰
723 795 811 831 Folia
824 795 976 831 arborum
990 797 1158 830 nutritioni
1168 794 1343 831 inserviunt
1357 806 1455 831 :nam
1472 806 1585 830 eornm
1603 794 1691 831 fibrae
1709 807 1768 844 per

373 846 592 894 parenchyma
605 844 811 893 spongiosum
823 872 834 887 ‚
861 849 895 881 δι
918 844 1025 878 laxum
1045 844 1182 878 multum
1195 843 1276 878 succi
1295 845 1419 878 nutritii
1436 842 1566 878 trahunt
1581 856 1621 878 ex-
1635 855 1768 889 trunco,

374 899 410 931 &
422 894 532 928 radice
547 908 555 930 ε
575 905 613 927 ac
629 893 651 929 fi
667 892 745 927 folia
756 891 898 928 deeffent
910 920 920 935 ‚
933 891 1037 928 succus
1053 891 1107 926 ille
1118 894 1149 926 in
1166 891 1326 927 radicibus
1334 893 1502 940 stagnaret,
1519 897 1555 929 δε
1566 895 1688 929 exitum
1696 904 1768 929 non

375 941 441 978 hab
449 953 527 979 eret.
547 957 576 988 3⁰
595 943 682 977 Dum
699 939 780 976 succi
794 943 916 976 nutritii
929 953 1001 988 pars
1016 940 1143 975 crudior
1152 943 1185 975 in
1199 940 1278 975 folia
1288 941 1459 975 contendit
1471 969 1481 984 ‚
1495 952 1565 988 quae
1581 946 1692 989 purior
1706 941 1768 985 est,

375 993 410 1026 in
420 990 518 1026 flores
527 991 597 1026 abit
610 1019 620 1033 ‚
630 993 727 1025 autin
741 990 861 1028 fructus
871 1018 882 1034 ,
891 1001 945 1024 aut
964 992 997 1025 in
1014 988 1140 1024 semina.
1154 990 1255 1026 Unde
1265 989 1426 1037 inplantis
1444 1001 1514 1036 quae
1523 989 1617 1024 flores
1627 989 1768 1039 amplio-

376 1052 426 1074 res
441 1051 476 1075 ut
488 1039 572 1074 rosas
586 1039 742 1083 fundunt,
759 1042 813 1075 vix
826 1038 905 1073 ullus
919 1038 1002 1073 odor
1011 1040 1045 1073 in
1057 1037 1145 1072 foliis
1170 1038 1372 1084 relinquitur.
1407 1038 1532 1072 Contra
1555 1041 1667 1074 evenit
1681 1041 1714 1074 in
1727 1040 1768 1074 iis

375 1101 448 1136 quae
463 1088 658 1124 minusculos
668 1087 763 1123 flores
781 1086 930 1137 praebent
940 1116 950 1132 ,
962 1098 999 1122 ut
1012 1088 1045 1122 in
1063 1086 1216 1130 mentha,
1227 1084 1564 1131 balsam0‚abfinthio
1575 1101 1584 1123 z
1595 1099 1671 1123 nam
1685 1088 1768 1124 odor

377 1140 410 1172 in
424 1137 508 1172 foliis
530 1138 683 1185 vegetior
700 1147 820 1173 manet·
1547 1182 1549 1185 Ι

412 1186 508 1221 Foliis
528 1185 719 1233 plerumque
731 1184 927 1220 firccrescunt
936 1183 1040 1233 spinae‚
1054 1195 1107 1219 aut
1121 1183 1260 1233 lignosae,
1276 1193 1415 1232 quaeque
1434 1196 1474 1219 ex
1486 1184 1598 1220 iisdem
1612 1185 1768 1234 partibus,

378 1233 499 1282 quibus
516 1246 655 1282 gemmae
671 1233 742 1282 ipsae
753 1234 923 1277 constant3
940 1245 996 1267 aur
1019 1234 1186 1268 corticales
1203 1261 1213 1276 ‚
1234 1244 1371 1280 quarum
1383 1234 1505 1268 radices
1517 1233 1601 1268 ultra
1613 1237 1769 1272 corticem

377 1296 447 1320 non
469 1293 604 1331 patent,
624 1295 762 1330 quaeque
780 1280 903 1329 semper
920 1283 1160 1329 deprimuntur,
1186 1293 1295 1317 contra
1317 1292 1416 1327 atque
1441 1281 1579 1331 lignosae.
1612 1285 1665 1318 sic
1687 1283 1771 1319 folia

378 1331 450 1380 pilis
465 1331 627 1368 interdurn
640 1331 797 1377 lanuginis
807 1330 1008 1373 vestiuntur,
1027 1332 1084 1377 qui
1095 1342 1133 1364 ea
1151 1329 1237 1366 forte
1257 1329 1277 1365 ἐι
1293 1331 1396 1365 nimio
1413 1330 1536 1379 frigore
1548 1360 1558 1375 ,
1580 1344 1653 1366 cum
1666 1332 1774 1369 adhuc

378 1380 452 1416 sunt
471 1382 633 1416 teneriora
646 1409 655 1423 ,
666 1380 858 1416 defendunt.
871 1378 1013 1414 Globuli·
1022 1390 1153 1426 quoque
1171 1379 1259 1413 foliis
1269 1378 1457 1426 plerumque
1469 1379 1692 1425 adnascuntur,
1706 1379 1769 1418 five

379 1429 565 1477 pelluceant
577 1458 585 1473 ‚
602 1431 678 1464 utin
689 1429 822 1465 mentha
835 1446 844 1473 ς
859 1428 921 1464 five
935 1426 995 1464 sant
1007 1428 1152 1471 candidi,
1162 1430 1242 1463 utin
1253 1427 1361 1472 salvia,
1373 1429 1461 1476 iique
1471 1427 1566 1465 facile
1579 1441 1643 1478 ope
1653 1432 1770 1466 micro·-

379 1477 478 1525 scopii
489 1477 735 1526 conspiciuntur.
1083 1521 1088 1524 Ι
1758 1514 1761 1516 .

415 1529 493 1563 Tria
507 1526 705 1576 potissimum
723 1530 755 1563 in
765 1525 845 1562 flore
863 1526 995 1577 speffari
1006 1524 1143 1576 possunt,
1158 1524 1360 1562 involucrum
1374 1528 1511 1562 exterius
1523 1526 1617 1574 quod
1624 1526 1770 1584 casycern

380 1586 501 1612 vocant
514 1593 523 1620 ;
536 1575 616 1611 felia
630 1576 744 1625 ipsa‚&
760 1588 830 1625 pars
842 1574 927 1612 floris
943 1579 1071 1611 intima.
1089 1576 1194 1624 Calyx
1208 1588 1246 1610 ex
1257 1573 1370 1610 iisdem
1380 1574 1520 1624 partibus
1534 1575 1659 1611 constat
1670 1605 1680 1619 ‚
1697 1585 1770 1624 quae

380 1626 421 1660 ad
435 1624 516 1659 folia
528 1630 560 1661 &
571 1636 673 1660 totam
685 1626 828 1673 plantam
842 1628 1007 1674 pertinent
1017 1653 1027 1668 ,
1042 1624 1191 1673 pellicula
1203 1626 1354 1659 nimirum
1366 1653 1376 1667 ‚
1391 1624 1643 1673 parenchymate
1653 1653 1664 1668 ‚
1686 1630 1720 1662 δι
1732 1625 1773 1660 li·-

380 1672 482 1722 gnoso
496 1686 630 1722 corpore
647 1691 656 1718 3
671 1674 758 1721 isque
770 1673 858 1708 floris
873 1686 979 1723 partes
999 1682 1116 1708 tuetur.
1132 1673 1232 1710 Unde
1249 1671 1305 1707 ubi
1315 1671 1413 1707 flores
1426 1672 1509 1707 firmi
1529 1674 1618 1716 sunt,
1637 1678 1669 1711 δε
1683 1672 1772 1712 craffi

382 1734 418 1757 ut
430 1724 461 1757 in
475 1722 598 1771 tulippa
609 1751 618 1766 ,
630 1722 677 1757 ibi
688 1723 793 1758 nullus
805 1723 848 1758 est
857 1723 968 1772 calyx:
984 1720 1050 1770 quo
1065 1734 1174 1757 autem
1194 1721 1264 1757 sunt
1274 1721 1447 1756 debiliores
1459 1750 1469 1764 ,
1487 1720 1549 1757 hoc
1563 1720 1705 1758 firmiore
1715 1735 1772 1758 ca*-

382 1770 454 1820 lyce
473 1771 732 1819 indigentzcujus
745 1771 919 1818 aliquando
928 1770 975 1806 ob
984 1774 1140 1818 majorem
1154 1769 1342 1806 firmitatem
1355 1782 1432 1804 unus
1443 1770 1486 1804 est
1503 1782 1726 1815 contextuS,ut
1737 1773 1772 1808 in

382 1819 602 1868 caryophyllis
613 1848 622 1861 ‚
645 1820 698 1855 vel
710 1818 823 1855 ocellis
839 1850 848 1863 ‚
863 1834 893 1855 v.
906 1822 1013 1854 oeiltets
1026 1846 1033 1856 ‚
1048 1820 1158 1853 videre
1174 1819 1217 1852 est
1229 1833 1239 1854 z
1250 1820 1283 1853 in
1298 1818 1415 1865 quibus
1431 1830 1542 1853 tamen
1559 1818 1676 1866 calycis
1698 1830 1780 1868 pars

381 1866 502 1902 summa
532 1869 575 1903 est
598 1868 726 1903 dentata
742 1897 752 1911 ,
773 1879 809 1903 ut
823 1867 949 1903 facilius
973 1867 1121 1902 occludat
1146 1865 1244 1901 flores
1265 1867 1370 1901 adhuc
1392 1878 1519 1901 teneros
1534 1895 1544 1910 ‚
1571 1866 1689 1914 eosque
1705 1867 1772 1903 fut.

382 1917 446 1950 ciat
465 1944 474 1957 ‚
500 1927 574 1951 curn
597 1916 797 1963 explicantur
812 1945 822 1959 ‚
857 1922 891 1953 ὅ(
916 1915 1025 1951 senfim
1050 1915 1236 1950 dilatantur.
1278 1916 1413 1951 Interim
1436 1915 1555 1964 calycis
1578 1925 1684 1964 partes
1713 1926 1774 1952 ve'-

384 1963 432 1999 lut
456 1963 536 1998 foiia
560 1965 708 2013 quaedam
723 1963 953 2013 squammatim-
969 1963 1189 2013 disponuntur,
1204 1962 1380 2012 praesertim
1392 1962 1452 1998 ubi
1469 1962 1586 2000 florum
1602 1963 1682 1999 folia
1700 1964 1776 2006 sune

384 2011 593 2060 oblongiora.

420 2060 525 2097 Flores
541 2065 556 2099 ὲ
576 2059 687 2111 calyce
702 2073 854 2110 tanquam
870 2062 988 2099 &theca
1006 2063 1216 2111 prodeunt‚&
1230 2076 1269 2098 ex
1284 2061 1395 2098 iisdem
1405 2061 1548 2112 partibus
1571 2071 1773 2113 componune‘

385 2121 437 2146 tur
449 2121 583 2158 ,totque
599 2110 668 2146 sunt
686 2124 798 2146 eorum
816 2111 1024 2156 differentiae,
1049 2124 1085 2147 ut
1105 2112 1238 2159 longum
1259 2110 1334 2147 esset
1351 2118 1385 2149 &
1404 2111 1571 2148 molestum
1591 2125 1705 2147 ornnes
1719 2124 1772 2148 re-

385 2159 482 2196 ferre.
495 2162 584 2196 Nam
601 2160 656 2194 alii
669 2160 736 2195 fere
748 2160 765 2195 ὲ
782 2172 863 2195 terra
882 2162 1041 2208 prodeunt
1055 2190 1064 2205 ,
1086 2173 1120 2196 ut
1132 2162 1247 2205 violae3
1262 2160 1315 2195 alii
1334 2160 1452 2196 &caule
1463 2189 1473 2203 ,
1495 2171 1531 2195 ut
1554 2161 1777 2209 hyacinthus,⁴

385 2208 439 2242 alii
456 2209 472 2244 ὲ
489 2212 658 2244 cacumine
676 2208 743 2257 ipso
751 2239 764 2252 ,⁷
787 2221 822 2244 ut
839 2212 872 2244 in
886 2210 1041 2258 plerisque
1056 2210 1226 2245 arboribus
1246 2209 1320 2254 3alii
1335 2209 1479 2257 spicatim
1490 2219 1776 2258 congeruntur‚ut'

385 2258 419 2292 in
439 2256 611 2292 lavendula*
627 2274 637 2301 ·,
655 2258 712 2292 alii
729 2261 917 2293 racematirn
933 2288 941 2302 ‚
955 2271 992 2294 ut
1003 2262 1034 2295 in
1047 2261 1113 2294 vite
1126 2259 1195 2304 ·,alii
1205 2257 1409 2294 umbellatim
1419 2287 1428 2300 ‚
1442 2270 1478 2292 ut
1492 2260 1523 2293 in
1535 2258 1776 2304 feenicu103ali‘x

386 2304 509 2340 abeunt
550 2308 583 2341 in
617 2305 804 2356 lanuginem
815 2336 824 2349 ‚
854 2319 890 2341 ut
914 2309 947 2342 in
965 2310 1089 2343 carduis
1115 2322 1125 2344 ε
1157 2309 1289 2355 quidam
1314 2306 1385 2342 funt
1410 2307 1558 2351 unifolii‚
1582 2320 1619 2343 ut
1638 2309 1671 2343 in
1693 2320 1773 2343 con-

386 2353 521 2389 volvulo
546 2373 555 2398 ·,
581 2354 686 2403 plures
704 2369 746 2391 ex
767 2358 913 2403 quinque
937 2368 992 2392 aut
1009 2357 1131 2405 septem
1154 2357 1241 2392 foliis
1262 2386 1270 2397 ‚
1293 2355 1346 2390 alii
1368 2365 1406 2390 ex
1429 2356 1597 2404 plurimis,
1619 2357 1773 2393 seut-om-

386 2400 523 2448 plicatis,
535 2402 587 2439 seu
604 2404 779 2452 involutis,
786 2417 842 2442 aut
850 2404 908 2441 fibi
918 2417 1030 2444 mutuo
1042 2405 1305 2446 incumbentibus
1314 2403 1502 2443 conflantur.
1513 2408 1691 2454 Nunquam
1701 2405 1778 2447 fere,
