1878 2724
308 139 342 159 io
609 122 931 160 PHYSICAE
977 123 1335 159 GENERALIS

304 172 509 208 evidentiam
522 174 674 209 adsensus
691 176 863 222 pertinere,
882 170 934 206 sed
948 171 1076 207 firmam
1097 177 1132 209 &
1153 171 1363 209 immobilem
1390 170 1619 209 certitudinem
1632 201 1642 218 ,
1663 173 1700 211 δε

303 220 519 258 adliaelionem
529 226 620 258 unius
632 221 692 257 esse
706 222 912 263 intellectus,
930 220 1040 254 frustra
1053 221 1241 256 Academici
1262 222 1493 270 pertenderent
1518 222 1599 258 nihil
1617 224 1698 258 certi

304 272 324 307 {i
344 269 438 306 nobis
459 275 580 320 percipi
594 301 604 315 ,
632 270 683 306 sed
699 282 824 317 tantum
840 274 885 304 ita
901 269 1031 312 videri,
1049 280 1158 315 neque
1176 283 1236 304 nos
1257 283 1362 307 certos
1372 270 1434 307 effe
1449 285 1491 310 an
1504 272 1674 322 vigilemus
1686 301 1699 317 ,

303 333 359 356 aut
373 321 568 355 dormiamus
580 351 589 364 ‚
604 333 647 355 an
661 331 769 354 totum
780 318 816 354 fit
829 322 929 367 majus
948 317 999 353 sua
1012 328 1116 366 parte.

338 374 375 405 Et
397 369 468 404 sune
487 382 558 403 cum
571 371 611 404 de
630 381 735 403 rerum
751 369 918 403 existentia
933 368 1055 417 agitur,
1070 375 1190 415 negare
1201 377 1267 401 non
1282 367 1438 414 possumus
1453 396 1462 411 ,
1482 370 1562 415 quin
1579 382 1618 405 ea
1629 374 1701 406 exi⁴

303 420 383 453 stint
401 431 470 465 quii:
485 417 541 453 sub
566 418 666 453 sensus
689 419 778 454 reite
801 416 966 466 dispositos
990 418 1127 451 veniunt
1145 429 1153 450 ι
1177 412 1240 448 sive
1266 414 1308 449 de
1321 416 1531 461 qualitatibus
1545 447 1555 461 ,
1576 418 1640 455 sive
1658 421 1700 455 de

304 467 474 502 substantia
491 466 526 502 sit
540 468 683 515 quaestio.
695 469 732 502 Id
746 469 836 502 enim
846 465 971 514 semper
984 478 1097 500 verum
1109 465 1156 498 est
1172 462 1273 499 solem
1290 462 1351 499 esse
1370 463 1520 508 lucidum,
1532 468 1642 514 ignem
1652 469 1702 505 es.

303 516 333 550 se
349 516 501 553 calidum.
529 517 632 565 Qod
652 519 742 553 enim
755 515 850 551 rebus
863 514 933 565 ipsis
946 513 1042 550 ineffe
1057 524 1209 562 apparet,
1230 513 1261 546 id
1275 512 1468 560 qualitatem
1486 517 1701 562 nominamus,

303 566 391 613 quod
410 564 527 601 scilicet
546 569 590 602 est
606 565 783 613 ejusmodi,
803 578 840 601 ut
859 566 960 601 talem
975 567 1009 600 in
1023 562 1118 599 nobis
1128 562 1283 598 effectum
1297 574 1352 596 aut
1369 562 1483 596 caloris
1497 591 1506 605 ‚
1527 574 1583 597 aut
1604 563 1702 600 lumi-

303 618 351 651 nis
369 628 528 663 procreet.
541 618 750 664 Qiocunque
762 616 863 650 modo
875 615 940 650 haec
960 613 1055 649 nobis
1067 612 1259 648 videantur:
1294 624 1342 646 res
1354 610 1433 660 ipsas
1447 612 1532 646 unde
1549 614 1582 646 in
1598 612 1704 649 sensus

302 666 424 700 nostros
437 666 603 714 prodeunt
612 695 622 708 ,
646 665 724 700 tales
739 666 961 701 denominant.
974 665 1024 698 Sic
1034 661 1092 697 ubi
1109 673 1158 696 tot
1171 661 1346 709 qualitates
1359 663 1415 696 uni
1428 661 1474 695 rei
1485 664 1703 708 conveniunt,

302 726 338 749 ut
355 713 435 750 nulli
453 714 545 750 alteri
563 717 742 751 convenire
758 713 877 763 poffint
891 743 900 758 ‚
926 726 995 749 tum
1007 723 1097 747 certo
1116 716 1149 748 &
1169 709 1352 746 indubitate
1370 708 1528 746 affirmare
1542 708 1705 758 poffurmis

306 763 404 811 talem
417 762 644 809 substantiam,
658 776 694 799 ut
709 765 854 799 chartam
865 793 874 807 ,
895 773 1114 798 atramentum
1124 790 1134 804 ‚
1154 760 1317 795 calamum
1331 760 1351 795 a
1361 758 1456 794 nobis
1467 759 1582 795 videri.
1593 762 1704 809 Atque

304 811 462 861 ejusmodi
479 813 713 864 propositiones
741 825 895 862 tanquam
924 813 1083 862 principia
1096 812 1203 846 omnis
1230 811 1425 859 cognitionis
1448 807 1566 844 merito
1584 809 1703 846 haberi

305 861 445 911 poffunt.

341 912 388 947 Ac
400 911 506 948 nescio
517 913 592 961 quid
603 913 746 949 moverit
756 910 934 947 Cartesium
947 941 958 955 ,
979 922 1013 946 ut
1027 909 1299 946 Academicorum
1311 907 1505 944 sententiam
1515 909 1564 944 his
1580 908 1704 944 ratiun-

304 961 383 995 culis
407 961 596 1007 roboraret,
614 961 706 1009 quod
724 965 815 998 Deus
841 961 940 997 multa
961 958 1089 997 efficere
1113 957 1229 1006 possit,
1254 971 1324 1006 quae
1338 957 1509 993 intellectu
1525 956 1703 1005 complesti

306 1023 372 1044 non
387 1009 565 1058 possumus:
589 1013 621 1046 id
635 1014 724 1047 enim
738 1023 851 1046 verum
866 1012 918 1047 est.
944 1010 1007 1045 Sed
1027 1022 1101 1044 cum
1120 1008 1195 1043 hinc
1210 1007 1378 1042 concludit
1404 1005 1475 1042 fieri
1490 1004 1577 1055 poffe
1603 1018 1638 1041 ut
1652 1019 1704 1042 to-

306 1070 375 1094 tum
385 1065 485 1109 majus
498 1074 564 1097 non
575 1060 612 1096 fit
629 1061 680 1096 sua
693 1071 786 1107 parte
795 1089 804 1104 ,
824 1072 880 1095 aut
890 1059 939 1094 bis
952 1060 1018 1094 duo
1035 1071 1102 1093 non
1117 1056 1177 1092 fint
1188 1068 1326 1104 quatuor
1338 1073 1347 1099 3
1361 1056 1442 1090 nihil
1454 1059 1499 1091 im
1512 1055 1532 1091 ἐι
1543 1054 1637 1091 nobis
1651 1056 1703 1091 af..

304 1106 427 1143 firmari
448 1122 611 1158 oportere,
622 1109 708 1158 quasi
723 1109 819 1143 aliter
833 1107 895 1144 effe
911 1122 978 1145 non
988 1107 1100 1156 poffit:
1119 1107 1150 1140 id
1165 1109 1278 1153 utique
1292 1118 1358 1140 non
1372 1106 1593 1141 concedimus.
1609 1106 1704 1152 Qid

306 1160 395 1192 enim
409 1187 417 1200 ‚
441 1172 481 1194 an
501 1162 588 1195 Deus
603 1158 711 1194 facere
725 1156 825 1206 poffit
837 1169 872 1193 ut
882 1170 949 1193 non
970 1157 1100 1192 existam
1111 1183 1121 1199 ,
1144 1168 1217 1190 cum
1229 1156 1340 1203 cogito
1352 1165 1407 1189 me
1420 1154 1553 1188 existere
1574 1163 1584 1189 Ξ
1609 1155 1643 1188 id
1655 1154 1704 1189 sa-

304 1219 345 1241 ne
357 1207 493 1254 negabit
507 1207 665 1242 Cartesius
681 1224 689 1250 3
710 1219 766 1241 cur
783 1220 850 1241 non
874 1207 990 1240 eadem
1011 1207 1137 1239 ratione
1161 1205 1266 1238 dicam
1284 1203 1354 1239 fieri
1365 1215 1431 1238 non
1445 1201 1531 1250 posse
1541 1214 1577 1237 ut
1595 1213 1703 1238 totum

305 1268 371 1291 non
385 1255 532 1290 iitma'us
549 1256 598 1290 sua
614 1267 704 1304 parte
717 1267 771 1298 3ut
785 1267 848 1290 tres
861 1254 972 1303 anguli
986 1256 1077 1290 unius
1099 1252 1247 1300 trianguli
1263 1264 1330 1287 non
1347 1249 1407 1285 fint
1420 1251 1556 1298 :equales
1572 1250 1702 1286 duobus

305 1306 415 1348 recti53
429 1317 463 1339 ut
482 1270 531 1339 iiis
545 1306 609 1339 duo
620 1319 687 1341 non
698 1303 758 1339 sint
770 1310 956 1352 quatuor,&
968 1304 1028 1338 alia
1042 1301 1169 1337 infinita
1181 1299 1298 1348 quibus
1311 1312 1402 1334 mens
1416 1299 1633 1335 immobiliter
1643 1301 1703 1335 ad.

308 1353 507 1401 haetet,quod
520 1367 558 1388 ea
576 1354 661 1389 clare
674 1356 844 1403 percipiat.
862 1356 985 1401 Neque
995 1353 1158 1395 eadem‚ut
1177 1350 1372 1392 diximu5,est
1385 1350 1550 1384 evidentia
1562 1349 1702 1384 hominis

306 1403 497 1440 dormientis
509 1433 517 1447 ,
539 1406 593 1451 qui
616 1403 645 1438 se
659 1415 752 1453 putat
765 1403 918 1453 vigilare,
935 1408 967 1440 δε
986 1401 1172 1450 vigilanti8‚
1201 1411 1256 1434 aut
1268 1404 1333 1448 ejus
1360 1401 1415 1446 qui
1434 1401 1574 1446 percipit
1593 1410 1704 1434 totum

306 1458 407 1501 majus
423 1452 483 1488 effe
497 1453 549 1487 sua
567 1465 669 1502 parte.
681 1455 771 1488 Prior
784 1457 872 1489 enim
890 1453 933 1487 est
946 1450 1082 1487 adhaefio
1095 1449 1283 1485 intellectas
1296 1479 1305 1493 ‚
1324 1448 1482 1497 posterior
1498 1450 1705 1497 imaginatio-

306 1503 367 1538 nis.
383 1504 489 1549 Atque
502 1503 569 1537 haec
586 1502 685 1550 paulo
695 1501 826 1538 uberius
841 1500 1044 1549 exposuimus
1056 1530 1065 1544 ‚
1089 1497 1180 1547 quod
1194 1511 1347 1546 magnam
1374 1497 1479 1532 lucem
1503 1496 1640 1532 afferant
1662 1499 1703 1532 iis

307 1563 378 1598 quae
391 1553 423 1586 in
433 1551 565 1587 decursu
579 1552 672 1600 hujus
682 1554 788 1601 operis
805 1552 923 1588 dicturi
940 1551 1043 1587 sumus
1057 1564 1065 1587 ε
1087 1560 1174 1585 nunc
1189 1547 1230 1583 ad
1249 1546 1464 1596 Philosophia:
1484 1546 1635 1584 naturalis
1650 1546 1703 1588 d1-,

311 1599 469 1637 visionem
496 1601 704 1637 veniendum.

828 1700 859 1733 C
884 1700 912 1733 A
940 1701 965 1733 P
989 1699 1025 1733 U
1050 1700 1081 1732 T
1132 1699 1209 1732 111.

798 1798 854 1830 De
875 1795 1023 1844 Phyfices
1037 1794 1109 1828 divi
1124 1807 1202 1831 tone.

418 1897 590 1933 R³stoteles
604 1897 848 1946 Philosophiam
869 1892 1050 1929 naturalem
1082 1891 1235 1928 omnibus
1253 1904 1336 1940 pene
1356 1890 1415 1925 suis
1439 1887 1582 1938 partibus
1605 1887 1699 1923 abso-

419 1947 572 1990 solumm,
606 1960 641 1982 ut
665 1953 698 1984 &
729 1947 869 1994 reliquas
892 1941 1105 1990 Philosophia:
1127 1954 1234 1991 partes
1262 1943 1380 1990 primus
1412 1942 1446 1973 in
1480 1938 1628 1973 ordinem
1650 1938 1701 1971 di..

309 1997 400 2033 oeffit
426 2011 434 2031 :
473 2010 609 2045 cumque
628 1997 696 2032 duae
715 1995 775 2032 sint
789 1995 954 2043 praecipuae
966 1994 1056 2040 hujus
1069 1991 1208 2026 scientiae
1227 2003 1351 2039 partes,
1369 1988 1533 2023 Historica
1549 1993 1581 2024 &
1595 1989 1701 2022 AEtio-

309 2029 414 2096 fogica
426 2075 434 2089 ‚
450 2058 620 2094 utramque
641 2058 708 2081 tarn
723 2057 869 2080 accurate
885 2048 918 2080 δε
936 2040 1003 2077 fuse
1014 2043 1225 2089 pertractavit
1236 2071 1244 2083 ,
1259 2052 1295 2075 ut
1310 2052 1409 2075 nemo
1422 2068 1430 2081 ‚
1443 2049 1499 2071 aut
1506 2049 1631 2079 malote
1642 2049 1700 2070 co-

309 2098 363 2145 pia
374 2108 439 2140 ,aut
453 2096 623 2143 diligentia
631 2109 738 2130 rerum
751 2106 878 2130 naturas
888 2091 924 2127 fit
934 2091 1127 2140 persecutus.
1152 2093 1199 2126 Ac
1208 2088 1328 2126 merito
1335 2086 1512 2123 Franciscus
1532 2088 1616 2120 Baco
1631 2087 1699 2120 An-

308 2145 380 2190 gliae
391 2145 606 2179 Cancellarius
621 2145 802 2180 identidem
820 2141 998 2190 expostulat
1012 2169 1022 2183 ‚
1042 2139 1131 2187 quod
1142 2153 1215 2175 cum
1231 2152 1343 2174 omnes
1355 2150 1435 2172 artes
1450 2135 1606 2188 paulatim
1618 2135 1699 2167 adoa

310 2194 468 2238 leverim,
497 2200 531 2231 &
549 2193 569 2228 Ξῑ
587 2193 740 2229 tenuibus
756 2195 855 2228 initiis
878 2192 917 2225 ad
933 2189 1088 2224 summam
1109 2191 1318 2237 pervenerint
1338 2218 1345 2231 ‚
1366 2189 1432 2222 haec
1453 2184 1581 2218 scientia
1595 2211 1602 2224 ,
1630 2194 1698 2228 qua:

311 2246 457 2277 omnium
473 2256 557 2291 pene
571 2246 688 2278 artium
704 2243 750 2277 est
765 2253 878 2290 parens
895 2270 904 2283 ,
928 2241 982 2272 vix
1001 2238 1019 2274 Ξι
1036 2239 1162 2273 duobus
1177 2251 1335 2273 alili‘vrssm
1357 2234 1499 2270 millibu5
1513 2232 1606 2266 αιιέὶᾶ
1626 2230 1697 2264 fue-

311 2294 362 2326 rit.
383 2294 474 2338 Qin
490 2296 596 2340 potiti:
618 2293 792 2328 hominum
811 2290 1007 2338 negligentia
1028 2287 1135 2323 sensim
1153 2289 1348 2336 degenerare
1370 2283 1433 2317 visti
1453 2280 1496 2316 est
1524 2295 1530 2316 :
1561 2280 1644 2313 adeo
1663 2291 1696 2313 ut

313 2339 450 2374 scientiae
471 2343 629 2378 naturales
648 2343 793 2377 immotis
809 2340 898 2374 velut
918 2339 999 2373 stent
1020 2339 1161 2386 vestigiis
1181 2367 1189 2379 ,
1212 2344 1243 2373 ἃ
1269 2336 1435 2369 statuarum
1449 2343 1540 2366 more
1557 2329 1697 2384 adoren-

312 2400 372 2432 tur,
383 2403 446 2424 non
459 2403 734 2438 promoveantur-3
752 2390 851 2438 idque
873 2402 985 2424 eorum
1000 2390 1115 2423 inertia
1128 2389 1251 2423 facium
1269 2394 1373 2431 putat,
1391 2384 1446 2430 qui
1459 2381 1499 2415 ad
1512 2391 1601 2414 unius
1614 2406 1624 2420 ,
1644 2376 1697 2413 vel
