1878 2724
432 168 497 212 '492
933 161 1254 198 PHYsrcAE

426 215 594 252 ducerent.
604 215 712 260 Atque
722 241 732 256 ,
748 222 783 246 ut
793 211 970 248 identidem
980 214 1165 247 monuimus
1177 239 1186 254 ‚
1203 223 1242 246 ea
1253 209 1385 258 quidem
1399 220 1469 245 arte
1478 209 1522 245 est
1533 208 1680 258 disposita
1690 220 1818 262 corpo-j.¹

426 263 468 296 ris
484 264 580 298 nostri
592 262 759 303 machina,
778 273 814 294 ur
831 259 883 295 vel
893 261 1061 295 mediocris
1079 258 1241 308 impressio
1261 271 1394 307 magnos
1415 259 1602 307 plerumque
1621 261 1654 294 in
1671 273 1816 310 corpore:

425 324 531 346 motus
549 310 674 346 efficiat.
689 313 777 346 Nam
790 308 876 344 fibrae
892 321 1068 344 nervorum
1077 308 1120 343 ab
1134 308 1281 343 Authore
1295 319 1416 343 naturae
1432 320 1475 342 ita
1492 306 1567 342 sunt
1577 307 1734 358 colligata:
1749 338 1760 353 ,
1771 316 1815 349 &-

422 358 482 393 sibi
497 371 608 394 mutuo
619 357 768 394 consertae
778 387 788 402 ‚
804 370 840 392 ac
853 371 910 406 per
921 358 1037 406 longos
1047 358 1160 393 dudlus
1179 356 1316 394 extensae
1327 385 1336 399 ‚
1355 369 1390 391 ut
1402 356 1543 391 levii&u
1554 368 1724 394 commotae
1738 357 1819 401 sen->

424 406 490 442 sum
502 419 652 455 vegetum
670 411 704 445 in
719 406 1031 453 conimunisensorio
1041 435 1051 449 ,
1063 407 1198 453 quodin
1211 404 1275 453 ipsa
1288 417 1464 442 nervorum
1475 407 1599 453 origine
1611 405 1746 454 positum
1759 407 1818 448 es-3

424 454 453 489 se
462 454 652 492 arbitramur
665 486 674 500 ,
685 459 827 491 excitent
839 484 848 499 ,
867 456 999 504 quando
1015 455 1140 503 spiritus
1159 457 1194 489 inr
1207 467 1262 488 eos
1275 454 1364 492 velut
1377 453 1510 489 tubulos
1521 466 1594 488 cum
1608 456 1732 503 impetu
1745 458 1816 494 im-.

422 503 585 552 pelluntur
601 520 608 541 :
622 519 659 540 ac
673 504 771 540 sensus
784 505 831 549 fit,
843 504 901 539 ubi
912 507 1018 539 anima
1027 506 1165 539 lentiens
1177 515 1246 551 quae
1259 515 1327 538 tota
1339 505 1371 537 in
1386 504 1458 537 aditu
1472 507 1507 539 δι
1521 506 1651 550 energia
1664 505 1818 550 quadam-

422 551 577 597 consistit,
594 554 728 590 viciffim
741 554 814 588 huic
827 552 1006 602 impulsioni
1019 552 1137 588 obsistit
1147 582 1156 595 ,
1169 564 1307 599 eamque
1322 553 1470 600 percipit.
1489 553 1577 587 Nam
1600 551 1699 586 sensus
1724 553 1817 589 nihil.

421 602 468 635 est
484 614 594 648 praerer
612 605 776 639 adrionem
790 607 903 639 animae
912 605 994 638 circa
1004 600 1246 649 impressionem
1260 599 1301 636 ab
1312 600 1443 648 objedro
1453 600 1574 636 fastam
1587 613 1595 635 :
1607 599 1738 640 affectio
1750 614 1821 642 ves.

420 650 458 685 ro
473 650 547 693 illa,
563 663 617 687 aut
635 651 801 701 impressio
821 653 863 687 est
878 652 995 700 species
1009 648 1160 684 sensibilis
1182 665 1190 686 ι
1208 662 1317 697 neque
1341 650 1417 683 alias
1434 649 1523 698 hujus
1540 646 1666 696 generis
1688 649 1808 695 species

422 698 544 748 fingere
555 701 676 736 necesse
687 702 739 737 est.
754 702 857 748 Qod
865 714 938 735 cum
950 698 1089 735 multum
1100 698 1136 735 sit
1153 702 1186 737 in
1199 698 1312 736 scholis
1330 699 1486 747 agitatum
1499 726 1510 742 ,
1533 696 1630 747 paulo
1639 696 1733 734 fusius
1745 711 1808 738 no-

422 746 471 782 bis
487 747 694 797 probandum
713 750 764 785 est.
797 752 846 786 Sit
864 752 975 798 itaque

936 849 1054 883 Prima
1072 847 1246 894 Conclusio.

450 946 561 983 ›Nullae
576 947 693 995 species
706 945 935 981 intentionales
946 944 987 979 ab
998 945 1138 991 objeffis
1151 948 1183 980 in
1199 944 1299 980 sensus
1311 945 1432 982 nostros
1454 943 1630 993 profluunt.

454 995 619 1030 Probatur
639 995 810 1039 Conclusto.
827 1001 853 1030 10
872 997 956 1042 Qae
972 993 1008 1028 sit
1023 1006 1129 1028 earum
1143 994 1317 1042 specierum
1330 1006 1442 1028 natura
1454 994 1591 1042 intelligi
1601 1006 1666 1029 non
1680 995 1802 1042 potest:

418 1056 525 1090 neque
538 1047 625 1079 enim
643 1043 710 1078 sunt
722 1055 884 1090 corporeae
902 1054 956 1077 aut
971 1041 1142 1077 divisibiles
1155 1072 1165 1086 ‚
1179 1055 1251 1076 cum
1268 1045 1300 1076 in
1317 1045 1449 1077 minima
1460 1042 1591 1089 subjedti
1601 1071 1610 1085 ,
1631 1054 1685 1077 aut
1703 1045 1804 1077 inter..

416 1094 492 1139 jeffi
503 1093 602 1126 medii
612 1103 702 1140 parte
714 1102 790 1125 totae
803 1097 836 1128 &
845 1094 975 1139 integrae
987 1093 1195 1138 reperiantur.
1212 1091 1312 1138 Qod
1328 1090 1348 1125 si
1357 1119 1366 1134 ‚
1389 1102 1425 1125 ut
1440 1090 1585 1139 plerique
1596 1090 1710 1126 volunt
1721 1119 1730 1134 ,
1743 1090 1803 1127 sint

417 1140 710 1184 indivisibiles‚aut
721 1141 804 1174 inter
819 1152 934 1188 corpus
957 1144 991 1176 δε
1011 1139 1154 1187 spiritum
1175 1139 1368 1187 ambigant,
1391 1140 1560 1186 quomodo
1587 1138 1707 1174 sensum
1727 1153 1802 1175 mo-

416 1200 495 1224 vent
508 1218 518 1232 ‚
539 1201 679 1238 eumque
691 1187 830 1238 persaepe
842 1188 981 1224 laedunt?
993 1189 1161 1235 quomodo
1171 1200 1220 1223 res
1231 1187 1375 1224 extensas
1389 1188 1610 1236 repraesentant
1624 1215 1635 1231 ‚
1655 1200 1728 1223 cum
1744 1188 1803 1224 sint

416 1238 590 1274 divisibiles
602 1248 613 1273 Ξ

450 1295 484 1322 20
500 1289 619 1334 Neque
632 1288 725 1335 otigo
737 1315 747 1330 ‚
771 1291 805 1322 δέ
818 1285 909 1320 causa
922 1298 1033 1321 earum
1050 1288 1228 1334 imaginum
1239 1285 1309 1321 satis
1326 1287 1445 1321 idonea
1459 1284 1564 1320 afferi-i
1579 1287 1680 1335 potest
1693 1315 1703 1330 ‚
1725 1298 1800 1321 cum

413 1347 549 1384 corpora
564 1335 754 1384 plerumque
777 1337 891 1369 inertia
906 1363 916 1378 ‚
948 1340 982 1371 &
995 1334 1097 1369 otiosa
1111 1347 1178 1370 tam
1203 1335 1398 1371 excellentes
1417 1334 1537 1369 formas
1551 1347 1590 1370 ex
1614 1335 1644 1370 se
1659 1335 1798 1370 fundere
1812 1359 1813 1362 κ

413 1397 481 1420 non
494 1383 613 1432 possint
629 1399 636 1419 :
651 1397 691 1419 an
702 1384 788 1419 forte
801 1384 981 1431 e-potentia
992 1383 1126 1431 subJecti
1145 1396 1312 1427 eruuntur,
1333 1395 1387 1418 aut
1401 1395 1536 1430 corpora
1553 1413 1562 1427 ‚
1583 1396 1618 1418 ut
1632 1383 1731 1432 vulgo
1750 1396 1800 1418 re-

413 1432 562 1480 sponderi
574 1433 672 1476 solet,
684 1433 754 1467 sunt
771 1444 879 1467 earum
893 1434 1068 1481 imaginum
1085 1432 1182 1466 causae
1201 1435 1394 1480 aequivocae?
1421 1432 1453 1467 ld
1466 1430 1538 1466 sane
1551 1433 1654 1467 adhuc
1665 1431 1799 1470 mirabi-

411 1481 470 1516 lius
485 1482 613 1517 videtur
625 1511 634 1525 ,
658 1483 674 1517 ὲ
693 1481 798 1515 crassis
811 1486 846 1518 &
858 1484 990 1516 terrenis
1001 1480 1186 1529 corporibus
1203 1481 1325 1516 formas
1340 1483 1423 1516 adeo
1438 1480 1592 1528 spiritales
1617 1480 1799 1516 indesinen-

412 1541 461 1565 ter
473 1533 634 1578 procreari
649 1559 659 1574 ,
683 1542 739 1564 aut
749 1530 852 1566 educi.
862 1532 932 1578 Jam
942 1529 1055 1577 quibus
1070 1529 1224 1564 vehiculis
1242 1531 1281 1564 ad
1294 1542 1352 1564 nos
1367 1529 1461 1577 usque
1469 1532 1682 1577 perveniunt?
1696 1542 1736 1564 an
1750 1528 1796 1565 so.

410 1578 525 1614 litariae
541 1590 751 1627 prorumpunt
764 1608 773 1622 ‚
790 1591 830 1613 an
845 1580 1081 1627 propagatione
1094 1578 1234 1625 quadam
1251 1577 1475 1614 diffunduntur
1489 1607 1497 1621 ,
1515 1579 1610 1624 idque
1625 1580 1657 1613 in
1672 1579 1796 1626 punsto
1807 1604 1811 1619 ,-

412 1631 564 1675 temporis
575 1638 585 1656 ³
609 1631 687 1663 Haec
698 1627 803 1662 nescio
815 1639 857 1662 an
872 1639 951 1661 vera
962 1626 1020 1662 sint
1030 1656 1040 1671 ,
1057 1627 1137 1663 mihi
1152 1623 1225 1662 sane
1242 1628 1394 1663 videntur
1417 1628 1499 1662 adeo
1520 1626 1579 1661 esse
1592 1626 1746 1671 obscura,
1758 1633 1794 1666 δε

411 1677 578 1712 intellectu
589 1678 686 1711 ardua
698 1704 707 1718 ‚
724 1688 759 1710 ur
769 1677 949 1724 cognitioni
960 1688 1066 1711 rerum
1081 1676 1275 1724 explicandae
1294 1678 1396 1711 minus
1407 1675 1466 1710 sint
1479 1676 1606 1711 idonea.

449 1724 597 1770 Confirm.
609 1727 659 1762 Ut
673 1725 785 1758 demus
797 1724 912 1759 coloris
925 1723 1063 1772 speciem
1074 1727 1106 1759 in
1116 1725 1212 1759 oculo
1222 1726 1371 1773 depingi,
1382 1738 1421 1760 an
1431 1724 1517 1758 calor
1533 1723 1616 1765 forre
1631 1736 1687 1772 per
1700 1724 1794 1771 quid-
1806 1759 1809 1761 ,

410 1775 484 1807 clam
504 1773 587 1808 aliud
603 1775 774 1822 percipitur
792 1783 804 1808 ξ
831 1776 916 1821 Qiae
947 1772 1067 1822 figura,
1095 1785 1149 1808 aut
1167 1776 1276 1821 imago
1302 1773 1445 1807 calorem
1463 1774 1650 1820 exprimet-2
1676 1773 1715 1807 fic
1732 1771 1789 1807 ubi

409 1820 596 1856 verberatus
609 1835 664 1856 aer
675 1824 757 1855 auris
773 1833 962 1869 tympanum
973 1821 1088 1869 pulsat,
1099 1834 1153 1857 aut
1162 1822 1262 1856 suavis
1274 1822 1434 1856 exhalatio
1455 1821 1592 1856 olfactus
1611 1821 1688 1856 ferit
1697 1833 1791 1869 orga-

409 1884 484 1905 num
501 1898 510 1912 ‚
530 1870 609 1905 nibil
629 1867 749 1904 necesse
764 1871 806 1903 est
823 1869 929 1904 futiles
946 1871 1057 1906 illas&
1072 1871 1221 1905 evanidas
1234 1899 1244 1913 ,
1259 1881 1313 1904 aut
1328 1870 1394 1904 soni
1409 1899 1418 1912 ,
1451 1882 1504 1904 aut
1518 1870 1624 1903 odoris
1637 1897 1646 1910 ‚
1661 1870 1788 1905 adde&

409 1919 525 1964 saporis
539 1919 657 1966 species
682 1916 905 1962 comminisci,
922 1931 1001 1966 quas
1015 1931 1128 1966 ,nemo
1154 1919 1326 1967 cogitando
1340 1947 1350 1961 ‚
1373 1929 1427 1953 aut
1463 1916 1652 1965 disputando
1669 1916 1787 1964 assequi

409 1967 518 2014 potest.

935 2015 1123 2049 Diluuntur
1145 2015 1339 2058 obsessiones.

440 2064 527 2112 Opp.
544 2071 581 2098 1'2.
597 2061 774 2111 Objeaum
785 2065 910 2112 percipi
927 2077 991 2100 non
1004 2064 1112 2112 potest
1128 2063 1184 2100 nisi
1196 2062 1231 2098 sit
1244 2076 1317 2098 cum
1330 2063 1416 2099 sensii
1428 2065 1637 2111 conjuntstum
1651 2077 1658 2098 :
1673 2064 1724 2099 sed
1743 2064 1785 2100 il-

406 2112 459 2146 lud
471 2124 527 2160 per
538 2111 676 2159 seipsum
688 2115 756 2147 vim
768 2111 960 2148 sentientem
973 2126 1036 2147 non
1057 2110 1178 2156 afficit,
1199 2125 1303 2159 neque
1322 2126 1394 2148 eam
1413 2114 1544 2160 attingit
1562 2115 1729 2155 contactu,
1748 2125 1785 2148 ut
1802 2145 1804 2148 ,

405 2163 495 2195 aiunt
507 2189 516 2203 ,
536 2159 706 2208 suppositi,
724 2161 773 2195 sed
789 2163 1051 2196 virtutisttantum
1070 2175 1078 2196 :
1094 2174 1172 2210 ergo
1184 2161 1347 2209 objectum
1366 2174 1422 2209 per
1436 2159 1570 2208 speciem
1584 2161 1762 2209 impressam
1773 2191 1786 2205 ,

406 2221 559 2256 tanquam
569 2209 612 2243 sui
624 2211 773 2243 vicariam
784 2222 856 2244 curn
869 2209 953 2244 sensu
965 2215 1174 2258 conjungatur
1184 2209 1307 2245 necesse
1319 2211 1374 2246 est.
1389 2211 1471 2254 Qae
1483 2212 1595 2256 utique
1605 2212 1685 2244 ratio
1704 2223 1782 2257 pro-

405 2256 461 2291 bat
476 2258 590 2305 species
603 2271 667 2292 non
680 2257 836 2293 sensibiles
847 2257 946 2293 modo
957 2287 966 2301 ‚
983 2257 1032 2291 sed
1046 2261 1144 2294 etiam
1161 2258 1381 2305 intelligibiles
1400 2259 1538 2294 existere.
1560 2260 1647 2292 Hinc
1666 2259 1782 2293 Aristo·

405 2306 482 2341 teles
502 2307 679 2341 identidem
691 2307 787 2341 docet
806 2309 951 2343 animum
972 2307 1021 2341 his
1035 2305 1196 2355 speciebus
1221 2308 1430 2343 informatum
1450 2307 1695 2354 quodammodo
1711 2306 1779 2341 fieri

404 2368 524 2391 omnin.

438 2404 525 2453 Rcsp.
544 2408 707 2443 actionem
719 2435 727 2449 ,
746 2404 798 2441 seu
809 2404 1044 2454 impressionem
1056 2404 1145 2453 ipsius
1157 2404 1277 2452 objeeti
1291 2403 1378 2445 sensu
1390 2405 1510 2453 percipi
1530 2419 1538 2441 ε
1563 2417 1632 2452 quae
1648 2405 1780 2453 quidem
1795 2441 1798 2444 ,
