1878 2724
412 181 515 254 gitur.
544 219 582 251 In
595 217 727 251 homine
742 216 812 252 haec
821 225 934 264 quarta
949 216 1132 252 articulatio
1144 231 1210 253 non
1224 216 1311 252 deest
1327 228 1336 252 e
1365 215 1504 253 deficere
1527 225 1633 255 tamen
1658 218 1809 266 videtur;

411 269 489 315 quia
499 268 644 300 innititur
656 265 745 313 super
756 277 862 301 totam
871 265 961 315 pedis
971 265 1221 315 longitudinem,
1232 279 1377 302 nec-non
1389 265 1479 314 super
1489 267 1568 302 duos
1581 268 1731 303 articulos
1742 269 1808 305 cal,-

410 317 545 350 canei&
556 316 762 350 connexionis
777 315 963 364 digitorum.
972 317 1011 350 ln
1021 314 1141 352 avibus
1154 314 1318 365 longiores
1329 316 1421 364 digiti
1431 315 1522 350 velut
1532 315 1553 352 ἐι
1563 328 1676 352 centro
1685 329 1809 366 expan-

409 366 525 398 duntur
541 391 549 405 ‚
562 368 595 399 δέ
605 365 641 398 iis
657 365 884 400 tantummodo
895 376 1014 400 terram
1024 366 1198 415 attingunt.
1215 369 1251 400 In
1269 366 1403 400 homine
1414 363 1545 399 musculi
1559 367 1613 412 qui
1624 366 1744 412 pedum
1755 367 1807 402 di.

406 414 492 460 gitos
506 411 661 457 flectunt,
678 416 806 449 initium
830 416 960 463 capiunt
973 425 1029 448 aut
1046 413 1067 449 ἐι
1082 418 1171 450 calce
1182 442 1193 458 ‚
1216 425 1271 449 aut
1284 413 1305 449 ἒι
1328 412 1420 450 tibia.
1447 417 1483 448 In
1501 413 1613 448 avibus
1634 414 1805 451 flectentes

407 460 539 496 musculi
554 473 607 496 aut
624 462 645 498 ὲ
656 462 778 500 summa
786 476 878 512 parte
891 462 981 499 tibiae
999 463 1129 498 cruralis
1142 492 1152 507 ,
1162 474 1216 498 aut
1227 463 1316 511 supra
1327 475 1412 512 genu
1430 463 1450 499 ἐι
1466 463 1593 497 femore
1610 491 1619 505 ,
1634 474 1690 498 aut
1704 465 1803 501 etiam

405 509 496 558 supra
505 511 766 548 articulationem
779 514 913 549 femoris
922 515 955 548 in
967 511 1057 561 spina
1065 512 1249 548 coxendicis
1265 514 1410 547 oriuntur
1431 527 1439 548 ε
1458 523 1492 546 ut
1503 509 1659 546 musculus
1679 514 1736 560 qui
1753 511 1805 548 bi.

404 571 521 595 venter
537 560 655 596 dicitur
667 591 678 606 ,
698 565 819 610 quique
831 562 957 611 prolixo
978 562 1110 596 tendine
1122 573 1179 611 per
1200 560 1334 597 fasciam
1351 566 1386 598 ὅ(
1404 560 1583 596 trochleam
1609 562 1642 596 in
1660 573 1803 597 extrema.

403 609 493 657 pedis
510 608 622 657 planta
631 611 808 660 appositam
819 613 859 648 ad
874 622 1036 647 extremos
1050 610 1147 658 usque
1160 611 1278 660 digitos
1293 611 1489 659 producitur.
1502 607 1629 645 Verum
1643 612 1670 645 is
1688 622 1727 646 ex
1745 616 1803 660 ap.-

402 660 503 707 polita
516 656 616 706 figura
629 691 639 707 ,
660 663 729 698 imo
744 665 777 699 &
795 674 912 703 naturae
929 658 1099 699 artificium
1111 659 1226 695 mel-ius
1247 659 1458 708 intelligetur.

1050 711 1116 745 Hic
1142 711 1254 756 itaque
1279 707 1437 744 musculus
1461 711 1578 744 carinae
1605 708 1677 746 offis
1699 717 1802 745 anne.·

1005 759 1102 803 §titur
1118 760 1152 794 in
1171 760 1205 793 H
1216 758 1247 793 C
1265 787 1274 802 ‚
1302 770 1340 792 ac
1352 759 1501 806 deinceps
1517 759 1628 793 valido
1643 759 1798 802 tendine¹,

1005 812 1040 844 ὃ(
1057 810 1152 842 tereti
1171 806 1224 842 vel
1247 809 1456 855 conjungitur
1475 820 1548 842 cum
1561 807 1680 856 patella
1702 810 1736 843 in
1762 811 1800 852 1,

1002 856 1058 891 >vel
1070 869 1128 905 per
1140 856 1286 892 canalem
1300 858 1333 891 in
1348 868 1433 904 genu
1449 855 1581 891 incisum
1600 858 1681 891 intra
1706 859 1800 905 vagi.

1004 918 1079 940 nam
1094 905 1295 947 tendinosam
1313 907 1451 939 excurrit
1464 934 1474 948 ,
1489 911 1522 942 &
1543 917 1599 953 per
1617 905 1797 942 trochleam

1004 953 1169 989 lateralem
1180 955 1210 988 K
1232 954 1333 988 fertur
1343 954 1381 987 ad
1397 954 1603 1002 posteriorem
1624 957 1796 990 terminum

1002 1002 1094 1037 tibiae
1113 1031 1122 1046 ‚
1145 1008 1177 1040 ὃς
1187 1004 1391 1051 conjungitur
1401 1014 1472 1037 curn
1485 1001 1644 1038 flexorum
1655 1004 1799 1038 tendini-

1003 1050 1075 1095 bus,
1087 1053 1142 1099 qui
1151 1051 1171 1087 ἐι
1184 1049 1345 1099 principio
1358 1050 1449 1085 tibiae
1463 1052 1797 1100 oriuntur,omnesque

1003 1111 1173 1136 excurrunt
1189 1102 1296 1143 ina&
1312 1101 1346 1134 in
1362 1098 1429 1148 ipso
1443 1099 1594 1134 calcaneo
1607 1112 1664 1149 per
1676 1113 1714 1135 va
1743 1104 1797 1137 ind

1002 1149 1242 1198 cartilagineam
1267 1154 1301 1186 &
1319 1147 1426 1184 levem
1445 1161 1614 1184 excurrunt
1626 1150 1711 1184 adin
1738 1152 1794 1186 mii

1004 1201 1178 1234 terminum
1207 1199 1298 1247 pedis
1327 1198 1349 1231 F
1367 1225 1377 1237 ‚
1408 1209 1506 1245 atque
1525 1197 1574 1232 ibi
1591 1197 1724 1233 musculi
1741 1199 1793 1233 bi-

1003 1251 1123 1282 ventris
1147 1249 1247 1282 tendo
1262 1259 1321 1295 per
1339 1259 1459 1282 novam
1475 1250 1624 1295 vaginam
1636 1276 1645 1290 ‚
1664 1259 1718 1282 aut
1732 1247 1794 1283 fas-

1001 1298 1085 1332 ciam
1101 1296 1301 1332 tendinosam
1316 1295 1472 1344 spargitur
1483 1298 1514 1330 in
1527 1297 1646 1344 digitos
1659 1299 1703 1332 G.

1035 1347 1123 1380 Cum
1132 1345 1276 1380 articulil
1289 1374 1299 1388 ,
1312 1349 1345 1381 &
1361 1347 1405 1388 L,
1424 1356 1461 1378 ac
1475 1346 1534 1379 tria
1555 1344 1618 1380 offa
1633 1345 1794 1392 femoris,'

1002 1393 1089 1429 tibiae
1100 1393 1283 1431 &calcanei
1302 1405 1384 1442 pene
1400 1393 1520 1428 lineam
1539 1392 1687 1430 efficiunt
1699 1423 1708 1437 ,
1721 1407 1790 1432 tum

1001 1445 1147 1479 tendines
1159 1443 1213 1492 ipsi
1227 1457 1292 1479 non
1305 1443 1491 1478 tenduntur.
1508 1443 1598 1478 Idem
1608 1446 1694 1479 enim
1705 1448 1790 1481 acci-

997 1493 1045 1527 dit
1060 1505 1157 1540 atque
1178 1495 1211 1528 in
1225 1492 1302 1527 fune
1320 1494 1376 1539 qui
1389 1504 1421 1526 in
1435 1491 1567 1541 longum
1582 1493 1719 1540 duplicis
1736 1507 1788 1530 re-

393 1541 473 1591 gulae
487 1539 637 1590 plicatilis
651 1543 818 1589 porrectus
831 1571 841 1587 ‚
854 1557 921 1579 non
936 1542 1019 1577 adeo
1033 1543 1174 1577 tenditur
1188 1570 1198 1585 ‚
1213 1554 1249 1576 ac
1260 1540 1281 1575 fi
1294 1541 1359 1575 duae
1375 1540 1489 1588 regulae
1509 1541 1668 1576 inclinata:
1686 1555 1787 1592 angu-

390 1591 457 1625 lum
471 1590 645 1626 efficercnt.
660 1592 823 1642 Qcirca
831 1591 876 1627 ob
890 1591 1056 1627 tendinum
1073 1591 1228 1626 laxiorem
1239 1588 1329 1626 fitum
1342 1591 1434 1638 digiti
1447 1590 1565 1636 pedum
1577 1590 1700 1626 dilatati
1715 1605 1786 1628 ma-

394 1652 483 1675 nent.
499 1643 541 1676 At
557 1639 579 1674 si
600 1639 772 1677 fleetuntur
785 1641 938 1677 articuliI
954 1669 965 1685 ‚
987 1642 1078 1685 &L‚
1099 1651 1166 1676 tum
1180 1641 1268 1690 pedis
1284 1640 1379 1688 digiti
1395 1637 1569 1674 arctiffime
1589 1641 1784 1690 complicari<

394 1700 442 1723 tur
455 1695 488 1726 &
512 1689 714 1738 stringuntur.

430 1741 572 1776 20.Hinc
585 1741 667 1773 ratio
682 1750 770 1787 patet
783 1752 837 1774 cur
850 1752 926 1775 aves
948 1742 1053 1788 capite
1072 1739 1125 1775 sub
1145 1739 1266 1774 alarum
1285 1737 1385 1773 altera
1399 1739 1567 1774 recondito
1589 1738 1782 1787 plerumque

392 1788 555 1823 dormiant
566 1789 695 1822 ramulis
715 1789 866 1824 arborum
883 1792 1008 1824 innixae.
1029 1792 1079 1825 Os
1091 1791 1209 1837 quippe
1220 1791 1437 1823 acuminatum
1448 1790 1586 1836 petitoris
1598 1800 1702 1822 ramus
1714 1801 1782 1823 non

391 1836 580 1881 sustineret,
603 1836 657 1871 nisi
676 1839 791 1885 pedum
805 1839 898 1886 digiti
913 1840 1000 1873 arCte
1011 1850 1134 1874 ramum
1154 1837 1253 1885 ipsum
1265 1866 1274 1880 ‚
1295 1838 1389 1871 instar
1407 1837 1567 1884 forcipum
1581 1837 1780 1884 stringerent.

390 1885 491 1931 quue
509 1899 573 1920 non
590 1888 621 1918 vi
635 1889 769 1920 mottice
785 1886 997 1921 musculorum
1013 1916 1021 1929 ,
1043 1887 1094 1920 sed
1108 1888 1250 1933 corporis
1262 1885 1350 1932 ipsius
1360 1888 1519 1933 gravitate
1532 1883 1687 1920 efficitur:
1702 1897 1778 1920 nam

389 1935 457 1967 avis
472 1936 556 1968 inter
574 1933 831 1971 descendendum
844 1935 1018 1982 complicat
1030 1936 1149 1983 pedum
1162 1934 1322 1969 articulos.
1339 1934 1407 1967 Cur
1420 1946 1527 1968 aurem
1539 1936 1606 1967 avis
1617 1945 1712 1980 capnt
1722 1933 1776 1969 sub

391 1982 440 2016 ala
454 1983 629 2025 recondat,
648 1996 685 2016 ca
698 1983 821 2016 videtur
833 1987 918 2017 ratio
929 2011 938 2025 ‚
955 1984 1043 2029 quod
1060 1996 1134 2018 tunc
1151 1983 1237 2016 aelio
1250 1982 1426 2017 voluntaria
1437 2012 1446 2026 ,
1462 1988 1494 2018 ὃ(
1516 1982 1671 2017 {aboi-roffi
1686 1995 1778 2018 exer·-

387 2034 453 2066 ceri
469 2045 534 2066 non
547 2031 686 2073 debeat,
701 2043 760 2065 nec
777 2032 903 2079 pondus
918 2032 993 2066 colli
1006 2030 1171 2079 suspendi,
1195 2031 1247 2066 sed
1266 2031 1382 2066 alicubi
1401 2033 1508 2067 inniti.
1533 2032 1662 2067 Deinde
1679 2043 1778 2066 retra-

387 2083 442 2115 ἃο
453 2083 558 2128 capite
571 2079 673 2115 versus
684 2080 819 2115 caudam
835 2082 1001 2128 gravitatis
1012 2094 1157 2116 centrum
1171 2080 1402 2129 retrogreditur
1414 2108 1423 2122 ,
1441 2093 1476 2115 ut
1497 2081 1589 2114 cadat
1604 2081 1776 2128 perpendi-

386 2129 533 2165 culariter
546 2131 577 2164 in
593 2130 734 2164 medium
748 2132 903 2176 unguium
917 2131 1034 2179 pedum
1045 2159 1056 2174 ‚
1075 2133 1131 2179 qui
1143 2130 1248 2167 valide
1268 2129 1424 2178 stringunt
1433 2128 1555 2163 arboris
1568 2142 1703 2169 ramum.
1723 2131 1775 2165 Sic

385 2180 453 2215 avis
469 2177 585 2213 librata
598 2178 694 2213 facile
710 2180 854 2224 quiescit.

422 2242 464 2272 30.
476 2230 561 2262 Aves
575 2240 658 2275 pene
677 2239 789 2262 omnes
801 2230 923 2263 vietum
936 2231 967 2264 in
981 2231 1100 2277 campis
1111 2241 1215 2278 prono
1225 2229 1323 2262 rostro
1338 2230 1509 2274 qua-ritant
1522 2242 1529 2263 :
1542 2228 1627 2263 unde
1644 2229 1775 2275 propio-

383 2289 432 2310 res
448 2288 536 2311 terrae
556 2276 617 2311 effe
627 2276 750 2312 debent
761 2306 769 2319 ,
791 2290 826 2311 ac
842 2278 939 2326 pedes
951 2291 1060 2312 earum
1079 2277 1147 2313 sunt
1157 2278 1251 2311 valde
1266 2276 1390 2312 flexiles
1404 2305 1412 2318 ,
1431 2283 1463 2313 &
1475 2276 1773 2312 facilecontrnhun-

374 2336 445 2362 tur.
467 2329 538 2361 Nec
550 2325 673 2373 poffunt
688 2338 797 2362 tamen
815 2327 961 2361 volatum
978 2329 1009 2361 in
1023 2327 1128 2361 >heire
1140 2357 1149 2370 ‚
1163 2325 1218 2360 nifi
1235 2325 1362 2373 prolixo
1377 2326 1456 2360 saltu
1473 2325 1547 2359 ant&¹
1564 2325 1696 2359 exiliant
1707 2353 1715 2367 ‚
1729 2337 1770 2359 ne

381 2374 436 2408 ala:
448 2374 513 2410 solo
529 2377 677 2423 impactae
693 2372 930 2423 disrumpantur
948 2390 955 2412 :
979 2375 1070 2410 siluis
1090 2376 1157 2410 fieri
1174 2377 1288 2422 nequit
1311 2404 1319 2417 ,
1342 2374 1395 2409 nisi
1413 2375 1573 2422 productis
1595 2374 1770 2408 admodum

380 2423 542 2460 cmi-ibus:
563 2424 638 2460 hinc
648 2428 740 2473 pedis
751 2423 814 2460 offa
835 2425 983 2475 longiora
997 2425 1057 2460 ess'c·
1073 2424 1265 2467 debuerunt.
1284 2424 1348 2459 Sed
1363 2427 1438 2472 quia
1460 2421 1580 2458 diutius
1598 2421 1764 2469 quiescunt

1874 1394 1878 1415 ἔ
