1878 2724
441 145 789 183 TRACTATUS
827 144 1165 183 SECUNDUS.
1422 162 1453 192 17

77 190 154 236 {effi
174 196 251 233 vans
271 207 353 245 aqua
365 195 553 231 attollatur:
571 196 637 230 haec
654 206 764 230 autem
777 194 1025 243 attollinequit,
1038 198 1117 243 quin
1127 193 1371 231 incumbentem
1382 163 1467 232 acti?

79 247 203 282 molem
217 246 331 280 itidem
342 245 488 280 attollat:
501 245 626 294 pondus
639 256 718 280 vero
739 245 820 277 aeris
833 243 938 278 obstat
947 273 957 288 ,
974 256 1080 292 neque
1093 247 1118 279 is
1133 247 1258 278 moveri
1272 247 1393 293 potest,
1405 246 1460 281 nisi

78 295 167 331 locus
177 306 286 344 pateat
296 297 329 330 in
344 289 442 341 quein
452 293 482 329 se
495 295 642 342 recipiat.
660 293 884 340 Qodutique
903 292 978 336 fiet,
1003 291 1024 327 si
1040 293 1177 342 digitum
1199 292 1373 330 sustuleris:
1392 306 1459 330 tum

78 345 166 379 enim
176 356 230 378 aer
243 346 300 391 qui
310 346 343 378 in
356 343 472 378 orbern
484 342 637 378 facillime
649 353 802 376 movetur
811 370 821 385 ,
833 342 928 377 cedet
945 354 1038 390 aquae
1054 343 1199 391 ponderi.
1223 344 1343 378 Eadem
1353 344 1396 378 est
1407 357 1459 378 ra-

76 394 128 428 tio
145 393 267 442 lagenae
280 391 424 435 inversae,
442 397 529 441 cujus
543 391 663 426 collum
678 391 906 439 estangustiu53
922 403 961 426 ex
978 403 1015 426 ea
1031 393 1120 426 enirn
1130 390 1255 426 inversa
1272 392 1376 439 liquor
1390 406 1458 429 non

79 440 183 476 effluit
194 471 203 485 ,
218 445 262 477 uti
272 454 332 477 nec
352 454 389 475 cx
405 441 476 476 vase
492 440 611 475 crebris
625 439 828 475 foraminulis
847 451 979 488 aperto,
994 451 1068 476 cum
1080 440 1163 475 illius
1180 439 1339 476 orificium
1360 453 1462 483 manu„

79 490 268 527 occluditur:
284 491 373 538 quod
382 501 475 525 motu
489 492 570 524 aeris
581 488 724 523 circulari
737 488 897 535 impedito
908 517 918 532 ‚
927 489 980 523 hic
990 488 1064 524 loco
1077 502 1145 524 non
1159 489 1262 524 cedar.

121 542 255 583 Tertio,
267 540 342 575 hinc
357 541 456 574 etiam
469 550 540 585 quae
563 540 647 572 circa
663 535 824 585 syringem
836 563 845 578 ,
869 535 921 571 scu
933 536 1114 585 syphonem
1129 539 1336 586 injectorium
1354 542 1387 576 δε
1404 552 1462 576 an-

72 587 150 623 -tlias
165 618 174 632 ‚
185 587 460 638 *apompessfiunt
469 588 706 634 experimenta,
725 584 892 621 manifeste
909 585 1120 622 deducuntur.

110 638 220 673 Primo
238 639 327 672 enim
343 634 575 678 ubiembolus‚
587 634 638 669 seu
650 633 779 669 baculus
793 646 897 676 teres,
910 639 942 671 &
955 634 1168 683 cylindricus‚
1184 648 1216 670 v.
1243 635 1272 667 le
1286 634 1409 683 piston,
1428 641 1460 672 in

78 684 204 734 syringe
213 686 382 720 adducitur
391 696 465 728 ‚aer
473 682 679 720 circumfusus
688 695 747 731 per
759 695 877 732 patens
891 683 1037 719 foramen
1048 682 1131 719 subit
1147 713 1159 728 ‚
1170 688 1202 721 &
1216 683 1323 718 locum
1335 683 1377 719 ab
1391 697 1462 721 em-

73 733 157 769 bolo
167 745 360 782 occupatum
373 735 477 769 statim
487 733 604 781 implet
618 747 626 769 z
639 745 705 767 non
722 744 819 768 metu
829 735 940 776 vacui,
951 732 1003 767 sed
1015 734 1091 780 quia
1102 745 1173 781 pars
1192 745 1256 768 una
1271 734 1353 767 aeris
1374 734 1461 782 pulsa

74 782 172 818 aliam
181 782 273 832 pellit
287 812 296 826 ,
317 783 384 818 haec
397 782 492 818 aliam
508 809 518 826 ,
537 781 641 831 sicque
651 781 689 817 fit
699 793 806 818 motus
819 781 977 817 circularis
991 809 1001 822 ,
1016 794 1072 817 aut
1084 784 1191 831 potius
1203 780 1302 831 ellipfi
1321 780 1463 828 similior,

72 843 113 866 ac
132 836 214 881 pene
234 832 349 869 ovalis.

110 882 262 916 Secundo
271 910 282 925 ‚
296 880 424 917 occluso
442 882 603 917 foramine
617 909 626 924 ,
642 880 720 917 licet
727 893 781 916 aer
793 880 895 917 subire
905 882 1041 931 amplius
1060 897 1126 919 non
1138 882 1234 932 poffir
1246 912 1256 927 ‚
1274 882 1293 918 fi
1307 894 1415 919 tamen
1428 883 1461 917 vi

71 929 147 965 satis
171 943 287 979 magna
297 930 445 966 embolus
454 930 635 974 attollatur,
648 930 744 966 tubus
756 942 810 965 aut
819 933 956 966 omnino
970 943 1087 967 vacuus
1104 936 1176 977 erit,
1188 944 1241 968 aut
1253 933 1341 980 quod
1358 934 1460 980 magis

69 979 268 1014 ¹crediderim
281 1008 291 1023 ,
310 978 433 1014 subtilis
447 982 582 1014 materia
601 992 658 1028 per
668 992 767 1015 caecos
787 979 918 1028 syringis
933 992 1057 1016 meatus
1080 980 1181 1026 subit,
1202 987 1235 1019 δε
1249 994 1387 1016 vacuum
1405 980 1460 1016 lo-

72 1040 149 1063 cum
162 1028 277 1077 replet.
295 1031 384 1065 Nam
402 1028 424 1063 fi
437 1028 518 1063 nulli
543 1027 643 1064 effent
663 1040 787 1063 meatus
802 1032 834 1064 in
847 1029 927 1064 tubo
937 1029 1070 1079 syringis
1086 1059 1096 1074 ‚
1110 1031 1195 1067 nulla
1209 1033 1343 1066 materia
1362 1029 1462 1064 subti-

69 1076 114 1111 ais
124 1079 158 1112 in
171 1089 244 1111 aere
257 1105 266 1114 ,
283 1090 338 1112 aut
356 1077 491 1126 spatium
505 1077 547 1112 ab
565 1077 701 1114 embolo
714 1078 864 1113 relidium
881 1081 1016 1114 omnino
1034 1082 1129 1115 inane
1141 1080 1227 1115 foret
1243 1097 1252 1125 3
1270 1090 1325 1115 aut
1342 1078 1363 1114 fi
1385 1092 1458 1114 om-

76 1128 131 1162 nia
141 1125 330 1173 corporibus
341 1125 408 1161 sunt
426 1126 520 1173 plena
532 1154 539 1164 ,
555 1126 641 1161 nulla
655 1139 798 1173 unquam
815 1130 846 1162 vi
862 1127 1011 1163 embolus
1026 1129 1143 1162 adduci
1159 1128 1270 1177 posset.

114 1177 230 1210 Tertio
243 1203 253 1217 ,
266 1173 414 1210 embolus
425 1175 580 1211 addueuis
591 1174 855 1210 abincumbente
863 1188 937 1210 aete
950 1177 1034 1211 intra
1047 1176 1163 1212 tubum
1177 1176 1353 1226 impellitur
1364 1178 1465 1213 etiam

69 1221 203 1272 Iyringe
215 1224 337 1258 inversa
350 1242 359 1268 3
371 1238 436 1259 non
453 1227 543 1260 enim
553 1226 654 1258 minus
667 1236 721 1258 aer
737 1223 895 1270 subje&u5
917 1224 936 1260 :a
953 1225 1145 1260 circumfuso
1159 1238 1232 1261 aere
1253 1225 1370 1274 preffus
1396 1225 1463 1260 sur.

68 1271 142 1308 sum
151 1273 249 1307 'trudit
265 1271 452 1314 embolum,
467 1285 566 1319 quam
588 1272 778 1307 incumbens
787 1285 842 1308 aer
857 1273 996 1308 eundem
1006 1272 1176 1309 embolum
1191 1275 1335 1309 deorsum
1344 1274 1465 1323 impel-

73 1321 176 1356 lebat.
197 1323 249 1356 Sic
265 1334 349 1369 aqua
357 1334 430 1356 cum
456 1323 581 1370 impetu
602 1334 658 1370 per
672 1321 820 1357 foramen
837 1325 870 1357 in
881 1321 982 1356 fundo
1003 1324 1095 1357 navis
1112 1327 1266 1358 oneratiae
1280 1323 1405 1358 factum
1418 1323 1460 1358 ab

69 1369 288 1406 incumbente
297 1382 382 1417 aqua
399 1368 514 1406 sursum
526 1369 732 1419 propellitur:
753 1370 859 1418 neque
869 1371 964 1405 aliter
981 1372 1074 1405 variae
1097 1371 1278 1408 circumfusi
1300 1376 1380 1406 aeris
1405 1385 1464 1407 co-

75 1419 191 1454 lumnae
201 1418 376 1467 subjectum
388 1418 505 1467 syringi
520 1431 629 1454 aerem
647 1418 758 1454 sursum
770 1420 960 1467 protrudunt
972 1448 982 1462 ‚
1001 1420 1118 1467 hicque
1135 1421 1304 1457 embolum
1317 1434 1384 1456 uon
1394 1419 1459 1457 sine

77 1470 202 1516 impetu
216 1469 298 1502 intra
318 1467 430 1502 tubum
457 1467 605 1516 impellit.
626 1470 736 1515 Qm
749 1469 881 1515 quidem
899 1471 1059 1504 tationem
1082 1471 1190 1517 postea
1217 1470 1405 1513 afferemus,
1424 1481 1461 1504 ut

77 1517 183 1566 palam
197 1515 314 1551 fiatcur
324 1515 540 1551 incumbentis
563 1519 644 1551 aeris
662 1517 786 1565 pondus
800 1522 912 1552 manus
933 1532 964 1554 v,
983 1529 1030 1565 gr.
1048 1532 1114 1554 non
1129 1518 1255 1555 sentiat.
1282 1521 1360 1555 Non
1372 1521 1460 1554 enim

77 1569 200 1613 majore
211 1567 243 1599 vi
260 1577 314 1599 aer
327 1565 516 1600 incumbens
530 1578 659 1601 manum
672 1567 790 1613 premit
801 1594 810 1609 ‚
823 1578 921 1613 quam
931 1565 1091 1613 subjectus
1105 1580 1159 1602 aer
1170 1581 1242 1604 eam
1256 1567 1463 1615 repellamur

79 1614 241 1650 sustineat.

108 1660 290 1709 Qiarto,si
306 1672 465 1698 extremus
476 1661 609 1712 syringis
622 1661 716 1697 tubus
733 1676 824 1711 aqua:
836 1665 1046 1712 immergatur
1059 1692 1067 1705 ‚
1087 1674 1154 1698 tum
1172 1664 1311 1700 adducto
1327 1664 1463 1711 embolo

71 1724 162 1759 aqua
179 1709 291 1746 sursum
307 1712 496 1754 contendet3
512 1724 584 1747 cum
599 1714 685 1746 enim
703 1713 846 1759 undique
866 1724 950 1759 aqua
972 1712 1014 1746 ab
1033 1712 1248 1748 incumbentis
1270 1717 1350 1749 aeris
1374 1715 1464 1751 mole

71 1771 251 1810 prematur,
264 1771 305 1794 eo
317 1759 519 1804 movebitur,
531 1760 586 1795 ubi
595 1760 683 1796 nulla
701 1761 747 1798 est
761 1761 952 1803 resistentia,
965 1763 1117 1796 nimirum
1136 1763 1219 1797 intra
1232 1760 1347 1798 tubum
1364 1762 1464 1811 syrin-

102 1823 132 1844 is.

75 1823 196 1907 gAtque
209 1860 276 1895 haec
289 1859 422 1895 estratio
435 1869 489 1891 cur
496 1870 579 1905 aqua
592 1860 675 1894 intra
694 1859 808 1894 antlias
819 1858 990 1907 aspirantes
1001 1857 1202 1902 ascendat‚eo
1215 1861 1348 1907 quidem
1359 1861 1463 1906 altius,

69 1921 144 1956 quo
157 1915 258 1957 major
273 1912 320 1944 vis
334 1905 524 1941 adhibetur:
542 1920 704 1955 nunquam
725 1920 833 1943 tamen
842 1908 924 1943 ultra
944 1910 1075 1955 triginta
1094 1909 1171 1943 duos
1185 1910 1283 1957 pedes
1294 1910 1461 1946 attollitur:

80 1959 224 1992 visenim
236 1970 304 2005 qua:
316 1961 432 2004 'aquam
443 1957 622 2003 premendo
632 1956 748 1994 sursum
764 1957 851 1992 tollit
863 1985 872 2001 ,
882 1969 947 1992 uon
959 1957 1021 1991 alia
1033 1958 1077 1992 est
1095 1969 1194 2004 quam
1203 1958 1329 2005 pondus
1339 1960 1464 1995 colum-

71 2018 127 2040 ἠε
146 2008 244 2048 aeris,
257 2019 334 2052 quae
351 2004 458 2039 antliae
471 2002 527 2051 ipsi
548 2004 715 2041 latitudine
729 2006 926 2053 aequalisest.
940 2006 1024 2042 Cum
1039 2017 1147 2040 autem
1157 2008 1283 2054 pondus
1296 2011 1377 2043 aeris
1389 2009 1464 2044 fini-

71 2065 149 2088 stum
165 2051 220 2096 fit,
237 2056 277 2088 eo
292 2053 519 2099 Iusqueaqu'am
536 2054 618 2090 intra
628 2054 764 2090 antliam
777 2054 888 2090 evehit
899 2074 914 2098 ‚·
925 2054 1090 2102 qnousque
1105 2056 1268 2102 quoddam
1290 2056 1347 2093 fiat
1367 2060 1466 2108 aequi-

70 2101 214 2137 Jibrium
235 2114 325 2149 aqua:
338 2099 530 2142 sublatae,&
547 2101 704 2148 columnae
720 2106 799 2140 a‘c'ris
814 2103 1046 2140 incumbentis.

107 2153 151 2186 Ex
168 2151 217 2186 his
236 2149 332 2185 etiam
344 2160 415 2196 quae
426 2147 512 2196 supra
525 2149 661 2185 diximus
672 2153 711 2186 de
727 2152 807 2188 tubo
818 2166 901 2200 aqua
918 2151 1017 2200 pleno
1029 2158 1089 2196 ‚,&
1100 2155 1132 2189 in
1154 2153 1328 2200 subjectam
1347 2164 1465 2197 aquam

69 2198 210 2235 „inverso
224 2198 306 2234 fiunt
317 2199 490 2246 apertiora.
512 2200 743 2247 Nam'planum
758 2203 804 2236 est
832 2210 951 2250 aquam
975 2201 1057 2237 tubo
1079 2213 1271 2238 contentam
1289 2215 1363 2237 <non
1380 2200 1466 2249 posse

68 2248 274 2283 descendere
284 2277 293 2291 ,
307 2246 613 2294 quod-circumfusus
625 2260 678 2282 aer
691 2248 865 2298 subjeetum
875 2263 992 2299 aquam
1015 2263 1162 2299 premens
1176 2249 1356 2283 descensum
1374 2262 1467 2295 aquae

70 2298 247 2346 ,impediat.
281 2296 380 2348 Qd
395 2294 415 2331 ίῐ
434 2294 527 2329 tubus
544 2298 687 2344 triginta,
704 2303 736 2333 ὃς
749 2300 886 2336 duorum
905 2300 1022 2347 pedum
1033 2299 1240 2333 altitudinem
1253 2310 1319 2332 non
1330 2297 1468 2346 superet,

67 2358 166 2392 ‚aqua
181 2342 461 2393 manebitpenfilis
476 2346 694 2380 :tantumdem
716 2349 804 2382 enim
823 2350 903 2381 aeris
925 2346 1055 2394 aequalis
1075 2345 1228 2381 columna
1253 2345 1373 2382 resistit.
1392 2346 1471 2382 Atii

72 2394 166 2431 vubus
183 2394 279 2430 altior
290 2393 327 2431 sit
338 2423 347 2439 ,
366 2397 400 2431 &
421 2393 460 2428 ad
476 2406 526 2439 40
547 2407 578 2430 v,
589 2406 637 2444 gr.
651 2395 943 2445 pede-sporrigatur
954 2423 967 2439 ‚
995 2405 1063 2434 tum
1076 2406 1141 2429 acro
1153 2395 1264 2430 cedere
1283 2398 1407 2445 cogitur
1422 2401 1474 2441 ,ὃς

1194 2445 1224 2478 Y
1271 2445 1302 2491 iij
