1878 2724
487 135 753 174 TRACTA
775 139 805 175 T
827 139 905 177 Us
948 139 1175 183 PR1MUs,

1507 164 1545 195 ²7

632 236 659 268 S
660 238 723 271 atis
720 235 765 283 fit
798 236 1034 283 objefflonibus.

187 336 274 385 Opp.
286 347 308 370 r.
320 334 438 370 Ovum
448 345 514 370 non
532 334 578 370 est
589 346 702 382 corpus
715 338 904 383 organicum
918 349 1020 388 :ergo
1030 352 1099 378 non
1112 341 1157 378 est
1167 346 1357 383 animatum.
1374 349 1466 384 Nam
1481 353 1549 385 ani-

155 397 209 421 ma
226 383 308 421 nulli
319 385 448 430 corpori
466 383 520 419 nisi
535 387 689 433 organico
703 382 802 420 ineffe
815 387 939 434 potest:

190 434 279 482 Resp.
294 442 445 482 negant.
464 435 552 469 Nam
563 437 597 469 in
612 447 679 469 ovo
697 433 854 485 foecundo
866 440 930 484 jam
945 434 1017 472 sunt
1033 450 1140 486 partes
1164 441 1394 492 heterogeneae
1407 475 1417 490 ,
1442 451 1476 484 ὃς
1490 450 1552 496 pri-

155 495 209 520 ma
230 481 311 531 pulli
329 482 536 526 rudimenta,
549 494 585 518 ut
595 495 635 517 ex
653 485 781 529 nuperis
794 482 1079 522 oblervationibus
1088 491 1239 535 constat5
1256 494 1356 541 idque
1375 498 1406 530 in
1427 495 1555 543 planta-

156 545 227 567 rum
239 529 415 567 seminibus
426 529 620 566 luculentius
633 541 745 579 patet:
766 535 917 578 quamvis
938 537 1099 582 praecipua
1111 550 1232 586 organa
1248 542 1394 577 nondum
1408 543 1467 580 sint
1487 543 1553 580 fot-

155 592 245 618 mata
265 608 275 624 ,
292 581 396 615 donec
416 577 481 626 ipsa
491 582 602 615 anima
613 578 702 614 suum
719 577 778 614 fibi
807 581 898 616 velut
925 582 1131 620 domicilium
1161 593 1334 636 paraverit,

158 631 323 679 &Contra
337 655 348 670 ,
361 628 515 674 inquiunt
527 656 537 671 ,
567 628 673 664 forma
696 627 837 665 lolitarie
855 644 924 667 non
946 634 1014 681 agit
1033 646 1053 669 εγ
1065 646 1144 684 ergo
1161 642 1282 688 proprii
1299 643 1443 690 corporis
1454 643 1557 678 archi-

159 680 246 716 teCka
261 675 320 713 effe
332 689 401 711 uon
417 677 536 724 potest.

194 727 279 776 Resp.
300 738 370 774 neg.
385 727 466 772 confi
479 728 599 763 Anima
617 729 705 764 enim
717 726 856 763 sentiens
867 758 876 772 ,
902 742 958 765 aut
975 735 1157 780 vegetatrix
1174 748 1215 772 un

159 774 274 814 insidet
285 803 296 820 ,
315 788 382 811 non
393 773 458 810 sola
481 778 551 826 agit
566 805 576 820 ,
596 775 649 811 sed
663 777 814 812 eomodo
832 806 843 821 ,
861 790 930 826 quo
940 779 1022 815 alibi
1034 782 1193 822 dicemus,

203 824 281 869 Inst.
305 823 401 862 Nihil
412 822 548 873 seipsum
563 838 698 875 generat
714 841 722 862 z
740 839 819 875 ergo
830 827 938 862 forma
952 832 984 863 in
997 830 1116 882 glande
1127 862 1137 876 ,
1157 846 1213 869 aut
1228 838 1261 870 in
1277 851 1344 872 ovo
1357 851 1463 886 partes
1476 852 1556 875 con-

159 875 304 912 formate
313 887 381 910 non
396 875 522 922 potest⁴5
546 887 646 923 atque
658 876 774 911 eadem
796 874 817 911 fi
836 876 883 912 ibi
894 878 1060 916 delitelcat
1073 909 1083 925 ‚
1099 881 1202 919 otiosa
1216 888 1279 921 erit
1293 901 1303 923 2
1324 890 1414 936 quod
1439 901 1560 924 naturae

162 936 230 960 tam
244 921 460 960 actuosaeuon
475 926 642 960 convenit.

197 973 370 1022 Resp.neg.
382 973 460 1019 confi
475 975 658 1010 Generatio
676 976 766 1010 enim
787 973 916 1011 fit'cum
937 990 1036 1015 ovum
1054 981 1262 1029 producitur,
1284 989 1318 1021 ὃ(
1334 985 1560 1022 foecundatur:

161 1023 245 1058 adeo
259 1024 476 1071 urgeneratio
492 1029 557 1073 jam
567 1024 654 1059 faeta
665 1023 703 1058 sit
714 1052 725 1067 ‚
749 1036 925 1072 antequam
938 1041 1040 1064 ovum
1057 1030 1258 1070 excludatur.
1279 1037 1363 1083 Ignis
1383 1048 1494 1071 autem
1508 1036 1563 1071 ille

162 1070 273 1109 vitalis
285 1101 295 1116 ‚
307 1083 363 1107 aut
379 1072 540 1121 quidquid
559 1072 638 1108 illud
656 1074 720 1116 est,
738 1074 828 1120 quod
843 1077 876 1110 in
898 1089 966 1113 ovo
982 1077 1102 1115 format
1118 1080 1229 1118 locum
1251 1094 1361 1128 tenet,
1382 1084 1439 1120 ubi
1457 1085 1563 1120 calore

163 1133 303 1157 externo
318 1120 471 1165 fovetur,
484 1122 642 1170 paulatim
663 1121 725 1157 sese
737 1122 887 1170 explicat.

201 1172 340 1219 Urgent.
361 1172 444 1218 Ergo
464 1182 515 1206 tot
538 1170 657 1206 futurae
671 1170 742 1207 suut
751 1173 918 1226 animaeqin
937 1176 1188 1223 gallina‚autin
1204 1193 1345 1229 quercu,
1363 1194 1448 1230 quot-
1456 1186 1564 1219 ovain

167 1217 296 1268 gallinae
317 1230 432 1262 utero,
450 1218 501 1254 seu
519 1223 635 1255 ovario
648 1248 659 1263 ,
681 1232 739 1254 aut
753 1232 837 1267 quot
860 1224 931 1257 lunt
948 1224 1082 1272 glandes
1093 1229 1124 1262 in
1136 1241 1267 1274 quercu.

215 1268 307 1315 Resp.
327 1280 399 1316 neg.
406 1273 491 1312 maj.
501 1270 578 1305 Una
588 1269 631 1304 est
641 1270 729 1304 enim
741 1273 774 1305 ὃ(
786 1276 967 1306 communis
978 1273 1098 1319 forma,
1111 1288 1181 1323 qua:
1200 1278 1335 1327 glandes
1349 1293 1464 1315 omnes
1479 1310 1488 1324 ‚
1509 1293 1566 1316 aut

166 1327 235 1351 ova
245 1328 389 1365 vegerat,
403 1318 547 1364 quandiu
569 1330 625 1353 aut
645 1317 777 1361 arbori,
794 1331 858 1354 autv
875 1319 1003 1370 gallinae
1026 1324 1218 1362 adhaerent..
1241 1331 1297 1364 Sic·
1311 1341 1417 1364 ramus
1440 1329 1542 1365 salicis
1557 1360 1566 1374 ,

167 1364 285 1401 excisus
299 1395 309 1409 ‚
329 1371 362 1402 δε
381 1377 475 1402 terrae
484 1367 654 1403 mandatus
670 1369 703 1403 in
720 1366 872 1404 arborem
888 1369 1000 1407 crescit
1020 1386 1028 1408 :
1050 1386 1227 1422 antequam
1241 1390 1294 1412 am
1320 1390 1567 1423 utaretur‚runa

168 1419 202 1451 δε
213 1414 447 1450 eademforma
459 1415 582 1451 arboris
593 1445 602 1459 ,
616 1421 706 1464 cujus
719 1428 788 1452 erat
801 1430 909 1454 ramus
921 1449 931 1464 ,
950 1421 1181 1459 continebatur
1197 1439 1205 1460 ε
1224 1429 1293 1462 exci
1309 1440 1343 1462 us
1351 1432 1420 1474 jam
1436 1431 1567 1477 propria

167 1464 412 1548 {audettfotma
425 1478 530 1513 rquae
542 1465 561 1501 ἐι
584 1464 639 1501 suo
650 1477 724 1501 toto
745 1465 815 1502 fuit
833 1466 986 1517 separata.
1006 1472 1110 1520 quue
1128 1472 1199 1509 satis
1223 1477 1398 1511 commode
1412 1479 1453 1512 de
1477 1480 1568 1513 omni

185 1524 276 1548 orma
292 1513 653 1563 corporea&divisibili
669 1514 810 1564 intelligi
827 1519 965 1565 potest}
976 1533 1013 1556 ac
1033 1520 1099 1557 sola
1108 1524 1215 1559 anima
1236 1525 1399 1561 rationalis
1410 1556 1420 1571 ‚
1441 1539 1511 1575 quae
1526 1528 1568 1561 est

169 1560 340 1606 inseffilis,
367 1563 513 1607 traduci,
532 1576 589 1598 aut
604 1563 647 1598 sui
663 1563 819 1600 divisione
837 1571 1009 1617 propagari
1020 1583 1086 1605 non
1099 1574 1219 1619 potest.>

205 1612 291 1660 Opp,
305 1625 331 1647 2.
353 1615 474 1646 Forniae
483 1614 670 1647 viventium
679 1611 732 1647 vel
747 1611 837 1649 fiunt.
849 1617 1003 1651 exnihilo
1016 1645 1026 1659 ,
1043 1618 1098 1652 vel
1110 1620 1287 1657 educuntur
1301 1627 1324 1660 ὸ.
1343 1627 1490 1669 potentia
1501 1638 1569 1660 ma-

173 1669 260 1694 tetiae
269 1689 279 1703 ‚
289 1672 327 1695 ac
336 1659 428 1696 nullo
438 1662 540 1696 modo
550 1672 611 1709 per
622 1659 814 1696 divisionem
824 1684 841 1706 -,
856 1676 911 1699 aut
922 1668 1194 1715 propagationem
1209 1671 1419 1720 multiplicari
1431 1671 1568 1722 poliunt,

173 1707 229 1744 nifi
240 1721 337 1744 novae
345 1711 498 1745 entitates
520 1721 632 1756 eaeque
649 1708 800 1745 absolurae
813 1724 993 1762 emerganu

206 1758 295 1807 Resp.
315 1770 368 1792 eas
384 1771 451 1794 non
470 1757 539 1794 fieri
554 1770 597 1793 ex
607 1758 732 1802 nihilo,
747 1758 798 1794 sed
811 1763 1058 1808 quodammodo
1074 1767 1168 1802 educi
1182 1796 1191 1810 ‚
1211 1779 1247 1802 ut
1265 1769 1372 1816 postea
1391 1770 1504 1806 diCturi
1521 1769 1570 1806 su-

173 1819 254 1842 mus.
275 1809 396 1854 Neque
407 1808 439 1842 id
449 1806 620 1843 absurdum
630 1808 759 1853 videti,
782 1821 835 1844 eas
848 1812 1071 1862 multiplicari,
1093 1828 1128 1851 ut
1145 1816 1275 1853 flamma
1288 1820 1368 1854 citra
1381 1819 1425 1854 sui
1441 1820 1569 1868 dispen-

174 1857 267 1891 dium
287 1855 349 1891 sese
360 1855 514 1893 diffundit
530 1873 539 1900 ς
554 1856 607 1892 vel
620 1870 676 1906 pet
691 1856 734 1892 sui
751 1858 942 1897 divifionem
957 1865 1180 1905 traducuntur,
1205 1877 1240 1900 ut
1260 1879 1305 1903 ex
1326 1880 1418 1903 ramo
1438 1871 1572 1905 vivente

175 1904 239 1940 alia
256 1905 506 1954 arborgignitur
520 1905 592 1950 ·,vel
604 1907 734 1942 demum
749 1907 862 1956 seipsas
881 1924 1064 1962 propagant
1079 1943 1090 1957 ,
1103 1926 1140 1949 ut
1157 1917 1191 1950 in
1206 1919 1391 1952 accretione
1401 1920 1508 1953 anima
1523 1919 1572 1954 se-

176 1953 279 2003 ipsam
296 1957 329 1991 in
354 1958 525 1990 materiam
545 1954 692 1991 alimenti
715 1969 901 2004 promovet.

212 2004 356 2052 Urgent.
370 2006 404 2039 Si
424 2007 458 2040 in
474 2017 542 2039 ovo
557 2009 626 2052 jam
638 2004 674 2041 fir
683 2005 766 2054 pulli
776 2005 884 2044 forma
894 2008 986 2046 velut
1001 2011 1157 2048 inchoata
1179 2040 1189 2056 ,
1208 2013 1292 2049 uncle
1307 2014 1361 2050 illa
1377 2016 1486 2064 prodit
1498 2044 1508 2059 ,
1532 2029 1574 2052 an·

178 2050 201 2087 a
215 2049 324 2098 gano,
352 2065 393 2089 an
411 2053 561 2103 &gallina
581 2055 595 2084 ?

209 2100 302 2144 R'qffi.
313 2099 366 2135 Ab
377 2114 537 2150 utroque,
555 2100 630 2138 cum
641 2116 682 2138 ea
694 2104 730 2140 fit
740 2106 920 2145 divisibilis.
939 2110 1040 2146 Unde
1058 2113 1090 2146 in
1112 2111 1204 2148 mulo
1233 2124 1269 2148 ut
1286 2124 1400 2161 corpus
1412 2141 1423 2156 ,
1445 2113 1485 2149 fic
1502 2117 1571 2149 ani-

181 2161 236 2185 ma
247 2160 284 2184 ex
294 2149 408 2185 diversi
416 2152 548 2200 ‘generis
558 2154 778 2190 animantibus
791 2160 1021 2208 compingitur.

233 2198 357 2243 Instant
367 2204 472 2235 acrius
482 2215 492 2234 :
509 2200 598 2247 quod
613 2199 634 2236 fi
643 2203 679 2238 in
687 2217 753 2240 ovo
759 2210 832 2289 Γπ]
843 2205 879 2241 fit
891 2207 997 2244 forma
1007 2210 1087 2258 pulli
1104 2225 1113 2246 ς
1127 2212 1217 2259 Ergo
1226 2211 1343 2246 eadem
1360 2215 1494 2247 materia
1515 2213 1586 2247 du--

181 2245 259 2295 plici
272 2247 405 2292 formae,
424 2251 480 2284 ovi
495 2251 649 2285 nimirum
661 2257 695 2289 ὅ(
715 2266 757 2301 pu
772 2255 792 2290 li
810 2254 1012 2304 subjicietur:
1029 2260 1117 2308 quod
1139 2262 1250 2307 utique
1263 2259 1435 2295 absurdum
1447 2261 1493 2296 est
1510 2276 1517 2298 :
1536 2260 1576 2297 fic

184 2297 276 2331 enim
299 2297 339 2331 ad
348 2298 516 2347 'duplicem
536 2297 673 2347 speciem
693 2305 879 2349 pertineret.
1170 2321 1172 2323 >

221 2346 309 2394 Rcsp.
327 2344 619 2383 nihilabsurdielse
636 2347 658 2384 si
674 2350 781 2398 plures
800 2352 915 2390 formae
935 2359 989 2391 uni
1004 2362 1038 2394 δε
1050 2359 1188 2405 principi
1213 2357 1328 2393 formae
1348 2357 1577 2402 fiib‘ordinatae‚

185 2394 458 2434 eidemmatexiae
478 2396 590 2441 insint,
609 2409 642 2435 ut
652 2399 693 2435 de
706 2413 843 2450 corpore
853 2406 1225 2453 organicornmnifestuin
1236 2406 1295 2443 est.
1317 2408 1383 2443 Sed
1410 2420 1521 2444 tamen
1529 2410 1587 2444 est·

1344 2459 1423 2503 Dij

1218 737 1240 773 ὲ.
1259 751 1330 775 cum
1352 753 1488 790 corpore
1507 744 1559 777 cui
