1878 2724
132 167 271 205 ineunte
279 163 385 202 aestate
396 173 432 201 ut
444 161 618 214 plurimum
631 161 774 199 definunt
785 190 798 208 ‚
813 167 847 200 ὃ(
858 163 892 197 in
903 160 1133 199 carumlocum
1143 162 1303 200 continuae
1317 164 1352 200 &
1365 127 1526 214 regularis

131 215 316 253 succedunt.

138 275 143 279 ”
178 266 266 301 Cum
278 263 403 312 sanguis
420 262 529 299 hieme
537 261 697 313 spiritibus
711 259 872 305 abundet,
885 258 921 297 hi
940 261 1074 295 ineunte
1091 270 1167 293 vere
1181 256 1316 295 excitati
1335 272 1409 295 cum
1429 260 1524 296 visci-

130 313 180 349 dis
196 313 387 350 humoribus
398 312 622 349 colluctantur.
635 313 724 348 Hinc
737 310 949 346 fermentatio
962 319 1020 343 aut
1032 306 1276 345 effervescentia
1298 324 1306 346 :
1329 320 1400 357 quae
1414 320 1525 346 tamen

130 365 198 399 cito
209 365 414 412 reprimitur,
435 363 525 410 quod
538 361 662 411 spiritus
680 358 800 409 copiosi
817 364 852 397 &
871 359 983 408 vegeti
999 359 1111 394 noxias
1131 369 1239 406 partes
1257 360 1325 394 cito
1343 358 1524 396 eliminent.

131 412 236 459 Qod
249 414 361 460 utique
376 423 458 461 opus
470 423 582 447 namra
590 410 682 446 velut
699 421 840 459 praeceps
850 408 1036 457 aggreditur
1047 424 1058 452 5
1073 405 1127 441 seu
1137 406 1404 444 fermentationes
1418 408 1524 444 statim

127 459 313 510 compescat
324 478 334 506 3
353 460 405 496 seu
415 461 455 495 ad
464 459 732 496 intermissionem
741 458 875 494 festinet
887 486 897 501 ,
911 456 964 491 seu
975 467 1176 505 praepropere
1185 458 1297 492 noxias
1312 467 1418 506 partes
1431 461 1465 494 δε
1482 456 1524 491 ad

128 508 363 558 separationem
376 507 547 553 succinens
565 509 631 545 alio
644 508 823 545 transferat.
838 506 940 544 Unde
954 507 1089 541 ineunte
1100 506 1338 556 aestatenanginae
1348 534 1359 550 ,
1378 504 1432 541 seu
1453 516 1524 554 gut-

129 561 206 594 turis
217 559 510 603 inflammationes,
531 558 738 608 pleuritides‚
753 562 787 595 &
797 557 1096 606 peripneumoniae,
1116 552 1171 590 seu
1184 554 1373 603 pulmonum
1393 553 1525 591 inflam-

127 610 285 644 mationes
293 637 303 652 ‚
323 621 395 643 raro
405 607 514 643 febres
536 610 694 644 continuae
709 609 820 656 vigent
832 633 843 650 ,
856 603 912 641 nisi
922 604 1006 641 forte
1015 604 1217 654 epidemicae‚
1229 616 1284 640 aut
1294 602 1366 639 raro
1375 603 1443 640 sunt
1451 603 1524 639 diu.

128 668 226 693 turnae
235 686 245 701 ,
273 656 396 693 etiamsi
412 656 610 705 sibimetipsis
654 658 868 692 ermittantur·

160 707 288 742 Contra
298 706 500 742 autumnales
512 705 619 741 febres
628 670 682 742 seu
691 707 849 748 tertianae‚
863 703 915 741 seu
928 714 1088 753 quartanae
1100 701 1161 739 sint
1173 731 1185 747 ,
1195 714 1252 738 aut
1263 701 1367 751 longae
1376 700 1455 744 sunt,
1465 712 1522 737 aut

124 755 271 803 periculo
281 783 291 798 ,
303 769 370 791 non
382 767 498 791 vacant
507 785 518 800 ‚
528 755 701 804 praesertim
714 767 786 791 cum
794 765 887 789 aetate
904 753 1002 803 paulo
1014 752 1237 802 prove&iores
1253 752 1422 788 invadunt.
1439 753 1520 785 San-

123 805 193 852 guis
210 806 299 839 enim
307 805 411 840 aestate
422 833 432 849 ,
443 816 480 840 ut
493 804 690 854 vegetabilia
707 815 846 852 quaeque
866 804 908 837 ad
924 805 1048 851 vigoris
1067 803 1194 851 apicem
1217 799 1359 836 sublatus
1387 801 1519 835 ineunte

124 864 281 888 autumno
287 858 356 902 jam
368 853 534 889 declinare
547 859 582 891 δε
593 854 634 888 de
644 855 677 889 vi
691 852 746 887 sua
759 854 926 886 remittere
946 853 1063 898 incipit
1076 878 1087 893 ,
1100 851 1199 898 idque
1220 851 1363 885 maxime
1388 846 1410 883 si
1422 847 1519 884 causae

124 901 271 948 quaedam
279 902 450 936 evidentes
463 900 648 936 accesserint
660 927 671 943 ,
686 911 721 936 ut
729 900 890 935 crudiores
908 898 994 942 cibi,
1014 900 1219 947 repentinum
1242 897 1345 945 frigus
1365 925 1376 941 ,
1396 898 1519 944 jadiura

122 948 293 999 ssnguinis‚
302 961 357 985 aut
370 952 469 985 nimia
476 952 580 985 animi
593 951 777 986 contentio.
785 950 941 995 Tumque
959 947 1083 996 sanguis
1100 945 1298 995 impressioni
1312 944 1515 989 morborum,

122 1001 178 1046 qui
190 1011 231 1034 eo
244 1000 357 1046 vigent
371 1010 538 1047 tempore,
554 1000 676 1036 &aeris
686 998 907 1033 constitutioni
917 996 1208 1032 intermittentibus
1222 994 1377 1030 familiari
1397 993 1434 1029 fit
1452 992 1517 1029 ob-

122 1051 249 1083 noxius.
263 1047 441 1082 Praesertim
452 1059 525 1082 cum
534 1051 602 1094 jam
613 1045 743 1082 effoetus
777 1058 839 1081 ene
855 1043 913 1088 sit,
925 1044 1052 1080 adustus
1068 1072 1080 1088 ,
1102 1049 1136 1081 &
1147 1043 1167 1078 s
1182 1042 1309 1078 iritibus
1331 1041 1376 1078 ob
1396 1043 1515 1078 aestatis

123 1096 253 1131 ardores
264 1095 426 1132 exhaustus
437 1112 446 1139 3
457 1097 600 1144 neque'is
611 1095 694 1131 adeo
703 1059 983 1144 deliiumationem
994 1092 1081 1129 suam
1091 1057 1247 1142 perficere
1257 1091 1316 1129 nili
1333 1103 1373 1127 ex
1387 1090 1514 1141 longio-

123 1143 210 1180 ribus
228 1144 403 1180 intervallis
412 1144 515 1193 possit.

126 1216 131 1219 -
155 1196 169 1227 1
174 1205 270 1241 taque
283 1193 374 1244 hujus
389 1196 515 1242 generis
529 1191 638 1228 morbi
653 1195 707 1228 vix
722 1191 880 1227 consuetis
891 1189 1043 1227 remediis
1061 1190 1244 1225 domantur.
1262 1188 1332 1227 Nisi
1342 1189 1430 1225 forte
1439 1202 1511 1225 cor.

122 1244 192 1278 ticis
204 1244 373 1290 petaviani
382 1241 526 1290 praesidio
537 1253 662 1277 utamur
674 1255 682 1277 ε
705 1241 768 1276 hoc
779 1242 868 1275 enim
883 1253 982 1276 unum
990 1251 1074 1288 pene
1085 1240 1129 1274 est
1141 1238 1288 1274 adversus
1303 1251 1357 1274 eos
1376 1237 1510 1275 morbus

121 1290 305 1340 specificurn
314 1320 323 1335 ,
337 1292 427 1338 quod
438 1305 503 1327 non
513 1293 679 1326 immerito
692 1291 819 1326 Doaor
827 1289 1038 1338 Syndenham
1049 1288 1257 1323 commendat
1267 1317 1277 1332 ‚
1288 1300 1358 1323 tum
1370 1288 1511 1325 traaatu

121 1341 163 1375 de
184 1339 306 1375 morbis
318 1342 419 1375 acutis
430 1369 440 1384 ‚
459 1352 535 1375 ante
549 1355 562 1388 5
579 1351 680 1376 annos
691 1340 785 1375 edito
796 1367 808 1382 ,
825 1347 893 1374 tum
911 1339 1053 1374 maxime
1078 1338 1112 1373 in
1127 1336 1265 1387 epistola
1287 1348 1364 1373 ante
1380 1336 1509 1386 aliquot

121 1387 250 1424 menses
270 1387 390 1437 publici
406 1391 479 1436 juris
491 1389 587 1426 facia.

161 1440 199 1474 ln
215 1440 356 1473 tractatu
369 1438 410 1472 de
423 1438 546 1473 morbis
555 1441 655 1473 acutis
667 1438 699 1472 id
713 1448 790 1474 ante
801 1440 911 1474 omnia
921 1439 1068 1488 praecipit
1079 1449 1120 1473 ne
1129 1436 1181 1472 hic
1191 1448 1302 1472 cortex
1318 1435 1415 1470 nimis
1425 1447 1508 1484 prae-

121 1498 266 1529 mature,
280 1498 458 1534 antequam
469 1486 601 1522 morbus
614 1486 669 1522 suo
686 1487 716 1522 se
736 1489 847 1522 Marte
863 1487 1093 1536 aliquantisper
1113 1487 1506 1534 protriverit,ingeratur,

122 1546 193 1570 tum
210 1547 252 1570 ne
269 1535 357 1583 spem
367 1537 443 1584 aegri
454 1536 547 1571 fallat
556 1565 565 1579 ‚
575 1548 641 1571 tum
651 1548 694 1571 ne
707 1534 865 1584 sanguinis
874 1535 1076 1585 despumatio
1086 1547 1221 1583 repente
1234 1533 1438 1569 cohibeatur.
1449 1536 1504 1570 Ne

119 1586 312 1633 purgatione
322 1595 378 1619 aut
388 1596 476 1620 venae
493 1583 635 1621 sefflone
645 1586 788 1620 materia:
799 1584 922 1620 febrilis
931 1597 1002 1634 pars
1011 1585 1119 1632 aliqua
1128 1583 1336 1619 subducatur:
1354 1582 1443 1630 quod
1461 1581 1504 1618 ab

119 1644 257 1680 utroque
269 1631 485 1668 labefactetur
496 1634 740 1681 quodammodo
752 1636 895 1682 corporis
914 1635 1122 1676 oeconornia3
1140 1634 1230 1668 citius
1247 1632 1330 1666 adeo
1342 1630 1505 1667 recrudes-

119 1681 607 1729 cantparoxysmievanescente
617 1685 649 1718 vi
662 1681 813 1730 pulveris,
835 1697 859 1727 ς.
871 1686 922 1720 Ut
942 1684 1067 1731 san‘guis
1081 1680 1191 1717 sensim
1207 1680 1380 1729 &longius
1403 1678 1423 1715 ὲ
1445 1693 1504 1729 pa-

118 1730 272 1778 roxysmo
290 1730 352 1765 hoc
369 1731 504 1779 pulvere
526 1732 644 1767 leviter
662 1733 768 1779 potius
785 1731 942 1767 inficiatur
962 1761 972 1776 ,
989 1743 1088 1778 quarn
1104 1743 1168 1765 uno
1190 1732 1256 1765 ίξὶι]
1273 1727 1501 1777 paroxysmum

117 1783 185 1827 jam
202 1779 372 1814 instantem
389 1791 549 1815 tentemus
571 1780 761 1815 confodere.
789 1783 864 1816 Hoc
875 1783 962 1816 enim
981 1780 1078 1828 pasto
1092 1785 1126 1815 &
1139 1778 1210 1827 plus
1225 1780 1378 1826 temporis
1396 1789 1501 1812 reme.

118 1828 175 1862 dio
190 1829 396 1872 conceditur,
409 1842 476 1876 quo
491 1829 575 1864 suum
589 1842 669 1877 opus
683 1829 807 1876 plenius
821 1827 988 1872 absolvat,
1003 1834 1038 1866 ὅ(
1059 1831 1178 1864 vitatur
1198 1827 1355 1875 quidquid
1379 1826 1422 1861 est
1445 1839 1502 1874 pe-

116 1875 256 1911 riculiex
265 1876 370 1912 subito
384 1879 656 1927 &intempestivo
678 1876 857 1914 sufflamine
867 1906 877 1922 ‚
891 1891 959 1926 quo
969 1876 1197 1926 paroxysmum
1211 1881 1274 1925 jam
1297 1874 1500 1911 invalescen-

115 1935 187 1959 tem
201 1936 297 1972 atque
310 1929 404 1961 omni
419 1927 449 1962 se
459 1940 523 1975 ope
534 1939 719 1963 exerentem
730 1939 884 1962 conamur
892 1929 1087 1977 opprimere.
1110 1939 1148 1969 4.
1164 1923 1317 1961 Brevibus
1333 1924 1398 1959 istis
1413 1936 1498 1959 tem-

117 1975 206 2021 poris
225 1973 403 2009 intervallis
419 1977 614 2022 repetendus
624 1977 670 2010 est
679 1975 801 2023 pulvis,
812 1987 848 2011 ut
858 1989 927 2011 non
936 1978 1081 2024 protinus
1098 1973 1267 2010 evanescat
1288 1976 1401 2022 prioris
1419 1973 1499 2008 dosis

118 2023 239 2064 virtus„
261 2031 435 2070 antequam
447 2023 547 2057 altera
563 2023 764 2058 exhibeatur.
787 2027 900 2071 Itaque
915 2024 996 2059 hanc
1019 2020 1212 2058 methodum
1228 2024 1349 2057 caeteris
1364 2033 1499 2068 antepo-

118 2072 188 2106 nit:
205 2072 332 2105 corticis
344 2073 508 2118 petuviani
523 2084 618 2106 unam
637 2073 765 2107 unciam
783 2084 854 2106 cum
867 2071 1018 2107 conserva
1031 2071 1172 2106 rosarum
1188 2069 1355 2105 rubrarum
1373 2069 1496 2104 duabus

116 2120 216 2154 unciis
232 2119 356 2156 miscet:
372 2132 456 2169 aegro
465 2123 680 2168 quantitatem
698 2122 786 2155 nucis
801 2119 970 2157 moschatae
985 2123 1114 2168 majoris
1123 2132 1218 2155 mane
1228 2125 1262 2156 &
1273 2118 1342 2154 sero
1352 2119 1497 2166 quotidie

117 2166 252 2203 exhibet
267 2168 380 2204 diebus
392 2169 412 2205 a
431 2169 620 2218 paroxysmo
633 2171 739 2205 vacuis
752 2199 761 2212 ‚
773 2170 876 2205 donec
895 2165 1141 2206 confeet'ionem
1155 2181 1259 2204 rotam
1279 2167 1495 2215 absumpserit.

116 2218 300 2265 Repetatur
308 2219 349 2252 ad
364 2230 426 2253 tres
438 2218 512 2253 alias
525 2220 610 2253 vices
626 2220 799 2266 interjeffis
815 2218 938 2267 semper
955 2219 1073 2254 diebus·
1085 2218 1329 2266 quatuordecim
1342 2232 1351 2260 3
1365 2228 1424 2251 nec
1436 2219 1495 2251 mi«

116 2278 175 2302 nus
193 2265 305 2301 utilem
319 2279 408 2315 purat
424 2267 508 2303 hunc
517 2269 670 2302 corticem
684 2270 825 2303 tertianis
835 2267 994 2311 febribus,
1007 2280 1105 2314 quam
1113 2267 1283 2313 quartanis.

112 2338 119 2340 -
150 2317 187 2348 ln
198 2315 328 2362 epistola
347 2316 398 2351 sua
413 2316 509 2364 paulo
521 2318 694 2351 accuratius
705 2317 745 2351 de
754 2317 816 2352 hoc
828 2319 950 2352 cortice
961 2323 994 2354 &
1009 2317 1090 2352 illius
1109 2315 1163 2350 usu
1178 2313 1308 2349 disserit.
1329 2320 1356 2346 ιο
1369 2313 1403 2348 ld
1416 2325 1495 2354 <39¹²-

111 2361 229 2397 stanter
237 2361 341 2398 afferit
352 2365 435 2400 huuc
448 2368 604 2400 corticem
616 2367 752 2402 omuino
763 2364 823 2402 esse
833 2367 1010 2410 innoxium,
1027 2376 1168 2412 eumque
1182 2362 1351 2397 ventriculi
1367 2368 1398 2399 δε
1412 2363 1498 2397 uteri

111 2410 285 2450 affeffibus
299 2414 415 2450 utilem
428 2414 647 2451 commendat.
1138 2414 1179 2449 M
1191 2426 1223 2448 m
1234 2426 1265 2447 ui
1277 2425 1310 2446 m
1337 2413 1371 2460 iii
