1878 2724
70 157 217 195 continet
227 157 429 208 3tripolitana
438 158 505 196 non
514 160 561 194 est
571 172 681 206 expers
691 159 815 197 sulfuris
829 177 837 203 ς
852 160 997 196 sabulum
1005 170 1118 208 parum
1133 159 1227 203 nitri,
1246 159 1297 195 sed
1314 124 1453 197 multis?

67 207 167 243 habet
175 208 272 243 acidi:
285 210 405 243 nitrum
414 220 494 244 veto
503 220 542 244 ex
560 210 649 243 terris
659 210 836 244 extradtum
849 222 917 245 non
927 221 1003 244 eum
1014 211 1175 257 ingratum
1195 209 1329 244 odorem
1353 209 1447 258 spiras

67 254 127 290 bat
139 267 238 303 quem
263 258 295 291 in
316 257 498 305 plantarum
515 262 550 294 &
569 256 756 292 animalium
771 257 890 293 nitroso
906 256 967 291 sale
980 259 1172 305 experimur.
1200 258 1300 304 quue
1315 269 1350 292 ut
1367 258 1446 295 alibi

66 303 202 338 diximus
212 331 222 348 ,
237 304 293 340 vel
305 317 344 340 ex
357 318 397 340 eo
413 308 551 341 maxime
566 304 779 354 dignoscitur,
797 307 886 354 quod
894 304 1056 341 sublimati
1069 304 1262 344 solutionem
1275 305 1395 352 turbet,
1405 320 1442 342 ac

64 354 243 400 praecipitet
253 381 262 395 ,
275 358 309 390 &
322 366 394 389 cum
406 355 514 402 spiritu
532 353 599 388 salis
611 352 809 391 effervescat.

99 401 163 435 Sed
180 400 336 449 nusquam
357 406 462 449 major
471 400 538 437 {alis
547 400 656 437 nitrofi
666 413 732 436 tuin
743 401 882 437 volatilis
895 431 904 445 ,
916 413 983 438 turn
992 400 1046 438 fixi
1057 404 1151 450 copia
1163 404 1196 438 in
1215 406 1304 439 terris
1322 403 1352 439 se
1368 418 1442 453 pro-

62 448 132 493 dit,
156 461 253 496 quam
280 452 314 485 in
340 463 448 500 marga
466 449 528 499 ipsa
539 479 549 494 ,
578 462 650 485 cum
674 452 741 485 aeri
768 451 956 499 aliquandiu
981 451 1046 486 fuit
1071 451 1220 499 exposita.
1256 455 1299 488 Ea
1321 457 1443 502 quippe

59 509 150 532 novo
180 497 311 534 subinde
336 501 424 534 nitro
444 499 575 534 foetatur
598 513 606 534 :
630 510 665 534 ur
684 498 811 534 nitrosae
838 510 926 534 terrae
951 510 989 534 ex
1009 497 1126 546 quibus
1151 499 1293 548 salpetrae
1311 502 1440 538 edusius

73 546 139 589 est,
160 549 225 580 aeri
255 546 401 594 expolitae
427 560 515 583 novo
536 546 696 595 saleperrae
711 550 966 596 impraegnantur.
994 548 1083 582 Idem
1096 549 1213 583 accidit
1228 552 1260 584 in
1274 562 1362 597 aquae
1371 551 1439 586 for-

56 594 98 627 tis
109 596 215 641 capite
228 606 358 629 mortuo
371 625 381 639 ,
396 599 462 630 imo
476 598 510 631 in
523 597 615 631 terris
627 595 792 631 vitriolicis
801 626 812 640 ,
825 594 1041 633 aluminofis&
1057 595 1124 630 aliis
1136 596 1223 644 hujus
1233 601 1358 646 generis
1371 612 1438 646 quae

57 640 113 676 suo
128 642 190 676 sale
207 643 365 678 exhaustae
377 657 499 679 novum
512 656 552 679 ex
570 655 643 679 aere
666 644 734 679 salis
752 656 947 693 proventum
963 645 1102 680 trahunt.
1118 645 1270 693 Cumque
1281 646 1336 681 diu
1352 660 1438 682 mar-

57 701 97 738 ga
114 689 284 725 humorem
294 695 433 727 retineat
446 722 456 736 ‚
471 693 545 728 hinc
556 691 593 727 fit
601 704 636 727 ut
653 705 740 728 novo
750 706 788 728 ex
798 705 871 728 aere
888 695 974 728 nitro
986 692 1111 728 facilius
1129 693 1301 730 imbuatur.
1324 696 1437 732 Existi-

56 750 124 774 mat
136 742 185 775 vir
194 739 316 776 doetiff.
327 744 366 776 D.
384 743 498 776 Grevv
509 770 518 785 ‚
529 740 623 776 bolos
636 741 697 776 effe
712 742 801 777 velut
815 754 1025 778 communem
1045 740 1188 789 lapidum
1198 771 1208 784 ,
1233 748 1267 779 &
1283 744 1434 779 metallo-

54 797 124 822 rum
137 791 323 832 materiem,
339 788 527 826 successione
547 790 686 837 quadam
700 818 710 832 ‚
722 795 755 827 &
770 793 964 839 cognatione
981 789 1088 825 salium
1106 792 1141 825 in
1159 803 1210 826 eas
1233 791 1349 840 species
1372 795 1433 827 mi-

53 835 209 871 neralium
219 842 419 874 commutari.
433 841 519 874 Hinc
531 837 658 886 spiritus
670 839 793 873 vitrioli
803 839 881 874 bolo
891 851 1026 874 armeno
1041 866 1049 882 ‚
1067 850 1122 873 aur
1146 840 1270 874 cuidam
1289 852 1378 875 terrae
1393 841 1430 876 si-

51 883 169 930 gillatae
181 884 295 920 affusus
309 886 430 923 nullum
446 898 590 929 motum,
611 885 735 922 nullam
758 887 1036 924 effervescentiam
1059 891 1212 923 excitavit
1226 905 1234 932 ;
1248 887 1301 923 sed
1320 902 1430 936 neque

47 930 173 980 spiritus
190 946 289 969 cornu
302 938 392 971 cervi
409 935 507 970 ullam
517 936 725 983 agitationem
734 935 861 972 effecit:
881 949 952 971 cum
963 947 1072 970 tamen
1090 946 1181 970 terrae
1195 937 1321 973 cuidam
1347 937 1430 974 lem,

50 982 109 1017 niae
121 994 202 1029 aqua
211 982 306 1017 fortis
316 1011 325 1026 ,
334 989 367 1021 &
379 983 502 1034 spiritus
515 983 637 1019 vitrioli
645 983 782 1019 seorsum
796 984 884 1020 affusi
898 996 1045 1033 magnam
1059 984 1335 1020 effervescentiam
1351 1000 1427 1034 pro-

49 1033 197 1067 crearint.
233 1033 275 1066 Ex
287 1043 355 1078 quo
369 1033 500 1080 quidem
511 1032 616 1079 liquet
629 1043 726 1067 terras
739 1032 886 1081 sigillatas
911 1046 977 1068 non
996 1031 1136 1079 ejusdem
1150 1032 1211 1068 esse
1231 1046 1370 1078 naturae,
1392 1040 1426 1071 &

47 1077 89 1112 ad
99 1080 246 1114 Medicos
259 1079 325 1114 usus
335 1092 403 1116 non
413 1079 588 1129 promiscue
597 1079 799 1128 usurpandas·
813 1084 864 1116 Sic
875 1081 999 1130 spiritus
1012 1081 1194 1116 vitrioliaut
1215 1081 1333 1116 sulfuris
1352 1095 1424 1119 cum

49 1137 137 1161 creta
150 1130 265 1162 mixtus
279 1140 429 1176 magnam
439 1128 710 1164 effervescentiam
721 1140 825 1166 creat:
837 1131 911 1165 hinc
924 1130 1008 1164 forre
1020 1131 1104 1164 ratio
1118 1129 1258 1176 ducitur,
1270 1142 1324 1164 cur
1340 1132 1425 1165 Car-

46 1173 170 1224 dialgiae
180 1175 300 1210 utiliter
317 1188 404 1211 creta
414 1176 605 1212 adhibeatur
616 1205 625 1219 ,
640 1190 713 1212 cum
727 1183 790 1224 ejus
805 1178 899 1213 alcali
913 1178 1036 1213 succum
1053 1178 1223 1213 ventriculi
1247 1179 1421 1215 aridiorem

47 1231 219 1273 temperet.
230 1227 351 1259 verum
362 1225 425 1261 haec
434 1225 519 1261 forte
530 1225 572 1259 ad
584 1236 678 1274 caput
696 1228 878 1274 proximum
891 1228 992 1275 magis
1006 1228 1181 1275 pertinent.

552 1322 585 1358 C
607 1324 636 1359 A
663 1324 687 1358 Ρ
711 1323 745 1360 U
769 1325 800 1359 T
851 1327 900 1360 11.

631 1420 827 1466 Defhlibus.

138 1517 200 1554 Uae
211 1518 375 1554 mineralia
387 1547 395 1562 ‚
407 1530 460 1554 aut
478 1516 590 1554 foffilia
602 1518 758 1561 dicuntur,
767 1530 804 1552 ea
814 1517 884 1552 satis
896 1529 970 1566 apte
988 1517 1029 1552 ab
1050 1520 1215 1554 Avicenna
1233 1522 1264 1553 iu
1279 1530 1416 1565 quatuor

138 1579 253 1614 genera
271 1568 454 1602 dividuntur
468 1596 476 1610 ,
495 1570 527 1601 in
545 1565 621 1600 sales
634 1595 644 1608 ‚
665 1565 791 1609 sulfura,
806 1566 943 1614 lapides,
957 1572 991 1603 &
1010 1566 1185 1614 liquabilia.
1216 1569 1270 1601 De
1287 1566 1414 1616 lingulis

41 1614 196 1649 nonnulla
208 1616 359 1650 dicemus.
371 1617 416 1650 Ac
427 1619 565 1663 primurn
578 1615 709 1661 quidem
718 1616 750 1648 id
764 1613 832 1648 salis
845 1618 979 1649 nomine
993 1615 1090 1664 vulgo
1105 1615 1293 1662 intelligitur
1302 1644 1311 1658 ‚
1324 1618 1414 1663 quod

40 1673 114 1696 curn
133 1661 168 1696 sit
176 1663 304 1704 durum,
326 1667 359 1698 in
372 1676 455 1711 aqua
467 1675 576 1698 tamen
592 1662 779 1698 diffolvitur.
807 1664 886 1708 Qo
904 1664 1034 1709 quidem
1051 1663 1148 1699 ritulo
1160 1664 1298 1706 alumen,
1317 1671 1350 1701 &
1366 1668 1414 1701 vi-

42 1709 172 1744 triolum
185 1713 266 1745 inter
280 1711 354 1746 sales
367 1722 593 1747 numerantur:
612 1723 795 1758 quanquam
813 1711 898 1746 forte
922 1711 1000 1746 succi
1015 1715 1122 1761 potius
1135 1712 1267 1760 quidam
1279 1740 1288 1755 ,
1315 1726 1412 1761 quam

37 1755 118 1792 *sales
127 1759 189 1793 dici
207 1758 348 1795 debeant
362 1775 369 1796 :
384 1760 435 1794 sed
455 1761 494 1794 de
509 1760 557 1795 his
570 1760 687 1808 postea.

76 1806 164 1841 Sales
188 1820 301 1842 omnes
325 1812 372 1844 vir
389 1807 510 1844 dostiss]
535 1820 634 1856 quem
654 1807 744 1856 supra
761 1807 958 1843 laudavimus
971 1837 980 1851 ,
997 1810 1030 1843 in
1046 1809 1110 1844 haec
1124 1821 1245 1858 genera
1266 1813 1410 1858 partitur.

39 1853 182 1891 Aliisunt
197 1855 459 1902 infhmmabiles,
474 1859 570 1905 quiin
583 1855 674 1891 rebus
687 1856 827 1892 sulfureis
840 1861 873 1893 &
883 1856 1083 1893 bituminofis
1094 1858 1354 1902 dominantur‚ac
1367 1861 1408 1894 de

38 1903 77 1937 iis
87 1901 148 1937 hoc
165 1903 238 1938 loco
250 1918 317 1939 non
328 1908 450 1954 agimus
466 1905 538 1948 ;alii
548 1904 737 1940 inflammari
754 1918 817 1940 non
836 1904 979 1953 poffunt3
997 1909 1053 1952 qui
1070 1907 1123 1942 vel
1143 1906 1214 1947 suut
1230 1906 1385 1955 {implices
1398 1937 1408 1951 ,

37 1955 72 1986 &
87 1951 172 1997 quasi
189 1954 363 1999 primitivi,
381 1952 620 2000 velcompofiri.
639 1953 688 1988 Illi
700 1954 755 1989 vel
775 1953 842 1988 sunt
856 1954 962 1988 nitrosi
975 1983 985 1997 ,
998 1954 1048 1989 seu
1061 1967 1148 1989 acres
1165 1984 1175 1998 ,
1197 1956 1248 1990 vel
1266 1955 1380 1990 acetosi
1399 1985 1409 2000 ,

37 1997 90 2032 vel
103 2002 207 2034 neutri
229 2001 420 2048 3quusmodi
433 2003 475 2036 est
494 2001 536 2035 sal
557 2004 755 2038 communis:
773 2000 879 2036 nitrofi
900 2003 1047 2037 dicuntur
1065 2005 1119 2050 qui
1141 2006 1171 2037 in
1187 2016 1235 2037 res
1255 2003 1404 2039 sulfureas

36 2049 103 2081 vim
117 2046 202 2082 suam
214 2060 347 2083 exerunt
358 2078 368 2092 ,
386 2052 506 2097 quique
529 2061 582 2083 aut
598 2050 667 2084 sunt
687 2052 848 2090 concreti,
861 2056 892 2085 &
906 2049 1041 2085 visibiles
1055 2080 1064 2094 ‚
1087 2054 1186 2085 autin
1200 2052 1332 2086 humore
1347 2064 1404 2100 per

34 2096 170 2130 minima
183 2096 313 2131 exsoluti
335 2097 417 2131 visus
439 2100 542 2131 aciem
561 2097 705 2145 fugiunt,
719 2098 770 2132 sed
788 2097 956 2133 effefflbus
972 2098 1003 2133 se
1028 2099 1176 2148 produnt.
1213 2100 1329 2135 Rursus
1347 2103 1404 2147 qui

35 2146 178 2178 concreti
189 2145 257 2180 sunt
268 2174 277 2187 ,
291 2151 324 2181 &
342 2145 477 2180 visibiles
492 2157 564 2188 ‚aut
579 2145 645 2180 sunt
657 2145 719 2188 fixi,
737 2159 790 2180 aur
807 2147 966 2183 volatiles.

73 2192 159 2231 Sales
176 2193 291 2228 acetofi
306 2195 337 2229 in
352 2194 485 2228 humore
493 2192 594 2228 diffufi
605 2193 644 2228 sui
655 2196 780 2241 copiam
792 2193 856 2229 nori
867 2195 989 2230 fuciunt
1000 2223 1010 2237 ‚
1032 2195 1085 2229 nifi
1104 2195 1177 2229 ct'im
1201 2195 1269 2228 aliis
1291 2193 1403 2228 salibus

34 2239 350 2289 miscentur,tumque
369 2243 446 2277 fiunt
455 2240 765 2288 compofiti.Nirrum
779 2255 903 2277 veteres
913 2244 1020 2278 dixere
1032 2243 1126 2276 salem
1135 2255 1240 2275 acrem
1252 2254 1289 2275 ex
1305 2245 1403 2289 AEgy-

34 2299 92 2334 pro
102 2294 135 2325 &
145 2289 214 2323 aliis
231 2290 434 2326 calidioribus
450 2290 526 2324 locis
548 2290 696 2324 eductum
706 2319 715 2332 ,
728 2293 845 2337 quique
858 2293 934 2325 ‘cum
946 2292 1042 2325 acidis
1065 2290 1241 2336 liquoribus
1256 2288 1403 2323 efferves-

33 2336 151 2371 citzhoc
159 2338 450 2385 uvtiqtieiiistar-salis
464 2337 610 2375 lixivialis
625 2350 693 2374 tum
704 2338 809 2376 linteis
820 2338 1121 2388 abstergendisssum
1138 2340 1220 2372 vitro
1233 2337 1402 2373 conficien-

33 2383 77 2418 do
99 2385 279 2423 utebantur.
