1878 2724
353 154 760 195 TRACTATUS
818 155 1152 193 SECUNDUS.
1417 169 1468 199 ¹7·

98 207 190 243 Cum
200 206 264 242 hoc
280 209 542 254 experimentum
558 209 593 242 in
607 206 713 242 Gallia
724 205 893 254 vulgatum
902 205 997 248 effet,
1011 210 1045 242 ὃ(
1059 206 1154 239 variis
1165 203 1269 238 modis
1279 179 1466 252 repetitum?

73 269 143 293 tum
154 287 163 301 ,
182 259 226 290 ita
243 267 280 290 ut
292 254 329 291 fit
344 285 352 299 ,
368 256 504 304 quisque
515 258 694 304 anticipatae
714 257 862 304 opinioni
884 253 1052 303 indulgens
1069 282 1078 296 ‚
1093 253 1146 288 vel
1163 265 1271 287 aerem
1286 254 1318 287 in
1343 251 1464 288 summa

70 306 143 342 tubi
161 316 252 354 parte
271 305 485 340 vehementer
503 304 691 349 dilatatum3
711 304 764 339 vel
779 316 818 339 ex
840 304 1042 352 hydrargyro
1060 301 1200 337 sublatos
1223 313 1359 350 vapores
1374 332 1384 347 ‚
1407 306 1464 351 qui

71 354 228 391 summam
240 353 310 389 tubi
322 354 650 403 partemimplerent,
661 353 835 389 finxerunt.
848 352 913 389 Alii
928 355 985 400 qui
1004 353 1131 400 Epicuri
1149 349 1390 398 Philosophiam
1407 365 1464 387 ex-

69 404 214 448 coluere,
229 415 354 453 partem
372 403 462 438 illam
479 402 548 438 tubi
565 405 694 451 penitus
714 405 844 438 inanem
866 400 928 437 effe
946 400 1089 437 voluere.
1115 402 1187 451 Q
1213 398 1463 449 philosophandi

71 455 232 488 rationem
246 458 313 502 jam
328 464 397 488 tum
415 452 434 488 a
448 450 592 488 Cartefio
606 452 772 500 vulgatam
787 449 1024 498 sequebantur,
1041 449 1207 484 hi‘omnes
1229 449 1269 483 ad
1291 448 1462 494 subtilem,

62 507 106 539 ·&
122 501 273 537 caelestem
287 504 457 537 materiam
469 528 486 545 ,,
498 513 567 549 quae
589 512 726 548 corpora
745 501 856 535 omnia
876 510 1043 548 penetrat,
1065 496 1288 534 recurrebant.
1310 499 1461 534 Tandem

65 553 218 586 omnium
229 563 316 600 pene
332 551 534 586 eruditorum
552 547 702 584 consensu
719 559 885 596 receptum
899 548 944 582 est
954 576 964 590 ‚
977 561 1044 583 non
1053 547 1151 582 aliam
1164 547 1239 583 huic
1255 546 1385 582 effeetui
1395 561 1463 583 cau-

66 599 135 635 sam
151 600 240 634 reddi
256 611 411 647 oportere
425 610 541 648 praeter
553 600 635 632 aeris
648 596 866 633 incumbentis
877 596 1015 645 pondus.

112 647 223 683 Primo
232 651 320 683 enim
337 652 402 696 jam
413 647 606 683 ostendimus
618 647 707 682 idem
721 646 868 682 accidere
887 647 921 680 in
941 643 1025 680 tubo
1040 656 1123 692 aqua
1139 643 1238 693 pleno
1248 672 1258 688 ‚
1274 655 1348 678 cum
1364 644 1459 680 altior

69 697 113 732 est
122 711 156 742 3²-
167 695 306 744 pedibus
317 713 327 740 3
339 708 480 744 cumque
492 698 529 733 28
539 707 594 731 aut
604 698 730 731 circiter
739 697 867 744 argenti
881 696 952 729 vivi
965 693 1059 743 digiti
1067 705 1195 741 aequent
1203 693 1348 741 pondere
1360 706 1394 737 32
1403 707 1460 742 pe-

60 746 126 779 des
139 757 230 793 aquae
242 775 250 789 ‚
268 758 335 780 non
351 747 468 781 mirum
482 746 524 780 est
534 744 651 781 (iidem
667 743 843 792 utrobique
856 744 991 779 effectus
1009 741 1223 790 consequatur
1236 771 1246 785 ‚
1280 744 1333 789 qui
1359 755 1398 777 ex
1409 756 1460 778 ea.

69 793 148 830 dem
165 793 256 829 causa
269 823 278 837 ‚
297 806 416 843 nempe
433 807 473 830 ex
487 794 673 843 aequilibtio
697 796 778 829 aeris
793 794 930 829 ducitur.
948 795 1037 829 Nam
1051 794 1130 826 aeris
1144 791 1268 840 pondus
1285 791 1460 841 hydrargy.

67 845 94 877 ri
104 856 177 878 cum
190 855 273 891 aqua
284 843 424 892 ejusdem
441 844 538 880 molis
549 855 774 893 comparatum
783 845 945 878 rationem
963 841 1032 876 fere
1045 839 1146 877 habet
1162 854 1202 888 14
1219 841 1260 876 ad
1278 852 1289 874 1
1306 841 1408 877 :adeo
1422 855 1457 877 ut

64 904 148 928 unus
165 893 355 942 hydrargyri
365 894 484 942 digitus
505 905 542 941 ¹4
551 906 640 941 aquae
649 893 756 941 digitis
765 892 1020 940 aequiponderet.

103 941 273 985 Secundo,
293 954 367 977 cum
386 944 647 990 experimentum
664 943 697 976 in
715 941 793 976 locis
815 940 988 976 altioribus
1015 938 1180 989 perficitur
1197 968 1206 984 ‚
1233 949 1302 975 tum
1324 938 1458 988 hydrar-

67 1003 165 1039 gyrus
174 993 280 1026 minus
295 990 461 1027 ascendit:
481 992 565 1026 adeo
582 994 662 1026 utin
675 986 750 1026 loco
770 1002 810 1026 10
835 990 1009 1038 hexapedis
1034 989 1150 1024 altiore
1165 1017 1174 1031 ,
1193 1001 1256 1024 una
1272 989 1357 1023 linea
1373 1017 1382 1032 ‚
1408 988 1462 1024 seu

67 1040 260 1075 duodecima
274 1040 366 1089 digiti
381 1051 471 1089 parte
489 1043 662 1076 minuatur.
679 1042 730 1076 Sic
741 1042 774 1076 in
787 1040 864 1075 locis
880 1038 1093 1074 subterraneis
1111 1037 1208 1074 altius
1220 1038 1378 1073 attollitur
1400 1038 1462 1086 hy-

67 1088 249 1137 drargyruS.
265 1088 387 1124 Parisiis
405 1088 581 1138 depreffior
594 1090 641 1124 est
666 1088 768 1124 tribus
788 1089 880 1125 lineis
896 1090 929 1124 in
946 1088 1067 1125 summa
1088 1099 1179 1136 parte
1194 1087 1323 1122 alterius
1338 1098 1376 1122 ex
1393 1098 1461 1121 tur.

67 1136 156 1171 ribus
173 1140 303 1185 majoris
317 1137 460 1173 Ecclefiae
472 1168 481 1183 ‚
503 1138 700 1187 quamjuxta
715 1140 911 1185 Sequanam.
940 1137 1075 1174 Duabus
1096 1137 1211 1172 itidem
1225 1136 1319 1171 lineis
1339 1140 1373 1172 &
1391 1149 1460 1171 am-

68 1185 152 1233 plius
170 1186 265 1221 altior
276 1186 321 1220 est
343 1189 377 1222 in
400 1186 493 1236 specu
504 1187 707 1223 subterranea
718 1188 816 1236 Regii
828 1185 1057 1223 Observatorii
1072 1215 1081 1230 ,
1103 1185 1201 1234 quirin
1213 1187 1246 1221 in
1265 1185 1350 1220 illius
1367 1197 1458 1233 parte

68 1233 201 1273 summa.
215 1236 304 1283 Qid
319 1235 407 1284 plura
419 1265 427 1278 ,
453 1235 650 1272 notissimum
666 1235 744 1271 illud
757 1237 800 1270 est
816 1238 1074 1284 experimentum
1084 1263 1094 1277 ‚
1105 1235 1193 1281 quod
1213 1236 1245 1270 in
1264 1245 1376 1270 monte
1388 1236 1457 1269 Ar-

68 1286 185 1318 verniae
201 1287 392 1332 quingentas
411 1285 593 1334 hexapedas
607 1285 675 1319 alto
690 1284 813 1320 fastum
825 1285 910 1320 fuit:
929 1297 1004 1319 nam
1026 1286 1058 1319 in
1081 1283 1165 1318 illius
1185 1287 1307 1318 montis
1330 1285 1457 1319 vertice

67 1331 281 1382 hydrargyrus
302 1332 406 1368 tribus
419 1334 527 1383 digitis
540 1362 551 1377 ‚
567 1339 600 1371 ὅ(
619 1334 732 1369 decem
744 1334 834 1369 lineis
845 1333 925 1369 visus
934 1334 978 1368 est
987 1331 1159 1381 depreffior
1169 1362 1178 1376 ‚
1191 1332 1291 1380 quam
1303 1334 1335 1367 in
1348 1333 1455 1368 radice

60 1380 158 1429 ipfius
177 1385 295 1417 montis
309 1381 416 1430 :quod
430 1385 537 1419 minor
548 1382 584 1418 sit
593 1385 673 1417 aeris
690 1383 844 1420 columna
853 1385 887 1420 in
904 1385 1024 1418 montis
1037 1387 1111 1432 jugo
1122 1411 1133 1426 ‚
1151 1394 1218 1430 quo
1234 1382 1266 1416 id
1279 1381 1370 1416 altius
1388 1383 1455 1426 est,

68 1442 173 1477 eaque
185 1431 266 1466 adeo
282 1434 384 1466 minus
397 1432 576 1480 hydrargiri
589 1431 750 1468 sustineat.

66 1481 84 1524 J
106 1480 208 1527 Qod
218 1482 316 1515 etiam
330 1482 431 1529 magis
446 1483 564 1516 mirere
578 1510 587 1524 ,
606 1479 708 1515 flante
723 1479 823 1516 borea
836 1509 844 1523 ‚
859 1484 893 1516 ὅ(
908 1478 1019 1514 sereno
1034 1479 1114 1515 caelo
1124 1479 1220 1515 altius
1239 1479 1383 1515 ascendit
1396 1480 1459 1529 hy..

62 1528 234 1577 -drargyrus
248 1559 257 1572 ,
269 1534 300 1566 &
312 1530 475 1565 interdum
483 1529 581 1578 usque
594 1530 633 1564 ad
649 1533 682 1568 28
701 1535 735 1566 &
754 1530 891 1578 amplius
908 1530 1026 1578 digitos
1041 1558 1050 1572 ,
1074 1529 1174 1565 flante
1198 1530 1303 1564 austro
1316 1558 1326 1574 ,
1341 1535 1374 1566 &
1384 1530 1456 1578 plu-

68 1578 124 1610 vio
138 1577 214 1612 caelo
227 1591 279 1612 aer
300 1578 405 1614 multo
427 1579 469 1612 est
487 1579 591 1614 levior
603 1607 612 1620 ,
645 1584 679 1615 &
695 1579 909 1626 hydrargyrus
925 1579 965 1612 ad
995 1591 1033 1621 27
1055 1579 1231 1626 digitorum
1247 1578 1454 1614 altitudinem

66 1625 276 1672 suspenditur.
292 1629 343 1660 Sic
356 1626 526 1662 antliarum
536 1640 619 1675 ope,
638 1630 749 1674 quoin
766 1626 952 1661 barometro
966 1625 1177 1674 hydrargyrus
1201 1627 1247 1660 est
1272 1627 1367 1661 altior
1378 1656 1388 1669 ,
1413 1627 1454 1662 eo

68 1672 164 1708 altius
180 1687 262 1722 aqua
278 1675 436 1710 attollitur
449 1704 458 1718 ‚
479 1687 598 1723 nempe
612 1675 710 1724 usque
724 1676 763 1710 ad
782 1690 817 1719 32
838 1675 936 1724 pedes
953 1675 1053 1710 flante
1073 1675 1170 1710 borea
1187 1694 1196 1720 ·,
1213 1675 1264 1710 sed
1283 1677 1382 1710 austro
1393 1677 1451 1711 vel

68 1723 213 1771 zephyro
227 1722 346 1767 fluite,
365 1730 397 1760 &
412 1723 525 1772 pluvio
547 1724 627 1758 caelo
640 1754 648 1767 ‚
664 1727 721 1760 vix
738 1737 820 1771 aqua
840 1724 880 1758 ad
906 1737 931 1768 3¹
955 1724 1072 1773 pedum
1091 1725 1296 1760 altitudinem
1313 1725 1451 1774 affurgit,

67 1777 102 1808 ὃ(
116 1769 280 1807 cominus
291 1802 300 1816 ‚
315 1771 379 1820 quo
391 1772 488 1807 antlia
507 1775 538 1808 in
551 1773 624 1807 loco
643 1773 824 1808 sublimiore
839 1773 1050 1808 constituitur.
1065 1774 1149 1808 Cum
1170 1777 1218 1808 vir
1235 1772 1342 1810 clariff.
1358 1778 1399 1810 D.
1414 1776 1452 1808 de

66 1821 100 1854 la
113 1822 200 1855 Hire
209 1834 295 1856 anno
308 1825 376 1858 168:
396 1822 594 1870 provinciam
621 1823 765 1857 lustraret
787 1821 864 1872 jussu
881 1821 1137 1858 Christianiffimi
1155 1825 1255 1872 Regis
1276 1825 1309 1858 in
1328 1823 1451 1858 excelso

61 1881 197 1914 monte,
216 1885 246 1905 v.
266 1872 304 1905 de
316 1873 421 1905 Clerct
434 1884 538 1920 prope
557 1871 719 1907 Telonem
735 1886 787 1919 350
816 1872 995 1920 hexapedis
1010 1871 1078 1906 alto
1096 1901 1106 1916 ‚
1127 1874 1255 1908 invenit
1272 1872 1452 1922 hydrargy-

61 1931 136 1954 rum
145 1920 281 1967 deprimi
290 1919 417 1955 duobus
436 1922 544 1969 digitis
562 1926 595 1958 &
609 1920 659 1956 sex
671 1921 763 1956 lineis
775 1923 808 1955 in
821 1923 943 1957 montis
955 1923 1087 1956 vertice.

104 1967 190 2002 Cum
208 1969 408 2016 pereruditus
419 1970 674 2006 Mathematicus
688 1974 730 2006 D.
744 1970 861 2004 Richer
873 1983 959 2006 anno
974 1977 1038 2015 ¹67¹
1054 2001 1062 2014 ,
1078 1969 1158 2019 jussu
1171 1972 1273 2019 Regis
1291 1971 1450 2007 Christia-

68 2014 184 2049 niffimi
195 2018 226 2050 in
236 2016 372 2053 insulam
384 2046 393 2060 ‚
407 2031 479 2066 qua:
498 2032 529 2054 v.
549 2020 583 2052 la
599 2021 750 2065 Cayenne
760 2020 897 2063 dicitur,
914 2017 1020 2055 mimis
1039 2019 1115 2054 ell'et
1132 2032 1167 2054 ut
1184 2022 1285 2056 varias
1303 2019 1449 2055 observa-

65 2065 172 2098 tiones
183 2065 411 2100 astronomicas
432 2073 464 2103 &
478 2066 619 2115 physicas
629 2069 677 2103 ibi
688 2068 862 2116 perficeret
875 2098 883 2110 ,
902 2074 936 2105 &
948 2081 987 2103 eo
998 2068 1220 2104 barometrum
1235 2085 1242 2105 :
1268 2073 1286 2115 (
1304 2070 1342 2104 fic
1361 2073 1448 2104 enim

62 2116 130 2162 jam
140 2124 259 2147 vocant
269 2113 384 2148 tubum
398 2117 535 2150 vitreum
554 2129 627 2151 cum
641 2118 840 2167 hydrargyro
854 2120 864 2161 )
879 2117 1061 2161 detulisset,
1079 2119 1215 2153 eandem
1229 2119 1296 2153 fere
1306 2118 1450 2153 altitudi-

66 2174 142 2196 nem
157 2162 349 2211 hydrargyti
363 2175 403 2196 eo
419 2163 484 2198 loci
498 2168 636 2211 reperit,
651 2179 720 2201 tum
731 2169 909 2203 maximam
921 2196 930 2211 ‚
951 2179 1020 2202 tum
1032 2170 1201 2202 minimam
1221 2181 1318 2214 quani
1339 2170 1370 2201 in
1398 2167 1446 2200 his

67 2210 144 2244 locis
154 2213 356 2260 experimur:
374 2216 514 2247 maxima
527 2213 587 2248 fuit
601 2229 636 2257 27
650 2216 742 2259 digit,
756 2222 788 2253 ὃ(
802 2232 819 2262 9
834 2216 992 2252 linearum
1003 2219 1137 2251 minima
1154 2231 1189 2261 27
1205 2217 1296 2264 digit.
1310 2221 1342 2251 δε
1357 2218 1448 2249 unius

62 2260 158 2294 linea:
168 2275 174 2296 :
186 2262 270 2295 adeo
283 2273 317 2295 ut
327 2261 450 2309 aequale
462 2275 545 2310 pene
558 2255 735 2311 pondus‘fit
752 2269 830 2301 a‘c‘ris
844 2278 946 2314 prope
956 2269 1163 2312 AEquarorem
1175 2294 1183 2307 ‚
1203 2265 1292 2311 quod
1304 2267 1447 2299 Lutetiae.

104 2308 184 2344 Illud
198 2310 453 2358 praetereundum
473 2313 605 2346 minime
618 2313 745 2348 videtur
755 2313 796 2347 ab
810 2315 937 2349 eruditis
954 2317 1030 2350 viris
1044 2317 1122 2349 DD.
1140 2315 1257 2352 Varin,
1268 2312 1305 2346 de
1319 2313 1393 2345 Glos
1415 2318 1449 2348 8<

66 2357 119 2391 a'cs
148 2360 263 2405 Hayes
278 2361 312 2394 in
328 2371 433 2407 partes
448 2360 564 2395 Africa:
577 2361 724 2396 australes
745 2362 838 2398 miffis
859 2375 944 2398 anno
963 2364 1039 2399 1632.
1055 2361 1259 2396 observatum
1278 2361 1451 2410 hydrargy-

62 2417 136 2440 rum
149 2407 301 2443 altiorem
313 2406 374 2443 effe
386 2411 419 2444 in
430 2411 465 2443 iis
485 2410 562 2446 locis
577 2410 804 2447 fervidioribus
816 2414 914 2448 noctu
926 2441 935 2457 ‚
946 2412 1045 2459 quiim
1056 2412 1110 2446 diu
1122 2441 1130 2454 ,
1142 2409 1242 2446 tribus
1252 2422 1305 2446 aut
1317 2422 1453 2459 quatuor

65 2453 177 2500 lineis,
199 2461 232 2493 ὃ(
260 2459 413 2494 constanti
433 2458 503 2506 lege
