1878 2724
330 115 367 147 50
704 92 966 134 PHYSICAE
1004 91 1372 129 GENERALI'S

371 145 522 183 Secundo
534 174 543 189 ,
560 157 601 181 ne
614 143 694 180 illud
705 144 840 192 quidem
850 141 1031 177 serendum
1044 141 1392 184 arbitramur-‚vacuum
1407 150 1447 174 ne
1465 137 1486 177 ὲ
1496 140 1572 174 Deo
1585 137 1720 185 quidem

329 197 526 246 praepotenti
546 194 656 229 induci
664 192 770 242 porse:
785 191 861 227 cum
874 188 1257 239 Carrefianahypothesis
1277 191 1358 225 citra
1371 189 1467 225 inane
1480 186 1653 237 dispersum
1666 190 1720 224 in-

330 245 431 295 telligi
445 258 511 280 non
522 241 626 291 poffit.

363 293 479 330 Tertio
490 323 499 336 ‚
514 305 552 326 ex
564 291 681 326 eodem
696 289 790 324 fonte
801 299 915 324 manat
928 286 1021 322 illlud
1035 286 1201 322 decretum
1215 287 1304 337 hujus
1315 287 1543 336 Philosophiae‚
1560 285 1719 322 mundum

329 342 538 380 indefinitum
548 340 610 376 effe
620 369 630 384 ,
644 353 712 375 non
725 337 896 374 infinitum.
920 336 1026 386 *Qd
1043 336 1277 372 illius-termini
1293 336 1375 372 nulli
1399 336 1546 387 affignari
1573 347 1696 384 queant
1706 364 1718 379 ‚

329 406 370 428 ne
381 392 500 427 scilicet
517 390 651 438 aliquod
673 388 811 437 spatium
831 399 925 424 extra
936 389 1054 422 coelum
1066 398 1259 435 empyreum
1270 398 1310 420 co
1334 387 1608 422 atur-admittere:
1628 385 1721 432 quod

326 449 417 490 juxta
431 438 565 489 Cartesii
585 440 743 487 principia
760 450 876 486 corpus
889 438 951 473 erit
964 465 974 480 ‚
995 434 1072 471 oum
1094 438 1177 470 trina
1194 436 1303 470 dimen
1317 435 1547 470 ione-constet.
1567 436 1655 469 Huic
1673 432 1721 469 sa.-

328 504 370 527 ne
382 492 474 534 voci,
494 488 671 534 indefiniti,
689 486 780 523 nulla
797 485 901 522 subest
916 487 1002 520 ratio
1017 513 1028 528 ,
1046 483 1136 519 nulla
1152 485 1234 521 idea.
1258 483 1322 520 Vel
1347 484 1436 519 enirn
1447 482 1516 519 hoc
1537 482 1720 519 universum

330 539 411 576 fines
431 536 551 581 habet,
572 549 709 585 rumque
723 535 854 571 finitum
871 535 936 578 est,
963 536 1172 582 quantumvis
1199 546 1255 569 eos
1280 532 1360 569 fines
1389 533 1623 581 imaginatione
1641 544 1722 568 con..

328 589 421 636 sequi
437 602 503 623 non
515 587 667 636 possimus
680 603 689 630 3
702 584 756 622 vel
765 583 860 621 nullis
871 583 988 620 finibus
1000 585 1183 621 continetur
1193 612 1203 628 ‚
1226 594 1362 631 tumque
1375 580 1539 619 infinitum
1549 582 1610 616 erit
1625 609 1635 624 ,
1655 593 1731 618 non·

329 637 549 674 indefinitum.

368 686 507 737 .Q1arto
520 715 530 731 ‚
561 696 602 721 ne
622 683 702 719 illud
722 682 860 731 quidem
877 692 989 718 mente
1008 680 1236 729 consequimur
1251 709 1261 725 ‚
1284 681 1430 729 quierem
1453 678 1553 728 ipsam
1576 678 1642 714 tam
1660 678 1724 714 effe

330 739 409 786 quid
422 736 508 772 reale
521 741 555 773 &
571 732 744 783 pofitivum
755 761 766 776 ‚
791 732 892 780 quam
905 744 1052 776 motum;
1078 744 1137 767 nec
1151 733 1254 779 magis
1272 742 1346 765 eam
1360 729 1422 764 effe
1438 728 1549 764 motus
1565 730 1724 775 privatio..

331 799 408 823 nem
422 816 431 830 ,
456 785 557 834 quarn
570 794 676 819 motus
694 781 729 818 sir
741 783 882 829 privatio
900 783 1036 829 quietis:
1058 793 1164 816 motus
1188 782 1277 815 enim
1292 809 1302 823 ‚
1320 792 1356 815 ut
1379 778 1444 827 ipse
1462 778 1616 813 concedit
1632 806 1642 821 ,
1667 789 1724 812 ex-

332 835 483 872 trinsecus
501 835 635 870 advenit
647 833 777 880 corpori
794 859 801 869 ‚
823 831 914 878 quod
933 843 990 879 per
1005 829 1035 865 se
1050 830 1190 865 otiosum
1209 830 1273 873 est,
1297 835 1332 866 &
1349 826 1493 877 quiescit.
1524 830 1640 874 Itaque
1659 825 1724 861 hoc

329 885 397 934 ipso
415 885 505 934 quod
520 884 657 920 materia
676 892 786 916 creata
797 879 861 915 fuit
871 908 880 923 ,
896 878 1102 927 quiescebat:
1122 891 1158 914 ut
1174 890 1360 914 moveretur
1372 908 1382 922 ,
1396 890 1483 913 nova
1497 877 1626 912 afflone
1643 888 1724 923 opus

330 934 411 972 fuit:
424 946 530 970 motus
551 935 646 983 igitur
663 930 820 980 quiddam
833 930 877 965 est
887 931 1030 965 mareriae
1039 927 1268 978 superveniens
1280 957 1291 972 ,
1308 941 1375 964 non
1389 929 1471 962 item
1481 928 1570 975 quies
1585 938 1593 961 :
1609 924 1725 962 verum

333 984 374 1020 de
391 985 438 1020 his
455 983 511 1019 suo
523 984 612 1019 loco.
810 1014 813 1015 γ

373 1032 508 1082 Quinto
518 1062 528 1078 ,
540 1045 581 1068 ne
595 1030 673 1067 illud
683 1029 818 1079 quidem
828 1027 930 1073 dabo,
951 1028 1100 1079 figuram,
1111 1026 1202 1063 situm
1213 1056 1223 1071 ,
1245 1031 1279 1064 ὅ(
1289 1026 1368 1062 alias
1384 1024 1575 1061 affe-itiones
1589 1053 1598 1068 ‚
1622 1022 1643 1058 fi
1653 1037 1726 1060 mo-

333 1094 403 1118 tum
416 1085 581 1132 exceperis
598 1111 609 1125 ,
631 1079 693 1115 esse
707 1081 831 1116 a6tivas
846 1080 1028 1126 qualitates.
1051 1081 1134 1113 Sunt
1142 1078 1346 1113 conditiones
1359 1075 1400 1110 ad
1418 1075 1579 1123 agendum
1597 1072 1727 1120 requisi-

333 1144 373 1167 tae
392 1149 402 1175 -,
417 1131 488 1168 sunt
505 1131 640 1179 quidam
653 1130 799 1164 materiae
811 1139 983 1176 apparatus
994 1155 1004 1171 ,
1027 1139 1095 1162 non
1113 1127 1272 1175 principia
1285 1153 1296 1168 ,
1318 1136 1374 1160 aut
1393 1123 1506 1159 formae
1535 1121 1726 1158 effectrices.

333 1184 381 1217 Ac
399 1193 440 1217 ne
451 1181 624 1229 qualitates
639 1178 782 1226 quidem
797 1177 860 1212 dici
877 1176 1001 1212 debent
1025 1190 1032 1212 ε
1051 1188 1121 1210 rem
1139 1177 1260 1223 quippe
1275 1173 1377 1210 talem
1389 1187 1459 1208 non
1469 1171 1624 1208 efficiunt.
1640 1171 1729 1207 Cum

336 1233 423 1265 enim
441 1231 611 1277 quaerimus
624 1257 634 1272 ‚
653 1225 757 1274 qualis
771 1238 820 1260 res
836 1223 893 1268 fit,
919 1237 986 1260 non
1001 1224 1227 1273 respondemus
1246 1234 1320 1258 eam
1337 1223 1487 1265 moveri,
1508 1232 1566 1256 aut
1580 1220 1728 1267 quiesce-

335 1292 370 1313 re
387 1307 398 1322 ‚
422 1289 478 1313 aut
501 1277 602 1312 talem
616 1274 738 1312 habere
752 1273 943 1327 fitum.‚Jarn
956 1274 1090 1322 longum
1107 1270 1186 1307 effer
1197 1283 1267 1319 quae
1283 1270 1434 1307 adversus
1443 1281 1594 1306 motuum
1603 1268 1692 1317 leges
1707 1268 1728 1304 a

336 1326 482 1364 Cartesio
499 1326 610 1362 allatas
623 1355 632 1369 ‚
651 1336 705 1359 aut
713 1323 755 1358 ab
771 1336 811 1358 eo
827 1323 952 1359 &horos
970 1324 1110 1357 vortices
1121 1333 1180 1370 pro
1197 1322 1242 1355 rei
1257 1321 1417 1369 dignitate
1434 1320 1544 1355 dicere
1559 1331 1566 1353 :
1593 1317 1662 1353 haec
1673 1316 1728 1353 suo

335 1389 477 1427 quaeque
490 1376 565 1413 loco
584 1388 651 1410 non
664 1373 886 1423 perfun&orie
902 1370 1123 1408 tratstabimuS.

374 1430 419 1463 Ex
437 1428 476 1460 iis
497 1438 569 1474 quae
585 1426 619 1460 in
640 1423 700 1459 hac
714 1421 932 1472 disputatione
951 1421 1091 1457 diximus
1105 1449 1114 1462 ‚
1133 1420 1165 1455 id
1192 1419 1268 1455 licet
1294 1418 1458 1467 colligere.
1484 1418 1592 1452 Prima
1608 1419 1743 1466 princi-¹

336 1480 390 1526 pia
403 1475 591 1511 mechanica
605 1472 678 1510 satis
691 1473 867 1508 commode
880 1470 1029 1506 adhiberi
1040 1470 1126 1518 posse
1144 1470 1184 1504 ad
1202 1468 1322 1505 multos
1339 1479 1461 1503 naturae
1473 1462 1608 1502 effeetus
1622 1463 1744 1516 expli-'

336 1527 477 1568 candOS,
500 1537 574 1560 cum
605 1521 664 1558 fint
685 1521 854 1558 intelledim
874 1520 1000 1555 facilia:
1029 1519 1082 1554 sed
1096 1531 1136 1554 ea
1151 1530 1263 1554 tamen
1279 1531 1346 1553 non
1363 1515 1531 1552 sufficere:
1555 1514 1743 1564 praesertim'

337 1588 413 1611 cum
426 1574 616 1610 animalium
629 1574 713 1607 vires
725 1599 735 1616 ,
755 1576 789 1608 &
800 1570 985 1605 funetiones
999 1568 1209 1616 explicantur.
1222 1565 1372 1602 Secundo
1384 1577 1423 1600 ex
1433 1565 1632 1601 mechanicis
1642 1568 1732 1613 prin-

339 1626 430 1674 cipiis
440 1635 569 1658 atomos
583 1651 593 1666 ,
610 1627 644 1659 &
654 1623 750 1656 inam
760 1620 905 1668 Epicuri,
923 1624 957 1656 &
968 1616 1104 1654 Cartesii
1119 1617 1283 1652 elementa
1295 1629 1364 1651 non
1381 1617 1475 1650 omni
1494 1613 1733 1662 probabilitate

338 1671 501 1717 destitui,si
517 1670 633 1714 modo,
643 1682 714 1717 quae
729 1666 916 1714 inruttisque
926 1666 1169 1703 observavimus
1186 1663 1323 1700 absurda
1335 1664 1554 1698 detrahantur.
1588 1662 1706 1698 Tertio
1718 1691 1731 1706 ,

340 1723 491 1758 subtilem
504 1720 639 1757 Cartesii
652 1717 864 1754 substantiam
878 1745 886 1759 ,
896 1714 918 1750 fi
927 1713 1014 1750 bene
1027 1714 1225 1762 intelligatur
1236 1742 1245 1756 ‚
1255 1712 1297 1746 ab
1308 1710 1483 1747 *Aristotele
1498 1739 1509 1753 ‚
1520 1716 1562 1747 ss&
1576 1710 1732 1746 omnibus

341 1784 426 1820 pene
436 1768 565 1806 Philoso
590 1769 639 1804 his
653 1767 805 1802 admitti:
826 1763 879 1799 sed
899 1765 1097 1800 recentiores
1117 1775 1202 1810 pene
1216 1773 1330 1797 omues
1353 1762 1385 1796 in
1404 1773 1445 1795 eo
1455 1771 1588 1808 peccare
1601 1789 1611 1804 ,
1643 1760 1733 1808 quod

342 1822 515 1861 materiam
529 1831 544 1853 e
573 1830 590 1852 e
613 1817 854 1865 homogeneam
866 1842 878 1857 ,
904 1819 939 1851 ὃ(
965 1811 1147 1848 uniusmodi
1174 1811 1373 1861 pertendant
1404 1825 1412 1846 :
1436 1821 1507 1844 rem
1527 1811 1612 1844 enim
1638 1809 1733 1844 aliter

343 1870 372 1904 se
395 1868 515 1904 habere
533 1867 644 1903 multis
660 1864 839 1901 rationibus
854 1868 923 1910 jam
942 1864 1098 1899 evicimus
1111 1891 1121 1905 ‚
1154 1872 1252 1909 atque
1278 1857 1409 1894 uberius
1429 1860 1579 1907 proxima
1591 1857 1732 1907 disputa-

345 1921 435 1953 tione
447 1916 645 1953 docebimus.

777 2063 823 2096 -D
841 2061 893 2095 15
912 2057 1225 2097 SERTATJO
1273 2057 1355 2093 111.

674 2162 729 2194 De
742 2161 910 2210 principiis
924 2156 1061 2208 physicis
1072 2184 1080 2196 ,
1104 2158 1160 2199 siu
1179 2156 1218 2190 dc
1234 2155 1406 2190 elementis.

350 2260 421 2344 ID
441 2260 600 2310 reliquum
618 2260 660 2296 est
677 2271 714 2295 ut
736 2259 776 2294 de
789 2257 962 2295 elementis
985 2255 1081 2306 paulo
1101 2253 1196 2291 fusius
1217 2264 1349 2303 agamus
1366 2265 1375 2287 :
1397 2248 1484 2297 quod
1511 2261 1554 2283 ea-
1567 2247 1652 2285 forti:
1675 2246 1749 2284 fine.

394 2323 490 2354 vera,
517 2317 550 2349 ὃς
569 2309 697 2359 physica
716 2309 997 2357 retumfprincipia
1017 2335 1027 2349 ‚
1050 2318 1122 2353 quae
1146 2303 1284 2340 sensibus
1310 2299 1532 2349 subjiciuntur.
1567 2299 1736 2334 Hactenus

352 2360 437 2394 enini
456 2363 559 2407 prima
575 2372 680 2396 rerum
704 2358 836 2394 exordia
847 2358 948 2405 magis
965 2354 1090 2392 anobis
1101 2353 1225 2403 quaesita
1245 2351 1317 2388 sunt
1329 2379 1340 2395 ‚
1358 2348 1458 2398 quam
1469 2352 1606 2390 inventa
1622 2360 1630 2382 z
1650 2358 1736 2383 nunc
