1878 2724
414 123 787 162 TRACTATUS
822 123 1079 162 TERTIUS.
1407 145 1451 172 ΣΗ

68 174 169 214 multa
181 189 296 227 praeter
316 186 445 213 eeteros
466 177 693 224 experimenta
707 173 788 209 fecit
803 176 848 211 D.
862 175 980 223 Boyle‚
991 185 1063 222 quae
1080 184 1183 223 nuper
1195 174 1229 210 in
1248 173 1354 213 lucem
1370 185 1452 217 emi-

115 281 142 313 1.'
161 280 248 313 Duas
267 276 434 311 drachmas
446 273 540 310 calcis
560 275 834 309 vivae&recentis
850 273 1089 310 vehementiori
1110 275 1174 322 igni
1187 287 1245 322 per
1265 276 1342 311 duas
1357 278 1451 317 horas

67 324 236 374 imposuit,
249 340 286 372 ²9
302 327 408 374 granis
420 354 430 369 ,
447 324 510 360 hoc
531 324 579 358 est
592 352 600 367 ‚
619 322 858 358 semidrachmae
879 322 950 357 fere
971 323 1113 371 pondere
1133 324 1228 358 aneta
1248 325 1300 361 est.
1324 329 1453 377 Magno

67 373 142 410 lane
157 386 361 424 argumento·
375 374 498 409 calcem
508 373 641 407 alterius
665 375 806 420 corporis
819 372 984 406 additione
994 374 1176 420 graviorem
1199 372 1267 408 fieri
1281 388 1288 410 :
1307 376 1362 411 etfi
1378 379 1453 427 plu-

66 425 151 459 nimo
164 424 297 460 humore
311 423 465 459 exhausto
486 422 609 470 lapides
630 419 777 456 calcinati
791 419 873 456 fiant
889 420 1027 457 leviores
1044 434 1052 455 :
1077 434 1146 457 non
1164 424 1249 458 enim
1265 436 1391 462 tantum
1409 428 1452 463 ab

66 476 142 521 igne
160 475 285 508 accedit
299 473 379 507 calci
392 501 402 516 ,
417 483 574 519 quantum
592 471 736 505 humoris
753 468 904 505 difflatur.
928 472 1035 519 Atque
1044 469 1120 506 hinc
1131 470 1234 518 liquet
1244 475 1278 508 in
1287 474 1374 509 calce
1386 505 1396 520 ,
1419 483 1453 515 &

66 521 184 557 salibus
195 525 250 569 qui
270 534 310 556 ex
327 520 488 557 cineribus
505 519 713 554 extrahuntur
728 547 737 562 ‚
752 532 819 554 non
836 516 935 553 solam
955 522 1038 568 ignis
1063 519 1300 568 impreffionem
1313 551 1322 565 ,
1345 524 1396 559 seu
1418 539 1453 562 ut

66 571 240 618 loquuntur
261 581 470 619 empyreuma
484 567 567 613 ‚used
591 566 798 604 substantiam
821 579 1009 603 extraneam
1031 596 1043 613 ,
1067 581 1280 618 quaecumque
1297 570 1356 616 fit,
1382 574 1452 610 inst<

67 621 157 656 dere.
629 634 637 641 ·

101 684 127 706 2.
142 663 248 702 'Cum
266 666 385 703 lamina
400 678 519 715 cuprea
529 667 668 716 ejusdem
680 667 844 716 ponderis,
855 666 951 702 seui..
969 667 1113 704 drachm.
1123 668 1304 713 crucibulo,
1320 670 1373 706 seu
1389 671 1452 707 vasi

65 729 169 753 terreo
186 716 226 752 sic
247 719 357 765 aptata
372 716 510 750 effetzad
532 716 679 752 libellam
692 745 702 760 ,
719 727 756 751 ut
773 715 869 751 facile
887 718 1012 752 moveri
1030 730 1097 753 non
1119 717 1222 766 posset
1235 747 1245 761 ‚
1266 724 1299 756 δι
1312 718 1460 764 flammae,

62 766 217 814 sulphuris
238 766 428 814 oblongioti
450 766 566 801 itidem
582 764 643 801 vafi
661 763 815 814 impoliti,
839 777 896 814 per
908 767 985 800 duas
1006 764 1101 801 horas
1121 766 1283 817 subje&a;
1306 769 1376 804 fere
1398 773 1453 805 iti-

64 817 139 850 dem
153 814 392 851 semidrachmae
414 815 560 863 pondere
578 814 699 850 ablutis
724 814 877 850 omnibus
900 813 1045 849 sordibus
1067 828 1200 865 cuprum
1227 819 1358 854 auctum
1381 820 1450 859 fuit.

65 866 205 913 Argenti
223 864 375 900 drachma
393 863 535 911 quae-est.
558 871 602 901 60
617 875 809 913 granorum,
830 864 900 899 fere
919 862 970 898 sex
989 866 1094 912 granis
1113 867 1205 902 aucta
1225 868 1268 902 est
1287 881 1295 903 :
1316 869 1399 904 adeo
1419 883 1460 906 ut>

64 913 198 949 dubium
215 912 276 949 είῖἒ
294 926 367 949 non
375 911 493 961 poffitg
507 915 591 960 quin
615 915 695 962 ignis
709 911 1002 960 effluviaquaedam
1019 925 1122 962 poros*
1137 917 1234 950 etiam
1245 917 1452 956 metallorum

62 961 215 1002 fabem-13
223 963 332 1011 ‘iisque
341 962 533 997 -adhoereant
544 972 554 998 ξ
567 962 656 1011 quod
667 962 778 998 multisv
788 963 856 998 aliis
876 964 1107 1011 experimentis
1116 964 1246 1013 liquet:

98 1013 278 1058 3.2Lamina
292 1023 412 1060 cuprea
423 1013 521 1046 unius
532 1011 703 1056 vunciazgseu
713 1015 739 1048 8.
754 1011 978 1047 drachmarum
997 1013 1141 1060 pondere
1154 1043 1163 1057 ,
1192 1014 1319 1051 vasculo
1337 1015 1463 1053 leniter·

63 1071 219 1096 excavato
229 1059 448 1096 exiciner-ib'us
460 1066 495 1098 δε
504 1060 628 1097 ossibus
639 1061 793 1097 confeao
809 1090 818 1104 ,
835 1062 925 1109 quod
939 1061 1098 1109 cupellam
1108 1092 1118 1106 ,
1134 1077 1168 1099 v.
1177 1064 1212 1096 la
1221 1067 1378 1114 conpelle‚
1391 1080 1449 1103 vo,

62 1121 137 1144 cant
148 1137 158 1152 ‚
172 1108 320 1158 imposita
331 1136 341 1153 ,
359 1114 394 1146 δι
408 1111 474 1156 igni
484 1110 660 1144 ardentiori
675 1122 730 1157 per
740 1125 758 1146 2
770 1111 864 1145 horas
877 1111 1022 1158 expolita
1034 1139 1044 1153 ,
1058 1113 1137 1145 citra
1151 1111 1319 1157 fusionem,
1330 1129 1366 1160 30
1376 1128 1454 1164 gra-

62 1170 176 1193 norum
191 1159 336 1207 pondere
345 1160 476 1207 gravior
487 1160 631 1194 extracta
646 1160 690 1194 est
704 1173 711 1195 z
725 1157 778 1205 sed
792 1158 853 1193 ubi‘
865 1161 956 1207 cupri
973 1162 1068 1194 uncia
1084 1161 1271 1203 iuramenta
1282 1162 1346 1198 fuit
1359 1167 1463 1200 com-'

62 1209 188 1242 minuta
203 1236 212 1251 ,
229 1213 262 1245 δι
273 1219 331 1257 per
345 1222 357 1253 3
370 1207 466 1242 horas
491 1207 525 1241 in
543 1206 728 1253 crucibulo,
745 1221 777 1244 v,
793 1211 908 1254 σόη-[ἔτ
920 1237 931 1251 ,
946 1207 1071 1242 summo
1088 1211 1170 1257 ignis
1181 1210 1281 1245 calori
1296 1212 1451 1261 exposita,

62 1258 141 1290 citra
156 1265 269 1297 tamen
285 1256 384 1292 ullam
394 1254 570 1298 fufio-nem,
583 1267 628 1302 49
641 1259 746 1305 granis
769 1258 925 1291 increvitz
945 1258 996 1291 Sic
1017 1257 1164 1302 stannum
1184 1260 1286 1293 unciae
1307 1262 1452 1310 pondere

62 1317 120 1353 per
133 1320 150 1341 2
168 1305 260 1341 horas
272 1305 465 1340 calcinatum
478 1334 487 1347 ‚
505 1305 666 1340 drachmae
677 1305 821 1353 pondere
836 1306 965 1340 anetum
980 1306 1039 1341 est.
1060 1308 1217 1354 -Qatuor
1238 1310 1397 1345 drachmis
1412 1311 1461 1347 li-.'

63 1365 193 1389 matura:
207 1354 354 1403 chalybis
371 1366 428 1403 per
444 1368 461 1390 2
478 1354 574 1389 horas
591 1352 920 1403 cupellaeimpofitae-‘,
937 1355 1101 1391 ,drachmae
1114 1358 1248 1405 integrae
1264 1363 1298 1394 &
1313 1358 1367 1395 sex
1378 1373 1450 1410 gra-

63 1415 180 1438 norum
193 1404 318 1451 pondus
331 1402 470 1439 acceffit.
837 1445 847 1452 ,λ

103 1452 202 1499 Qod
215 1463 325 1487 autem
336 1453 418 1501 ignis
427 1449 540 1500 spicula
551 1450 623 1486 vasa
637 1450 701 1499 ipsa
709 1457 928 1499 penetrem&
939 1451 1281 1502 metallorum-pondus
1300 1469 1457 1507 augeam·

63 1502 160 1535 etiam
170 1503 203 1537 in
216 1499 296 1538 vafis
311 1503 418 1535 vitreis
431 1507 465 1538 δι
479 1499 620 1548 sigillatis
634 1529 643 1544 ,
669 1500 776 1535 multis
796 1512 931 1549 quoque
947 1500 1229 1538 observationibus
1247 1517 1450 1556 compertum
1463 1507 1466 1510 ’

63 1549 111 1584 est
124 1578 134 1593 ‚
159 1561 239 1597 quas
264 1549 436 1585 brevitatis
453 1548 543 1584 causa
563 1551 820 1596 omittimusqld'-
837 1557 936 1584 unum
954 1550 1150 1586 advertimus
1177 1552 1356 1595 absolutam
1371 1558 1450 1602 qui·
1478 1564 1480 1566 ’

63 1599 138 1632 dem
155 1600 349 1646 gravitatem
365 1598 572 1633 metallorum
583 1600 663 1646 ignis
679 1600 712 1631 vi
724 1598 884 1640 crescere,
901 1597 1145 1646 sed'specificam
1168 1602 1317 1637 imminui
1331 1616 1339 1637 τ
1361 1604 1445 1639 adeo

63 1656 100 1680 ut
113 1645 283 1693 plumbum
296 1660 328 1682 v.
341 1659 390 1695 gr.
403 1646 596 1682 calcinatum
609 1659 674 1681 non
687 1645 727 1681 fit·
737 1646 1081 1694 duodecuplogtavius
1098 1660 1180 1695 aqua
1194 1678 1203 1693 ,
1226 1661 1262 1684 ut
1283 1651 1371 1687 idem
1393 1665 1448 1687 au*
1462 1662 1463 1665 ’

65 1693 139 1730 thor
164 1695 394 1744 deprehendit:
406 1695 458 1731 sed
477 1695 543 1730 hlaec
559 1694 850 1744 breviterattig'iffe
863 1694 934 1730 satis
946 1695 1055 1733 fuerit.
1070 1696 1198 1744 Jamsit
1213 1722 1217 1726 r

629 1792 743 1828 Tertia
764 1793 935 1840 Conclusto.
954 1816 956 1819 v

96 1888 195 1927 Calor
213 1890 399 1939 potentialis
415 1901 531 1938 magna
542 1902 581 1925 ex
591 1902 680 1939 parte
690 1891 813 1940 pendet
825 1890 845 1927 ἒι
859 1893 1001 1940 partium
1024 1902 1149 1927 textura
1165 1897 1200 1930 &
1211 1894 1281 1929 aliis
1300 1896 1448 1933 affectio-

67 1939 163 1975 nibus
173 1952 240 1985 quae
249 1939 441 1975 mechanicae
456 1939 613 1976 dicuntur.

100 1986 192 2021 Proh.
202 1987 245 2021 ὠ
257 1989 439 2034 explicatur
451 1989 538 2021 conc!
543 2014 551 2023 .
573 1991 653 2024 Non
670 1987 734 2024 sola
747 1991 828 2038 ignis
842 1989 1025 2038 corpuscula
1037 2022 1047 2037 ‚
1066 2005 1136 2039 quae
1145 1993 1178 2027 in
1198 1992 1284 2027 calce
1297 1992 1449 2042 superesse

66 2035 265 2070 ostendimus
279 2062 288 2077 ‚
307 2034 358 2069 sed
381 2036 487 2072 multo
504 2039 646 2071 maxime
669 2041 808 2086 partium
825 2038 986 2087 dispositio
998 2071 1007 2085 ,
1037 2048 1070 2079 δι
1087 2051 1256 2076 contextus
1270 2070 1281 2085 ,
1298 2055 1334 2077 ac
1362 2043 1449 2079 forte

66 2085 212 2119 aethereae
231 2082 406 2118 substantiae
426 2096 534 2124 motus
555 2085 642 2120 hunc
654 2086 799 2123 colorem
823 2089 952 2125 excitat.
975 2093 1065 2128 Nam
1084 2103 1120 2126 ut
1134 2090 1195 2125 alia
1214 2093 1366 2126 omittam
1381 2121 1390 2135 ‚
1405 2090 1462 2130 salv

67 2135 176 2168 tartari
188 2145 269 2180 aqua
288 2131 406 2166 dilutus
420 2131 582 2168 incalescit
599 2148 606 2170 :
625 2133 679 2169 ubi
694 2149 777 2183 aqua
787 2140 886 2171 etiam
905 2141 985 2175 citra
996 2142 1105 2185 ignem
1118 2138 1332 2183 exhalaverit,
1346 2145 1380 2176 &
1392 2153 1452 2175 no-

66 2195 144 2217 vam
163 2180 297 2216 subinde
310 2193 428 2228 aquam
446 2179 614 2226 affuderis,
629 2195 733 2219 novus
750 2184 886 2221 subinde
903 2189 990 2224 calor
1003 2181 1167 2225 exorietur
1182 2205 1191 2231 3
1208 2189 1305 2234 idque
1323 2189 1446 2222 accidet

66 2233 166 2266 etiam
181 2229 201 2265 si
221 2229 604 2278 saepius·experimentum
623 2234 773 2268 iteretur:
790 2247 907 2282 magno
928 2239 1060 2284 quidem
1080 2238 1199 2272 indicio
1213 2235 1354 2270 calorem
1379 2249 1447 2271 non

68 2291 134 2314 tam
148 2279 189 2313 ab
203 2282 275 2329 igne
288 2282 321 2313 in
331 2278 391 2312 sale
401 2278 687 2326 tartarisuperstite
700 2309 709 2323 ‚
723 2294 821 2328 quam
842 2283 862 2317 a
879 2289 1022 2330 partium
1042 2283 1245 2333 dispositione
1261 2287 1420 2331 procreati
1437 2297 1445 2317 τ

65 2341 257 2375 quocunque
270 2328 302 2362 id
315 2327 412 2362 modo
431 2327 631 2370 accidat‚f1ve
644 2333 785 2376 corporis
806 2329 926 2367 subtilis
952 2346 1059 2374 motus
1080 2331 1285 2381 perturbetur
1300 2348 1308 2374 3
1324 2331 1387 2367 five
1401 2336 1448 2368 ita

65 2376 232 2425 sintaptati
247 2379 338 2415 unius
350 2375 484 2425 liquoris
493 2379 584 2426 pori,
600 2389 636 2413 ut
644 2377 774 2414 alterius
783 2387 890 2428 patres
901 2383 1037 2429 ramosas
1056 2383 1164 2430 primo
1181 2393 1309 2417 tantum
1328 2381 1446 2418 Carte-

1190 2431 1245 2468 Dd
1276 2431 1296 2477 ij
