1878 2724
372 114 448 159 '400
680 113 956 151 PHYSICAE
987 113 1130 150 PARS
1165 113 1462 152 SECUNDA.

411 163 500 197 Hinc
509 161 640 198 Tacitus
652 160 673 198 l.
689 178 712 209 5.
723 161 936 197 Historiarum
947 162 1085 210 loquens
1097 165 1136 198 de
1151 166 1247 199 amne
1256 164 1397 210 quodam
1411 161 1579 198 Palaestinae
1590 165 1624 198 &
1635 162 1769 210 AEgypti
1822 150 1826 184 ss
1869 175 1878 186 ⁶

376 207 516 245 finitimo
525 212 607 244 circa
616 214 701 258 cujus
712 211 759 243 Os
769 238 779 253 ,
794 212 901 258 inquit
914 239 924 254 ‚
934 211 1059 244 collegia
1077 224 1173 245 arenae
1187 211 1333 245 admixto
1356 215 1440 245 nitro
1462 214 1499 245 in
1551 211 1650 244 itrum
1661 223 1763 245 ‘ex-oo·

377 268 528 304 quantur·
546 260 624 294 Non
646 259 686 291 de
698 258 821 306 vulgari
838 261 924 294 nitro
935 287 946 302 ,
957 270 1012 294 aut
1029 259 1190 306 salepetrae
1207 260 1238 293 id
1253 259 1454 307 intelligitur.
1484 259 1683 305 Quanquam
1695 271 1763 294 non

377 308 491 353 ignoro
503 316 541 338 ex
555 317 688 354 purgato
703 306 868 354 salepertae
878 313 912 344 &
923 319 1016 342 arena
1027 307 1189 355 purissima
1199 336 1209 351 ,
1223 319 1260 343 ut
1270 320 1308 342 ex
1319 306 1428 342 sabulo
1443 305 1620 355 Stampenfi
1629 310 1764 350 vitrum*

376 353 426 389 seu
443 353 629 400 crystallum
652 354 780 391 confici.
808 356 868 390 Sed
882 358 999 390 nitrum
1015 358 1242 405 AEgyptiacum
1253 356 1349 405 longe
1360 355 1491 390 alterius
1502 356 1548 390 est
1558 367 1689 392 naturae.
1711 354 1764 400 Est

376 403 463 435 enim
477 400 517 435 sal
532 401 681 437 lixivialis
696 405 750 450 qui
770 416 841 439 cum
855 405 953 438 acidis
972 405 1149 451 liquoribus
1167 405 1293 448 mistus,
1311 416 1346 439 ut
1367 404 1484 451 reliqui
1505 403 1582 439 sales
1592 403 1762 448 lixiviales,

376 449 597 487 tumultuatur.
614 452 704 486 Hinc
721 454 847 499 optime
865 454 1096 488 animadvertit
1109 457 1151 489 D,
1164 455 1264 502 Boyle
1277 455 1311 487 iri
1323 455 1499 502 appendice
1512 453 1552 486 ad
1567 452 1765 488 Chimistam

376 498 548 546 scepticum
557 511 663 546 nuper
674 501 776 544 edita,
787 501 996 536 locumillum
1005 501 1169 549 proverb>
1178 516 1223 552 ²5·
1243 505 1406 539 ascetum
1419 505 1452 536 in
1462 502 1545 536 nitro
1554 528 1566 544 ,
1584 504 1642 548 qui
1655 510 1771 535 cantat

377 550 522 581 carmina
532 549 621 582 cordi
627 548 750 597 peffimo
767 579 770 584 .
794 549 855 584 hoc
867 550 910 584 est
922 549 1045 586 afflieto
1058 580 1068 596 ‚
1092 563 1128 586 ut
1136 551 1183 586 est
1197 554 1231 586 in
1248 549 1393 586 Hebraeo
1405 579 1415 593 ‚
1432 548 1569 597 intelligi
1589 562 1658 585 non
1680 546 1767 598 posse

376 595 418 629 de
435 595 561 642 vulgrri
577 596 730 640 nitro‚seu
745 598 786 633 de
803 596 864 632 sale
873 610 969 647 petrae
981 601 1038 646 qni
1055 612 1128 635 cum
1142 611 1235 635 aceto
1245 612 1309 635 non
1323 598 1534 634 tumultuatur
1547 614 1557 640 ς
1570 596 1621 632 sed
1644 600 1769 646 optime

378 643 531 691 explicari
542 645 581 678 de
592 647 679 680 nitro
696 649 887 695 AEgyptiaco
899 676 909 691 ‚
934 648 1024 695 quod
1035 661 1116 686 nunc
1125 659 1252 684 nattum
1266 659 1396 684 vocant.
1406 649 1499 684 Nam
1511 645 1554 682 sal
1569 646 1626 681 ille
1641 646 1769 684 lixivia-

380 692 420 727 lis
435 705 505 726 cum
520 704 614 727 aceto
631 696 800 742 permistus
823 695 1019 733 effervescit>

419 741 570 776 Nitrosos
593 744 700 790 itaque
714 743 791 779 sales
812 756 898 779 nuuc
910 747 1039 794 proprie
1052 745 1202 790 dicimus,
1219 747 1277 793 qui
1296 758 1370 780 curn
1388 742 1484 779 rebus
1502 743 1677 793 sulphureis
1698 757 1769 780 maa

381 794 484 838 jorern
500 789 621 825 habent
632 795 861 828 coenationem
875 821 885 836 ‚
907 799 1022 829 &curn
1038 792 1169 828 acetofis
1180 794 1412 829 tumultuantur
1425 810 1435 837 ·‚
1448 795 1607 828 Mercurii
1617 792 1770 828 sublimat

382 841 408 872 ti
421 837 614 873 solutionem
629 822 759 876 turbant
775 869 784 883 ‚
805 843 901 888 eique
911 854 966 877 aut
976 842 1116 877 laoceum
1126 842 1270 877 colorem
1284 842 1428 891 praebent
1448 871 1457 886 ,
1475 854 1548 877 cum
1565 841 1636 878 sunt
1652 841 1772 878 volari-

382 886 428 921 les
441 915 451 929 ,
466 886 658 922 autfulvurn
668 917 678 931 ,
698 894 730 926 &
744 888 951 933 subrubturn,
969 903 1042 926 cum
1055 889 1123 925 sunt
1137 890 1275 927 fixiores.
1298 892 1347 925 Ac
1361 890 1437 939 saepe
1450 893 1563 926 evenit
1578 903 1616 926 ut
1627 889 1702 925 sales
1723 890 1774 926 illi

382 933 491 971 nitrofi
502 947 563 970 nec
576 934 687 982 sapore
703 966 713 981 ‚
732 950 791 972 nec
809 937 930 974 fusione
953 938 983 973 se
995 940 1153 987 prodant:
1168 941 1244 979 utin
1254 951 1441 975 cancrorum
1455 938 1611 987 lapidibus
1621 968 1631 982 ,
1646 939 1773 974 ostreo:-

385 995 454 1018 rum
467 983 647 1033 conchyliis
661 1013 671 1028 ,
687 986 825 1021 coralliis
838 1015 847 1029 ‚
857 990 1036 1035 margaritis
1049 1016 1058 1031 ,
1078 993 1112 1024 &
1121 988 1191 1023 aliis
1205 1001 1277 1034 quae
1289 1001 1361 1023 cum
1373 986 1503 1022 acetofis
1514 987 1688 1035 liquoribus
1698 1000 1774 1036 pera-

384 1032 474 1066 mista
487 1035 725 1068 tumultuantur
739 1062 748 1076 ,
763 1040 796 1071 &
814 1034 1031 1071 effervescunt.
1046 1036 1134 1070 Sales
1149 1036 1265 1071 acetofi
1279 1039 1312 1070 in
1323 1036 1440 1084 plantis
1460 1041 1493 1073 &
1510 1035 1704 1072 animalibus
1722 1038 1773 1070 vi·

385 1091 463 1126 gent
472 1080 603 1126 quidem
614 1110 623 1124 ‚
637 1080 690 1116 sed
702 1081 861 1119 diffoluti:
878 1086 911 1118 in
931 1083 1138 1120 rnineralibus
1156 1087 1256 1134 tnagis
1270 1083 1302 1119 se
1313 1085 1463 1134 produnt.
1488 1087 1539 1120 Sic
1552 1097 1643 1134 aquae
1658 1085 1773 1122 Virrio-

388 1128 606 1164 licae‘hoesale
617 1134 845 1179 penetranti&
857 1132 950 1168 acido
963 1131 1160 1171 imbuuntur.

910 1231 1045 1278 Defizl'e
1058 1234 1236 1267 communr'w-

407 1335 410 1337 ’
430 1321 481 1357 Sal
496 1326 675 1360 communis
684 1337 723 1360 ex
734 1327 884 1375 aequabili
902 1327 1137 1364 elementorum
1146 1329 1299 1364 mistione
1314 1330 1455 1365 exoritur
1467 1344 1476 1367 ε
1488 1331 1573 1366 unde
1586 1330 1669 1366 illius
1682 1330 1774 1380 sapor

391 1382 430 1404 ex
443 1374 507 1405 acri
520 1376 553 1407 &
568 1374 659 1407 acido
678 1385 883 1423 temperatur.
894 1378 972 1424 jam
987 1377 1051 1411 alio
1072 1377 1145 1411 loco
1167 1380 1350 1413 monuimus
1369 1391 1408 1413 ex
1434 1382 1511 1415 Viro
1536 1379 1646 1416 clariss.
1663 1378 1774 1415 saltem

392 1422 552 1455 marinum
569 1423 602 1455 in
619 1434 701 1469 aqua
723 1424 899 1459 exsolutum
912 1424 950 1458 fic
966 1428 1196 1474 evaporatione
1211 1425 1411 1462 concrescere
1423 1457 1432 1470 ,
1454 1440 1490 1463 ut
1511 1441 1580 1474 pars
1601 1428 1718 1464 nitrosa
1740 1434 1776 1465 δε

391 1470 495 1502 acrior
505 1472 644 1515 primurn
659 1472 840 1507 concrescat
851 1502 860 1514 ,
873 1486 944 1519 quae
954 1473 1016 1508 fine
1034 1474 1171 1510 tumultu
1181 1487 1250 1509 cum
1260 1473 1322 1509 sale
1336 1479 1444 1510 tartari
1457 1476 1606 1512 diffoluto
1614 1475 1776 1521 miscetur,

393 1529 468 1551 curn
479 1516 535 1551 fibi
545 1531 610 1552 non
625 1517 683 1554 fint
702 1520 825 1557 infesti:
842 1521 894 1555 sed
909 1535 979 1569 pars
989 1523 1088 1557 altera
1109 1536 1179 1570 quae
1189 1525 1219 1557 iu
1237 1522 1340 1558 fundo
1350 1523 1426 1558 vafis
1441 1538 1524 1572 aqua
1536 1528 1626 1560 omni
1646 1525 1777 1561 exhala-

394 1576 427 1600 ta
437 1577 600 1608 remanet,
619 1580 755 1615 quaeque
769 1570 813 1604 est
828 1571 950 1604 acidior
964 1599 973 1614 ,
996 1584 1069 1606 cum
1088 1570 1245 1607 solutione
1266 1571 1333 1606 salis
1355 1576 1462 1608 tartari
1477 1573 1713 1619 tumultuatur,
1741 1576 1777 1612 δὲ

395 1625 467 1648 eam
488 1615 635 1663 coagulat
650 1632 659 1659 3
678 1630 814 1665 quaeque
828 1619 881 1653 hic
894 1618 1077 1654 dissolverat
1091 1649 1099 1663 ,
1117 1619 1222 1655 statim
1235 1623 1419 1668 proecipitat.

431 1665 519 1697 inter
535 1662 610 1698 sales
625 1665 816 1712 compositos
833 1669 938 1715 primo
951 1667 1024 1703 loco
1036 1670 1238 1703 armoniacus
1251 1675 1284 1706 ὃ(
1297 1668 1406 1704 fossilis
1425 1682 1617 1706 numeratur.
1643 1672 1672 1705 ts
1687 1672 1777 1706 enim

396 1723 432 1744 ex
448 1713 534 1745 nitro
546 1712 716 1750 volatili&
727 1714 788 1749 sale
803 1719 966 1751 communi
983 1720 1206 1765 componitur:
1227 1720 1258 1752 in
1270 1717 1444 1753 levioribus
1464 1719 1652 1766 quibusdam
1672 1721 1778 1758 terris,

397 1765 430 1796 δι
447 1761 479 1793 in
503 1758 655 1807 specubus
667 1764 830 1798 interdum
844 1761 1010 1800 efflorescit
1031 1767 1081 1800 Sal
1094 1778 1229 1813 gemma!
1241 1766 1292 1800 seu
1306 1765 1416 1801 foffilis
1431 1779 1471 1803 ex
1481 1768 1541 1803 sale
1559 1767 1671 1802 itidem
1685 1779 1778 1803 com.

398 1810 529 1845 muni&
541 1811 627 1843 nitro
640 1809 704 1844 fixo
716 1810 863 1846 coalescit
878 1827 886 1847 ε
904 1813 977 1847 hinc
995 1813 1187 1848 solutionem
1205 1813 1366 1848 sublimati
1381 1817 1559 1863 praecipitat
1585 1829 1594 1850 t
1625 1816 1713 1862 quod
1732 1813 1778 1850 sal

397 1858 578 1890 communis
596 1870 660 1892 non
674 1859 822 1905 praestat3
846 1858 1041 1897 solutionem
1059 1874 1187 1910 quoque
1205 1862 1324 1897 vitrioli
1343 1861 1537 1900 sub-viridem
1560 1862 1651 1900 flavo
1666 1863 1779 1901 colore

401 1905 496 1952 tingit
507 1932 518 1947 ,
529 1908 563 1940 &
573 1906 736 1953 crystallos
749 1918 905 1955 procreat.

831 2004 887 2037 De
903 2007 987 2040 m'tro
1004 2033 1012 2045 ‚
1028 2007 1167 2041 alumine
1178 2007 1372 2044 &vitriolm

433 2098 608 2146 Salpetrae‚
632 2098 778 2143 alumen,
793 2102 959 2136 vitriolum
982 2101 1049 2137 sunt
1072 2103 1149 2138 sales
1164 2107 1208 2139 ita
1224 2104 1406 2153 compositi.
1421 2115 1456 2140 ut
1476 2104 1518 2140 stul
1535 2105 1676 2140 acetosus
1690 2107 1722 2142 in
1739 2106 1780 2142 iis

403 2146 595 2182 dominetur.
603 2148 689 2182 Cum
701 2146 740 2181 sal
753 2150 858 2183 acidus
869 2179 878 2193 ‚
898 2163 995 2197 quem
1006 2163 1136 2187 aereum
1149 2166 1244 2188 vocat
1260 2158 1301 2190 D.
1314 2155 1356 2187 du
1369 2155 1442 2187 Clos
1452 2180 1461 2195 ,
1475 2166 1537 2189 una
1547 2166 1617 2188 cum
1629 2166 1708 2189 terra
1718 2167 1779 2202 pe-

403 2195 485 2229 trosa
498 2223 507 2239 ‚
521 2207 559 2229 ex
571 2208 632 2242 qua
642 2208 698 2243 per
709 2197 956 2233 calcinationem
971 2199 1010 2232 sal
1025 2201 1136 2236 itidem
1151 2202 1400 2248 'apidificusjarn
1413 2203 1577 2249 expeditus
1591 2203 1673 2246 fuit,
1690 2215 1781 2238 corn-
1826 2222 1829 2223 ⁷

403 2242 568 2286 miscetur,
596 2256 662 2278 tum
685 2244 813 2280 alumen
836 2246 1028 2290 concrescit3
1046 2260 1081 2283 ut
1099 2250 1263 2285 vitriolum
1282 2254 1312 2284 in
1329 2252 1419 2284 terris
1435 2249 1621 2298 ferrugineis
1633 2280 1642 2294 ‚
1656 2263 1711 2286 aut
1727 2264 1779 2287 cu·

403 2294 496 2337 preis,
516 2295 551 2326 ln
569 2291 731 2340 [alepetrae
743 2296 860 2329 nitrum
878 2296 971 2330 acido
982 2307 1174 2344 temperatur
1189 2313 1197 2334 ε
1218 2300 1290 2334 hinc
1301 2311 1374 2332 cum
1391 2297 1451 2331 sale
1463 2302 1569 2333 tartari
1587 2302 1703 2334 mixtus
1720 2311 1781 2335 nec

402 2335 599 2386 effervescit,
617 2353 678 2377 nec
686 2345 972 2391 praecipitationem
981 2356 1089 2392 ειεξιτ,
1109 2358 1146 2382 ut
1164 2346 1294 2385 alumen
1310 2352 1345 2387 ὃς
1360 2347 1529 2384 vittiolum
1540 2360 1610 2396 quae
1625 2350 1688 2383 nitr
1703 2364 1707 2369 ·
1722 2348 1782 2381 de-

1612 2397 1781 2433 stituuntut
