1878 2724
15 166 16 171 1
180 165 185 173 .
368 163 377 177 ἱ
471 115 967 174 ..PARS-TERTIA.
1252 172 1256 178 .
1396 140 1446 174 535

0 172 16 201 ει
55 164 111 200 dus
121 164 419 213 sustinet‚&quam
432 178 570 200 minimo
579 179 716 215 negotio
729 169 830 203 veens
845 196 855 211 ,
873 167 925 202 seu
938 178 1007 202 crus
1027 166 1056 202 A
1072 167 1102 204 C
1122 167 1311 218 suspenditur
1324 201 1334 216 ,
1361 178 1396 211 &
1419 178 1440 212 a

0 213 15 262 ⁴}
46 211 188 262 simplici
205 213 291 263 lapsu
307 227 525 264 promovetur.
537 216 666 251 Deinde
675 214 716 250 ab
729 216 863 264 ipsamet
876 217 964 264 pedis
979 216 1162 252 extensione
1173 248 1183 262 ,
1204 225 1236 256 δε
1255 224 1350 256 cruris
1364 224 1392 257 A
1407 225 1437 260 C

0 274 13 306 ν1
78 263 267 299 ῐοάιιόὶιοηε
281 263 397 306 solum,
409 265 458 299 seu
474 266 696 312 pavimentum
711 264 884 312 impellitur
896 265 916 300 ὲ
925 265 1016 313 pedis
1027 267 1118 312 apice
1128 268 1167 310 C,
1181 267 1249 302 fere
1259 281 1295 303 ut
1304 275 1437 308 navicu-

0 306 13 354 ἶ
67 322 86 345 a
97 312 220 346 recedit
231 312 252 348 ὲ
263 315 330 361 ripa
342 313 482 349 fluminis
493 341 504 356 ,
522 325 618 360 quam
631 325 728 348 nauta
744 325 842 348 conto
858 314 1005 362 impellit.
1028 315 1126 349 Hanc
1142 316 1363 364 impulsionem
1380 322 1438 356 ad-

0 370 12 406 Ἀ,
41 379 43 382 ·
49 363 143 408 juvat
152 360 231 395 levis
243 372 311 396 tum
322 364 433 410 capitis
447 374 515 397 tum
528 362 667 409 pestoris
678 361 856 398 inclinatio,
865 365 954 398 Hinc
962 374 1074 398 centro
1083 367 1251 412 gravitatis
1263 369 1360 402 totius
1369 382 1437 404 cor-

0 409 8 458 ᾖ
51 409 138 456 poris
152 437 162 452 ,
179 409 310 446 &linea
320 411 503 446 direffionis
512 412 539 445 A
549 414 582 446 D
616 409 754 445 aululum
767 410 847 445 ultra
859 412 977 458 pedem
1000 424 1150 459 promota
1164 413 1268 448 casum
1280 418 1435 461 minante,

0 459 9 509 3]
51 457 200 493 machina
209 458 292 494 ultro
301 458 331 493 se
340 470 532 506 promovet,
548 465 580 496 &
604 458 716 494 ublato
727 459 810 507 pede
821 460 851 494 C
871 458 970 507 lapsus
983 458 1148 495 inhibetur
1162 490 1174 505 ,
1192 474 1227 497 ut
1245 462 1380 513 corpore
1391 470 1435 501 ci-

0 512 11 551 Ιζ
51 503 114 540 tius
128 505 279 542 transsato
288 511 321 543 in
330 510 359 544 K
369 508 450 544 ultra
458 507 632 543 confinium
645 507 737 542 lineae
753 508 938 543 diteekionis
951 509 1047 544 statio
1061 508 1153 544 firma
1163 523 1345 548 renovetur.

0 548 11 581 {³
59 557 205 603 3-1taque
213 568 356 593 centrum
368 559 534 606 gravitatis
545 559 642 591 totius
652 556 806 592 machinae
818 568 1028 605 promovetur
1035 557 1164 594 extenso
1177 560 1259 607 pede
1274 562 1435 609 posterio-

47 614 167 644 te,tum
177 604 241 653 ipsa
254 606 401 641 machina
415 608 556 653 corporis
571 608 985 654 erigitur,&anterioripedi
996 618 1065 641 tota
1079 609 1237 652 innititur;
1256 622 1312 658 pes
1323 612 1433 658 poste-

47 653 115 687 tior
127 653 148 688 ὲ
163 664 244 688 terra
255 652 391 689 sublatus
408 654 599 703 suspenditur
608 653 700 689 flexis
711 653 812 689 tribus
825 654 965 690 articulis
975 655 1159 691 coxendicis
1171 685 1181 700 ‚
1198 669 1303 704 genu,
1324 664 1359 696 &
1373 673 1431 695 ex-

47 703 142 735 tremi
153 703 255 749 pedis.
274 705 373 750 Quod
387 703 441 747 fit,
464 715 499 738 ut
511 704 634 739 diCmm
647 703 693 737 est
707 732 717 746 ,
738 702 759 738 ἐι
775 706 910 752 propriis
925 703 1087 747 musculis,
1110 707 1168 751 qui
1189 708 1293 741 minus
1317 720 1430 755 quarta

36 761 136 797 >parte
152 752 251 785 totius
268 756 409 800 corporis
428 752 636 800 suspendunt,
653 757 687 788 &
701 750 742 786 ab
753 754 876 798 impetu
888 764 1050 800 concepto
1060 765 1098 787 ex
1113 755 1157 788 im
1182 753 1249 789 ulso
1268 757 1357 803 pedis
1373 769 1428 805 po.

46 797 116 832 stici
126 827 136 842 ,
159 810 294 847 tumque
302 802 372 843 post
380 801 502 836 flexum
514 803 626 849 capitis
637 807 670 837 ὅ(
682 802 821 848 petitoris
838 801 923 836 ultra
939 800 1030 836 situm
1046 802 1135 850 pedis
1177 805 1238 838 rmi
1251 831 1260 846 ,
1275 805 1428 852 posterior

0 843 5 890 l
42 844 113 881 solo
131 846 257 896 figitur,
276 854 309 886 ὃς
322 849 358 884 fit
367 850 499 885 secunda
510 850 611 884 statio.
627 852 708 885 Non
723 849 880 897 possumus
894 850 1045 899 progredi
1065 849 1121 885 nifi
1146 851 1275 886 alternis
1292 854 1426 900 pedibus

44 899 79 932 &
92 894 258 932 succeffive
274 900 448 934 innitamur
464 912 474 934 ε
498 897 721 933 transferendo
736 897 888 933 videlicet
906 897 1025 933 lineam
1042 898 1228 934 directionis
1248 902 1275 935 A
1291 904 1323 936 D
1338 901 1427 951 supra.

41 944 162 992 pedum
171 945 315 993 plantas,
332 948 427 994 idque
438 946 566 981 alternis
576 945 710 982 vicibus.
730 947 778 980 Ac
803 946 918 994 plantae
934 947 1052 995 pedum
1072 960 1137 982 non
1156 949 1292 984 eandem
1307 949 1426 988 lineam

0 1030 1 1046 χ
41 991 225 1029 describunt
236 1022 245 1036 ,
264 993 316 1030 sed
328 996 403 1030 duas
421 997 523 1031 rectas
538 994 607 1029 fere
622 994 799 1043 parallelas.
822 996 924 1041 Qod
933 997 1048 1043 utique
1067 996 1192 1031 constat
1205 1001 1402 1045 experienti&
1416 1029 1427 1044 ,

0 1067 1 1073 ,
41 1038 63 1075 fi
72 1042 201 1090 vestigia
211 1043 331 1091 pedum
344 1045 377 1078 in
388 1055 471 1079 terra
482 1042 582 1078 lutosa
595 1054 650 1078 aut
657 1042 785 1078 arenosa
794 1043 976 1079 confideres.
995 1047 1045 1078 Sic
1057 1044 1204 1079 homines
1222 1044 1277 1080 lati
1289 1074 1299 1088 ,
1311 1053 1344 1084 ὅ(
1358 1047 1427 1083 bre-

39 1091 131 1124 vium
144 1102 270 1126 crurum
284 1092 465 1128 vacillando
481 1092 636 1127 incedunt
652 1120 662 1134 ‚
695 1104 769 1126 cum
797 1091 827 1127 se
852 1091 952 1127 modo
970 1093 1057 1141 super
1069 1105 1168 1127 unum
1185 1093 1322 1140 pedem,
1351 1110 1424 1131 mo-

40 1136 84 1172 do
96 1136 185 1186 super
202 1140 340 1175 alterum
354 1141 422 1176 fere
444 1152 480 1175 ut
495 1139 618 1175 anseres
635 1142 761 1187 erigunt
773 1169 783 1184 ‚
801 1141 876 1176 dum
898 1153 1042 1176 centrum
1051 1143 1215 1189 gravitatis
1239 1142 1423 1180 alternatim

39 1182 246 1225 transferunt.
261 1190 296 1223 Id
314 1189 417 1238 ipsum
429 1190 480 1223 alii
496 1190 645 1223 homines
658 1187 803 1223 efficiunt
814 1218 823 1233 ,
844 1189 898 1224 sed
910 1188 1072 1224 obscurius
1091 1188 1175 1224 linea
1195 1190 1378 1228 direffionis
1394 1195 1421 1230 Α

39 1235 74 1269 D
87 1234 210 1271 sinuoso
221 1244 253 1274 &
266 1250 348 1286 pene
358 1237 540 1286 serpentino
557 1238 672 1271 itinere
682 1236 724 1271 ab
739 1250 801 1272 una
813 1241 844 1274 in
859 1237 993 1273 alteram
1007 1236 1192 1285 parallelam
1212 1239 1369 1278 transsata.

77 1299 111 1328 4.
127 1288 161 1319 In
173 1285 270 1332 plano
287 1286 485 1322 horizontali
499 1286 619 1334 pedum
631 1285 753 1319 articuli
773 1299 883 1334 parum
894 1288 1102 1321 incurvantur
1112 1315 1121 1329 ,
1135 1299 1242 1334 neque
1255 1290 1337 1324 adeo
1348 1303 1420 1326 mu-

36 1330 108 1366 sculi
123 1331 291 1370 flectentes
306 1335 456 1369 articulos
469 1333 609 1369 multum
627 1332 774 1368 laborant
796 1350 804 1372 :
830 1347 967 1382 cumque
985 1346 1093 1370 motus
1117 1346 1242 1369 artuum
1262 1336 1417 1386 sanguinis

37 1382 202 1417 circuitum
226 1389 259 1419 &
276 1382 492 1419 insensibilem
520 1381 797 1430 transpirationem
823 1395 1015 1432 promoveat
1028 1412 1039 1428 ,
1062 1395 1169 1418 motus
1186 1383 1241 1418 ille
1261 1391 1417 1435 &jucun-

38 1429 96 1463 dus
115 1431 157 1464 est
175 1436 209 1468 &
224 1431 367 1468 salubris.

73 1490 108 1522 5.
122 1481 157 1513 In
170 1478 295 1515 ascensu
306 1494 362 1529 per
375 1480 490 1516 scalam
501 1493 557 1516 aut
574 1483 689 1530 gradus
708 1480 860 1516 molestus
884 1482 926 1515 est
942 1481 1033 1515 labor
1047 1494 1054 1515 :
1074 1494 1149 1516 nam
1170 1482 1202 1514 in
1218 1494 1416 1531 unoquoque

35 1526 134 1573 gradu
147 1541 261 1575 quarta
270 1543 341 1578 pars
359 1532 455 1563 totius
465 1531 614 1577 ponderis
628 1533 660 1564 vi
677 1528 891 1566 musculorum
909 1530 951 1563 est
964 1529 1142 1564 attollenda
1154 1557 1163 1571 ‚
1183 1530 1281 1577 idque
1294 1530 1342 1564 bis
1356 1561 1364 1574 ‚
1378 1545 1416 1566 ac

35 1585 140 1610 toturn
155 1576 274 1620 semel,
289 1591 360 1613 cum
374 1580 471 1612 trium
481 1579 683 1613 articulorum
699 1577 798 1612 flexus
813 1578 1038 1613 extenduntur.
1057 1578 1119 1611 Sed
1134 1576 1189 1611 ubi
1204 1580 1237 1612 in
1256 1578 1353 1626 plano
1366 1582 1415 1616 in-

33 1623 172 1658 cedimus
185 1654 195 1668 ,
209 1639 375 1674 nunquam
387 1629 507 1674 integra
523 1627 627 1662 moles
639 1628 778 1674 corporis
788 1625 979 1672 suspenditur
999 1629 1032 1660 vi
1051 1624 1263 1660 musculoium
1288 1655 1297 1670 ‚
1340 1641 1413 1664 cum

33 1669 125 1705 offeae
149 1673 309 1709 columnae
340 1677 429 1709 unius
459 1676 547 1721 pedis
573 1678 723 1711 innitatur
736 1703 745 1717 ,
762 1685 817 1708 aut
835 1674 896 1708 huc
923 1673 999 1708 illuc
1025 1685 1245 1710 convertatur.
1288 1677 1351 1709 Sed
1379 1679 1413 1712 in

31 1717 154 1754 ascensu
180 1734 236 1768 per
259 1724 371 1770 gradus
397 1735 510 1770 corpus
537 1724 694 1758 attollitur
716 1725 748 1757 vi
769 1722 1002 1766 musculorum,
1019 1736 1085 1757 non
1112 1722 1232 1756 duritie
1258 1728 1291 1759 &
1312 1723 1412 1759 firmi-

33 1777 100 1801 tate
113 1769 331 1806 columnarum
347 1786 353 1805 :
371 1772 443 1807 hinc
456 1773 609 1807 molestus
636 1772 739 1808 labor.
772 1770 920 1806 Ascensus
951 1783 1008 1819 per
1035 1771 1131 1804 ardua
1144 1799 1153 1812 ‚
1192 1782 1248 1804 aut
1276 1772 1413 1807 acclivia

33 1816 146 1851 itidem
171 1824 203 1854 &
222 1818 266 1854 ob
293 1821 420 1855 easdem
440 1820 544 1855 causas
570 1822 612 1856 est
629 1821 776 1856 molestus
799 1834 806 1856 ε
830 1831 904 1854 tunc
930 1822 1017 1854 enim
1047 1819 1162 1866 plantae
1189 1820 1309 1866 pedum
1337 1834 1412 1857 acu-

33 1874 82 1898 tos
92 1866 225 1913 angulos
239 1881 312 1903 cum
324 1868 407 1903 tibiis
422 1866 568 1904 efficiunt
585 1886 594 1912 3
613 1882 746 1914 tumque
761 1870 888 1904 innixus
901 1868 946 1902 est
956 1866 1112 1902 instabilis
1122 1895 1130 1909 ,
1145 1880 1211 1901 non
1224 1866 1332 1903 firmus
1345 1898 1355 1912 ,
1373 1882 1411 1905 ac

30 1912 160 1948 musculi
169 1916 348 1951 extensores
361 1918 427 1965 plus
438 1919 508 1953 satis
519 1919 675 1954 laborant.
688 1919 812 1952 Contra
825 1920 857 1952 in
868 1915 1013 1951 descensu
1023 1929 1078 1964 per
1088 1915 1212 1949 declive
1225 1916 1342 1964 plantae
1356 1931 1411 1965 pe·

31 1959 108 1996 dum
125 1961 192 1997 solo
203 1966 317 1998 innixae
327 1966 457 2015 angulos
471 1979 544 2001 cum
556 1965 695 2001 cruribus
707 1967 883 2002 admodum
896 1964 1024 2000 obtusos
1036 1962 1178 2000 efficiunt
1191 1977 1199 1998 :
1213 1967 1299 2012 quod
1311 1969 1408 2002 etiam

31 2010 215 2047 molestiam
234 2015 326 2060 parit.

69 2059 191 2096 Eodem
206 2060 275 2095 fere
292 2061 391 2096 modo
405 2060 512 2096 saltum
527 2061 664 2108 explicat
673 2065 721 2096 vir
737 2060 857 2097 doetiff.
870 2062 955 2096 Cum
966 2062 1050 2095 enim
1070 2063 1127 2096 stat
1146 2063 1277 2097 humani
1294 2074 1408 2108 corpo-

30 2108 71 2140 tis
85 2108 234 2143 machina
252 2139 260 2152 ,
287 2121 356 2144 tum
373 2113 519 2145 c'entrum
530 2113 695 2157 gravitatis
706 2111 800 2144 distat
819 2110 838 2144 a
850 2122 929 2144 terra
944 2121 1012 2144 tota
1031 2110 1232 2157 longitudine
1252 2110 1384 2144 femoris
1396 2139 1407 2154 ‚

29 2159 177 2192 &cruris
192 2159 253 2191 Sed
267 2158 322 2192 ubi
338 2158 512 2192 flectuntur
523 2159 666 2202 articuli,
681 2165 712 2194 &
726 2162 830 2194 minor
841 2159 885 2191 est
897 2159 1054 2201 distantia,
1064 2158 1083 2193 fi
1098 2171 1211 2206 magna
1227 2160 1257 2192 vi
1277 2171 1405 2191 contra-

28 2202 142 2238 hantur
151 2206 279 2241 musculi
288 2220 364 2247 ,tum
374 2219 436 2241 tres
447 2207 540 2242 velut
549 2220 636 2241 arcus
650 2208 756 2242 inflexi
766 2211 845 2241 circa
857 2208 1205 2254 coxas,gt¹1iti&ped<·1n
1220 2220 1250 2239 m
1260 2219 1337 2250 *gno
1349 2218 1406 2239 im-

20 2264 103 2298 ¹petu
117 2256 339 2296 exrenduntur,
353 2262 384 2292 δ’
397 2268 458 2296 prae
473 2255 528 2289 soli
556 2255 728 2290 resistentia
753 2267 898 2291 centrum
915 2257 1080 2302 gravitatis
1104 2254 1218 2288 sursum
1236 2253 1406 2298 impulsum

28 2302 150 2338 molem
160 2308 300 2351 corporis
314 2305 444 2339 attollit.
459 2308 538 2340 Non
555 2304 646 2338 aliter
658 2306 686 2337 id
699 2303 839 2349 fitarque
857 2307 887 2338 in
903 2317 974 2337 arcu
993 2305 1047 2343 qui
1061 2315 1150 2336 terrae
1169 2300 1281 2336 insistit.
1299 2303 1402 2348 Hrjtls

26 2352 114 2385 enim
125 2366 220 2388 cornu
236 2353 372 2398 fiipsrius
386 2352 406 2387 si
426 2354 637 2388 veliementer
650 2355 840 2398 comprimas
858 2382 864 2393 7
886 2365 950 2386 non
962 2350 1062 2384 solum
1085 2349 1134 2385 sua
1155 2353 1184 2384 vi
1207 2350 1401 2393 restituitur,

25 2395 189 2437 sedetiam
201 2400 315 2439 sursum
328 2403 424 2439 exilit.
443 2405 530 2439 Nam
554 2401 674 2436 sublata
690 2404 846 2437 exteriore
863 2401 1008 2448 potentia
1036 2398 1094 2433 sese
1118 2399 1249 2434 dilatare
1262 2400 1371 2433 nititur
1389 2425 1400 2442 ,
