1878 2724
542 124 612 159 DE
649 122 993 159 FOSSILIBUS.
1394 120 1445 168 297

62 171 193 209 metalla
206 201 216 217 ‚
232 177 267 209 &
280 171 455 215 metallica,
471 183 602 219 quaeque
614 171 709 221 vulgo
720 172 887 207 mineralia
897 173 1058 213 dicuntur,
1074 171 1162 218 quod
1174 173 1256 205 inter
1267 169 1397 204 metalla
1408 179 1441 208 &

64 221 184 268 lapides
200 220 377 269 ambigant.
399 223 475 255 Haec
490 223 600 255 omnia
610 249 620 264 ‚
636 233 671 256 ut
684 231 739 269 par
750 218 837 263 effer,
846 220 1007 269 explicare
1023 232 1090 257 non
1103 219 1270 268 pois-umus,
1298 220 1361 254 Sed
1372 232 1439 268 quae

61 268 191 305 utiliora
207 268 401 306 videbuntur
412 298 422 314 ,
433 274 466 306 ὅ(
477 268 554 304 scitu
574 270 724 318 digniora
735 295 746 310 ‚
756 271 963 317 attingemus,

488 369 527 405 *C
549 368 578 403 A
600 368 625 402 Ρ
643 368 677 403 U
700 367 731 402 T
772 367 1032 406 PRIMUM.

500 467 555 502 De
563 466 667 501 variis
675 473 833 498 terrarum
842 462 1022 513 generibus.

63 561 225 646 TErrae
235 561 304 597 aliae
315 559 383 599 sunt
395 561 514 598 steriles
526 591 535 606 ‚
554 561 625 596 aliae
639 563 770 610 pingues
793 565 827 597 δε
843 559 1016 609 frugiferai.
1037 560 1102 596 111ae
1124 572 1160 596 ut
1182 560 1353 609 plurimum
1370 560 1439 595 sunt

147 611 299 654 candide,
316 610 421 656 leves,
438 623 492 646 aut
509 610 654 646 arenosae.
672 610 724 645 Est
744 611 829 644 enim
847 620 945 644 arena
961 609 1239 645 minutiffimorum
1254 609 1436 657 lapillorum

61 661 226 708 congeries
244 672 316 695 curn
328 660 511 708 permodica
528 671 618 694 terrae
637 660 786 706 portione
805 657 991 703 conjuncta.
1016 661 1103 694 Hinc
1118 657 1249 693 arenosa
1271 669 1354 693 terra
1377 658 1438 693 hu-

59 719 184 742 morem
193 720 265 743 non
282 712 417 752 retinet,
427 707 479 742 sed
494 720 550 755 per
569 707 704 742 laxiores
719 718 813 754 poros
824 708 957 755 trajicit3
975 712 1010 744 &
1020 709 1227 754 quantumvis
1236 705 1366 755 copioso
1378 709 1440 741 im„-

60 754 118 789 bre
129 756 284 800 diluatur,
295 770 362 793 non
373 756 504 792 lutescit.
526 756 659 791 Constat
670 758 756 790 enim
769 753 960 802 corpusculis
972 754 1126 803 angulosis
1143 782 1153 798 ,
1172 760 1204 792 δε
1214 767 1296 803 pene
1314 757 1434 791 vitreis.

59 804 147 839 Nam
166 805 378 854 microscopio
401 805 468 839 visa
487 805 662 852 pellucent.
681 806 768 839 Hinc
780 802 892 837 sterilis
908 804 966 839 est:
988 816 1062 839 cum
1080 803 1216 838 humore
1235 803 1354 838 exsolvi
1370 817 1438 839 non

59 852 243 901 poffit‚nec
256 853 398 889 seminali
413 854 559 889 facultati
573 852 779 899 obsequatur.
810 851 911 887 Unde
928 852 1062 886 arenulae
1081 856 1149 886 vim
1171 850 1294 886 habent
1312 851 1438 886 abster-

59 899 157 937 fivam
168 931 179 946 ‚
194 907 324 939 &cotes
343 905 428 938 exiis
443 903 616 950 compadkae
636 900 756 936 ferrum
767 911 936 935 exacuunt.
956 902 1044 935 Hinc
1060 902 1159 935 etiam
1182 910 1370 936 caementum
1399 912 1438 936 ex

59 949 189 988 calce&
198 962 296 986 arena
308 950 347 986 fit
363 949 596 986 tenaciffimum
608 963 617 986 z
631 962 706 985 nam
718 948 840 984 calcem
850 946 1013 991 vffcidam,
1030 954 1063 986 ὅ(
1076 951 1229 997 pinguem
1245 960 1346 983 arenae
1362 961 1438 997 gra-

58 998 133 1033 nula
151 999 208 1033 suis
218 1000 340 1048 angulis
356 1002 509 1036 retinent.
528 999 628 1035 Fluvii
643 1010 725 1046 pene
736 1010 848 1033 omnes
862 1010 935 1032 cum
951 998 1116 1032 exundant
1127 1026 1137 1040 ,
1150 1009 1247 1033 arena
1270 1008 1326 1031 aut
1347 997 1438 1032 sabu-

58 1045 93 1081 lo
103 1045 266 1084 obducunt
281 1059 389 1084 terras.
402 1050 490 1085 Nam
506 1060 589 1095 aqua
605 1058 775 1094 corporum
786 1074 797 1090 ,
811 1044 925 1094 quibus
950 1044 1051 1081 affluit
1065 1075 1075 1089 ,
1096 1057 1241 1081 ramenta.
1263 1046 1388 1090 exedit,
1403 1050 1438 1082 &

58 1093 165 1130 secum
187 1095 303 1132 defert.

97 1146 198 1179 Tetra
212 1145 339 1193 pinguis
357 1143 438 1193 saepe
458 1145 504 1180 est
529 1142 675 1192 subnigra
695 1154 702 1176 t
723 1142 805 1178 hunc
823 1145 942 1191 quippe
968 1143 1114 1179 colorem
1137 1140 1270 1177 exhibet
1301 1141 1437 1176 humore

55 1191 271 1239 perfusa.'Sed
298 1192 447 1229 exsiccata
461 1205 495 1227 ut
509 1193 683 1240 plurimum
692 1190 822 1226 albescit
832 1206 839 1226 :
849 1192 970 1227 candor
983 1193 1069 1227 enim
1078 1204 1113 1226 ut
1121 1191 1201 1226 olim
1214 1191 1324 1225 Strato
1341 1192 1438 1224 Lam-

56 1239 210 1287 psacenus
219 1240 387 1285 censebat,
403 1242 446 1276 est
460 1244 584 1276 nativus
597 1252 684 1275 terrae
694 1240 792 1274 color.
814 1239 885 1275 Ubi
903 1241 984 1286 aqua
1003 1240 1133 1275 diluitur
1146 1268 1155 1280 ,
1170 1239 1274 1273 lutum
1291 1237 1383 1281 facit,
1399 1250 1437 1272 ac

57 1291 201 1324 tenacior
217 1290 260 1324 est
275 1302 373 1337 quarn
382 1289 512 1325 arenosa
525 1303 532 1324 ε
546 1289 632 1324 unde
646 1289 778 1324 hutnore
791 1287 891 1323 affuso
906 1315 916 1331 ,
933 1294 965 1325 δε
977 1288 1123 1324 manibus
1137 1287 1278 1329 subacta,
1294 1286 1346 1320 vel
1365 1288 1433 1334 agi-

57 1346 125 1371 tata
135 1350 202 1373 non
212 1337 308 1373 facile
319 1339 471 1374 dividitur
485 1365 496 1380 ‚
507 1348 561 1373 aut
573 1336 750 1373 dissolvitur
766 1336 895 1373 :sterilis
909 1349 987 1371 vero
1003 1343 1036 1374 δε
1064 1348 1171 1372 macra
1193 1338 1260 1370 cito
1284 1333 1435 1370 solvitur:

56 1396 128 1420 cum
143 1386 225 1421 illius
238 1398 343 1434 partes
357 1387 447 1423 nullo
461 1388 645 1423 vinciantur
656 1385 788 1434 glutine.
801 1385 912 1420 Solum
923 1396 1031 1420 tamen
1047 1384 1240 1433 argillofi1m‚
1255 1382 1386 1418 densum
1401 1388 1435 1419 &

58 1442 156 1469 tenax
173 1434 366 1483 plerumque
380 1435 466 1470 idern·
484 1435 527 1469 est
537 1434 652 1470 sterile.
667 1436 752 1470 Nam
766 1432 945 1481 plantarum
958 1437 1123 1482 vegetatio
1134 1461 1144 1476 ‚
1162 1443 1218 1466 aut
1227 1434 1362 1467 nutritio
1375 1430 1435 1466 fie-

55 1483 85 1517 ti
98 1495 163 1518 non
181 1483 285 1531 potest
303 1486 381 1519 citra
399 1481 803 1530 partium-resolutionem:
819 1493 900 1516 terra
915 1493 1021 1516 autem
1047 1481 1101 1515 illa
1120 1493 1192 1515 curn
1215 1479 1251 1514 sit
1264 1481 1435 1517 tenacior,

57 1530 178 1567 exsolvi
189 1534 304 1579 nequit
315 1561 325 1575 ,
335 1544 390 1567 aut
401 1533 514 1574 dividi;
528 1543 634 1578 neque
648 1532 729 1564 adeo
741 1528 841 1564 ullum
852 1529 968 1577 plantis
982 1529 1104 1564 succum
1121 1528 1244 1577 praebet
1256 1541 1264 1562 :
1278 1541 1348 1562 cum
1363 1527 1437 1562 nul-

57 1578 105 1621 los
123 1579 241 1614 habeat
255 1592 377 1614 meatus
391 1580 510 1627 quibus
526 1579 714 1615 alimentum
730 1577 928 1626 percoletur:
945 1580 1021 1625 quin
1031 1580 1137 1626 potius
1147 1577 1326 1625 plantarum
1336 1574 1435 1610 fibras

57 1625 113 1662 suo
126 1628 250 1675 glutine
268 1628 425 1676 implicat.

103 1677 279 1719 Qoddam
297 1688 405 1712 tamen
423 1677 465 1711 est
479 1675 595 1728 argillae
610 1688 709 1725 genus
724 1677 842 1724 pingue
857 1703 865 1717 ,
879 1674 969 1722 quod
982 1676 1073 1709 tertis
1090 1672 1261 1723 inspersum
1274 1701 1284 1715 ,
1298 1683 1350 1705 eas
1371 1670 1434 1705 Ἐσε-

58 1726 195 1767 tundat,
219 1726 369 1760 Marnam
385 1725 470 1760 Galli
490 1736 608 1760 vocant
626 1753 636 1768 ,
656 1724 734 1759 olim
754 1736 915 1771 magam,
937 1734 1077 1758 mutuata
1098 1723 1119 1758 ὲ.
1142 1722 1308 1757 Germanis
1332 1731 1434 1754 voce:

57 1774 145 1819 quod
155 1771 190 1808 fit
201 1773 290 1808 velut
300 1775 441 1821 quaedam
460 1785 550 1808 terrae
560 1772 714 1808 medulla.
729 1773 801 1807 Alia
812 1773 858 1806 est
871 1772 979 1806 durior
989 1777 1022 1808 δε
1033 1771 1129 1818 lapidi
1139 1770 1244 1807 similis
1259 1798 1268 1811 ‚
1278 1780 1349 1816 quae
1363 1767 1431 1802 lon·

56 1823 148 1869 giore
162 1824 315 1869 temporis
332 1823 434 1857 tractu
451 1821 627 1857 diffolvitur
638 1850 647 1864 ‚
661 1833 763 1868 eaque
775 1819 1010 1855 humidioribus
1030 1822 1119 1854 terris
1149 1818 1285 1855 habetur
1305 1815 1414 1850 utilior
1424 1832 1434 1860 ;

57 1869 121 1904 alia
130 1882 207 1905 vero
224 1870 270 1904 est
285 1871 415 1905 mollior
427 1877 460 1908 &
475 1873 564 1907 terris
573 1869 750 1906 siccioribus
764 1871 863 1918 magis
874 1870 1037 1904 convenit.
1048 1870 1198 1916 Utraque
1207 1866 1293 1902 suam
1304 1864 1432 1899 foecun.

57 1917 190 1952 ditarem
203 1918 387 1954 salinitroso
400 1931 456 1953 aut
465 1918 602 1954 sulfureo
620 1919 720 1954 refert
736 1929 900 1965 acceptam
917 1935 926 1960 5
947 1917 990 1952 sal
1007 1919 1126 1965 quippe
1140 1931 1206 1952 non
1232 1913 1339 1949 acidus
1352 1941 1361 1956 ,
1376 1923 1432 1946 aut

58 1966 240 2049 :fil-‘emonem
250 1994 260 2010 ,
274 1964 327 2000 sed
344 1966 479 2002 nitrosus
494 1972 527 2004 &
549 1970 691 2016 pinguis,
705 1965 808 2015 qualis
822 1968 856 2002 in
869 1966 955 2001 calce
975 1966 1017 2000 est
1031 1965 1186 2014 plurimus
1200 1993 1211 2009 ‚
1229 1961 1432 1999 fertilitatem

124 2027 162 2050 rt.

69 2065 164 2100 »Nec
177 2064 280 2098 minus
292 2074 367 2097 vere
378 2063 475 2110 quam
486 2063 741 2112 eleganterolim
762 2063 801 2098 de
814 2062 877 2099 sale
897 2064 1016 2099 cecinit
1027 2063 1168 2100 Huetius
1183 2075 1192 2097 ε

231 2160 294 2193 Sal
296 2159 484 2203 fortunatas
496 2161 584 2207 largo
598 2159 670 2194 beat
685 2159 776 2193 ubere
797 2171 901 2194 terras
914 2188 924 2203 ‚

232 2211 399 2253 Arvaque
413 2208 593 2256 respondent
607 2208 715 2242 avidis
723 2209 793 2253 sale
806 2207 886 2251 foeta
902 2207 1026 2247 colonis,

228 2256 433 2303 ‚ngdfimul
448 2255 694 2303 exceffitgremio
705 2257 825 2290 telluris
840 2259 952 2297 amim,

220 2303 386 2341 fluffibus
405 2306 521 2340 elatum
536 2303 652 2341 crebris
670 2313 778 2351 ‘fitque
794 2303 917 2352 ignibus
935 2303 1092 2347 haustum,

1131 2348 1282 2400 ndum
