1878 2724
121 180 174 220 les
186 180 266 220 fiant
278 182 318 219 iis
330 182 512 219 viventium
532 183 696 232 particulis
710 195 781 233 quae
790 182 985 232 consumptae
1001 183 1082 220 sunt.
1109 182 1191 230 Qo
1204 192 1313 217 autem
1335 182 1367 217 id
1388 181 1457 226 fiat,
1469 149 1530 218 all-

125 245 275 269 mentum
288 235 323 269 in
338 233 500 281 liquorem
515 233 796 270 convertineceffe
811 234 856 267 est
867 247 876 269 .·
889 246 964 270 nam
977 232 1109 281 liquoris
1125 243 1231 282 partes
1254 230 1384 267 facilius
1409 246 1528 281 quani-

126 281 213 319 libet
223 283 362 319 fomum
374 283 512 320 induunt
524 295 602 327 ‚nec
612 281 806 319 araia-ribus
817 283 954 319 vinculis
969 285 1054 318 inter
1071 281 1102 316 se
1120 282 1307 317 nectuntur.
1328 283 1439 329 Qare
1458 295 1530 330 quae

126 333 163 368 in
179 345 255 376 ore,
270 332 471 376 ventriculo,
491 335 569 370 &in
582 331 653 382 ipfis
670 332 827 368 intestinis
847 331 884 369 fir
895 332 1036 380 digestio
1048 361 1058 376 ,
1077 334 1110 366 in
1126 343 1167 366 eo
1186 333 1329 367 maxime
1346 330 1445 380 posita
1463 333 1507 367 est
1518 361 1529 376 ,

126 392 165 416 ut
175 381 280 429 liquor
294 394 378 431 pene
391 381 573 418 uniusmodi
584 395 624 416 ex
636 383 730 417 variis
741 380 890 418 ciborum
900 381 1071 432 generibus
1083 381 1229 430 prodeat.
1244 383 1280 415 ln
1289 393 1362 416 eum
1373 380 1459 416 usum
1469 381 1529 417 fer-

127 443 276 466 mentum
289 432 381 480 quod
390 431 549 480 glandulae
564 431 789 480 suppeditant,
804 431 980 467 destinatur
1001 448 1021 475 ς,
1041 431 1166 481 spiritus
1196 428 1251 479 ipsi
1266 442 1473 479 penetrantes
1495 436 1529 468 ὃς

126 478 260 516 subtiles
272 481 347 516 huic
358 481 492 530 praesunt
507 483 629 516 muneri
642 498 651 525 3
668 482 855 516 continuata
868 479 984 530 preffio
997 493 1096 529 quam
1109 480 1325 529 respirationis
1340 492 1461 529 organa
1478 481 1529 517 ef.

126 528 240 566 ficiunt
251 559 263 575 ‚
273 531 372 566 instar
382 529 494 566 mallei
504 542 639 566 tenuem
657 530 746 565 illam
758 529 962 569 substantiam
972 528 1068 566 altius
1077 531 1180 581 adigit
1189 559 1199 574 ,
1218 541 1254 566 ut
1272 528 1406 579 pulchre
1422 530 1529 579 expli-

126 590 180 614 cat
194 581 253 615 Vir
270 578 396 616 Clariffi

162 631 235 678 Qii
248 640 316 664 rem
329 627 372 664 ab
386 628 493 664 altiori
505 630 666 679 principio
678 629 840 664 deducens
851 629 1028 677 unicuique
1042 630 1090 663 rei
1104 630 1175 666 vim
1195 627 1239 664 sui
1261 628 1528 665 conservatricem

125 675 149 712 ὲ
159 689 272 713 natura
288 677 445 714 tributam
456 678 518 714 esse
527 677 680 714 observat
691 708 700 722 ,
713 690 818 726 eaque
832 679 881 713 vis
901 679 935 713 in
949 690 1065 713 mutuo
1086 690 1193 713 rerum
1202 681 1409 714 tommercio
1428 678 1530 728 posita

125 727 268 764 videtur.
280 729 372 765 Nam
382 728 451 763 aliae
461 727 503 763 ab
521 728 592 763 aliis
603 741 674 777 quae
684 727 741 763 fibi
752 739 833 776 opus
844 726 925 770 sunt,
933 738 1134 765 mutuantur.
1145 728 1234 763 Cum
1245 728 1334 763 enim
1347 741 1404 778 per
1418 728 1530 764 occul-

127 787 178 812 tos
191 789 313 814 meatus
324 776 496 813 substantia
507 790 646 826 quaeque
665 776 866 814 subtilissima
884 774 1026 811 difflemr
1039 790 1047 812 :
1062 777 1121 812 nisi
1137 788 1194 823 ¹ner
1212 776 1340 812 eosdem
1359 790 1457 827 poros
1472 778 1531 814 de-

125 826 261 874 perdita:
268 825 448 863 substantiae
459 825 632 863 consimilis
647 826 843 873 subeat,qr..ae
851 827 1010 873 ja6turam
1026 824 1187 869 resarciat,
1201 831 1215 872 (
1227 826 1304 861 dum
1315 838 1357 862 ex
1370 839 1444 862 aere
1459 838 1531 864 tan-

125 887 228 923 quam
240 889 279 911 ex
287 879 511 926 promptuario
519 875 683 925 particulae
692 874 798 910 similis
810 886 870 908 con
876 873 1075 922 figurationis
1086 875 1230 909 reseratis
1243 875 1404 911 meatibus
1417 888 1530 922 aptan—

125 923 306 970 tur‚)brevi
318 937 366 959 res
375 937 509 972 quaeque
523 923 686 969 diffipatur
697 928 731 960 &
743 925 837 971 perit.
852 922 951 959 Unde
964 934 1035 969 quae
1046 923 1080 958 in
1092 922 1170 958 vasis
1186 925 1371 960 hermeticis
1384 924 1530 974 sigillatis

124 970 320 1009 alservantur
333 986 469 1022 corpora
479 1002 490 1018 ‚
503 972 624 1009 diutius
639 983 775 1009 manent
791 974 918 1020 integra
928 1000 938 1015 ,
952 971 1042 1017 quod
1060 973 1168 1007 minor
1190 970 1225 1007 ι’ἰι
1240 984 1352 1010 eorum
1371 973 1530 1024 perspira-

123 1024 174 1058 tio
184 1051 194 1067 ,
207 1034 346 1071 quaeque
357 1022 547 1059 exhalarunt
557 1033 663 1071 partes
677 1050 688 1064 ,
700 1022 821 1056 eaedem
835 1021 953 1056 reverti
967 1018 1111 1067 potsunt,
1137 1025 1171 1058 ὃ(
1185 1033 1286 1057 vacua
1300 1021 1434 1072 spatiola
1452 1027 1530 1074 qui-

124 1070 185 1110 bus
196 1074 344 1121 apprime
357 1072 583 1114 conveniunt,
600 1070 749 1120 implere.

158 1121 209 1157 Est
219 1132 330 1157 autern
346 1132 402 1156 aer
410 1132 587 1156 commune
596 1122 701 1156 omnis
714 1121 840 1168 generis
850 1117 1056 1155 effluviorum
1068 1119 1304 1166 receptaculum
1319 1134 1326 1156 ε
1340 1123 1427 1159 unde
1438 1137 1476 1161 ex
1487 1138 1528 1162 eo

122 1182 266 1218 quaeque
279 1169 596 1219 corpora‘particulas
608 1168 664 1204 sibi
674 1181 765 1217 aptas
782 1175 817 1207 &
827 1171 1062 1204 convenientes
1077 1167 1204 1218 possunt
1216 1170 1421 1219 depromere.
1439 1177 1528 1211 Hinc

120 1220 269 1267 quaedam
284 1231 424 1268 corpora
433 1219 719 1255 etiammineralia
735 1231 803 1254 non
820 1214 924 1253 tolum
940 1221 972 1253 in
986 1230 1061 1253 aere
1079 1218 1311 1255 conservantur
1323 1250 1333 1264 ‚
1356 1220 1407 1257 sed
1426 1227 1526 1260 etiam

123 1269 288 1305 interdum
299 1273 333 1307 δε
345 1269 490 1318 pondere
499 1279 659 1317 augentur
670 1296 680 1311 ‚
697 1279 732 1302 ut
747 1267 801 1303 suo
815 1268 888 1303 loco
910 1268 1062 1304 diximus.
1088 1270 1141 1303 Sic
1162 1270 1281 1316 viperae
1301 1270 1404 1308 adhuc
1419 1286 1526 1321 parvae

121 1317 340 1367 amplioribus
357 1317 436 1353 vafis
451 1316 574 1353 summa
592 1328 684 1366 parte
698 1320 816 1366 apertis
834 1329 892 1365 per
903 1316 1010 1365 plures
1021 1316 1144 1352 menses
1160 1329 1226 1352 non
1239 1316 1343 1355 solum
1353 1322 1526 1360 conserva-

125 1378 186 1413 tx,
204 1365 257 1402 sed
281 1369 382 1403 etiam
395 1367 435 1402 ad
445 1367 554 1418 J'ustam
567 1367 827 1416 magnitudinem
848 1369 948 1402 auctae
967 1367 1098 1402 fuerunt
1112 1395 1122 1409 ,
1145 1378 1220 1401 cum
1235 1380 1273 1403 ex
1295 1368 1365 1405 solo
1375 1383 1449 1408 aere
1465 1373 1527 1409 ali-

121 1428 276 1452 mentum
283 1413 454 1454 sumerent.
461 1419 516 1452 Sic
525 1415 625 1465 pisces
634 1416 689 1451 diu
702 1417 735 1452 in
748 1429 833 1465 aqua
841 1428 918 1464 pura
932 1421 966 1453 &
976 1416 1111 1464 limpida
1121 1414 1208 1451 illaefi
1218 1422 1252 1455 &
1265 1420 1383 1466 integri
1395 1425 1525 1461 vivum:

122 1465 164 1502 fic
186 1467 330 1514 denique
343 1466 525 1516 complures
543 1463 655 1501 herbae
668 1476 705 1501 ut
721 1465 790 1502 lens
807 1466 955 1516 palustris
966 1495 978 1510 ‚
999 1478 1152 1515 ocymum
1170 1480 1234 1510 ,-v>.
1254 1466 1385 1515 basilic,
1402 1484 1442 1508 ex
1459 1472 1524 1509 sola

122 1527 207 1564 aqua
226 1515 354 1552 alun'tur
370 1521 405 1554 &
422 1517 548 1552 vivunt.
1440 1524 1446 1527 “

159 1565 247 1602 Cum
266 1577 379 1608 auten)
393 1565 549 1614 pleraque
569 1563 721 1600 animalia
742 1563 824 1600 cibis
842 1563 1032 1601 fortioribus
1048 1578 1188 1617 egeant,
1209 1569 1296 1617 quod
1323 1574 1422 1619 majus
1437 1573 1469 1607 in
1484 1574 1522 1607 iis

122 1613 180 1650 fiat
194 1617 330 1664 propriae
341 1616 483 1650 materiae
494 1613 698 1663 dispendium
717 1630 727 1657 3
743 1626 804 1651 nec
821 1613 968 1650 subtilior
978 1618 1010 1652 in
1023 1619 1061 1651 iis
1075 1618 1233 1654 duntaxat
1246 1648 1256 1662 ‚
1276 1618 1327 1654 sed
1340 1622 1438 1656 etiam
1451 1620 1525 1657 soli-

120 1664 196 1699 dior
209 1663 384 1700 substantia
394 1667 552 1700 continuo
562 1674 655 1699 motu
666 1661 829 1712 diffipetur
840 1692 849 1706 ,
867 1664 931 1700 alia
944 1667 979 1700 iis
997 1679 1119 1716 organa
1135 1666 1156 1703 ὲ
1169 1680 1279 1703 natura
1297 1668 1421 1716 provisa
1433 1670 1502 1707 sunt
1513 1701 1522 1715 ‚

118 1725 155 1748 ut
172 1712 263 1749 cibos
272 1726 419 1762 quaerant
428 1745 436 1758 ‚
453 1713 578 1750 sumant
588 1742 597 1757 ,
606 1725 785 1762 praeparent
794 1743 805 1758 ,
816 1714 967 1761 digerant
980 1728 989 1749 τ
1002 1727 1075 1763 quae
1087 1718 1201 1765 utique
1210 1729 1329 1766 organa
1339 1723 1408 1767 jam
1419 1721 1524 1769 expli-

118 1774 195 1797 care
209 1761 336 1812 ingteffi
350 1762 465 1801 sumus.
483 1763 545 1798 Sed
557 1763 750 1811 praecipuum
760 1792 770 1807 ,
786 1775 822 1798 ut
837 1762 913 1812 saepe
927 1764 1066 1800 diximus
1077 1795 1086 1809 ‚
1101 1763 1287 1814 digestionis
1306 1780 1464 1816 organum
1478 1771 1522 1805 est

119 1810 228 1848 succus
239 1812 297 1847 ille
305 1825 404 1859 quem
417 1814 541 1849 arteriae
552 1817 586 1849 &
595 1810 755 1862 glandu'ae
766 1812 935 1848 ventriculi
947 1811 1120 1861 suggerunt
1131 1844 1140 1858 ‚
1161 1828 1262 1863 quem
1274 1816 1374 1866 vulgo
1394 1819 1521 1854 acidum

118 1872 243 1897 vocant
251 1860 298 1895 ob
313 1861 467 1898 effectum
478 1860 697 1911 potius,quam
716 1862 803 1908 quod
813 1874 855 1897 eo
866 1861 979 1910 sapore
988 1861 1025 1898 fit
1036 1865 1185 1913 praeditus
1201 1878 1209 1900 :
1227 1864 1281 1901 sed
1296 1869 1371 1914 quia
1379 1866 1520 1915 liquores

119 1911 203 1945 acidi
217 1910 424 1948 dissolvendis
436 1908 626 1961 corporibus
637 1909 706 1946 sunt
720 1911 831 1946 idonei
842 1940 853 1955 ‚
863 1911 938 1946 hinc
950 1910 1122 1950 diffolvens
1132 1927 1232 1950 omne
1242 1915 1306 1950 hoc
1314 1918 1448 1952 nomine
1461 1918 1522 1953 do-

119 1971 225 1996 natur.

151 2010 188 2043 ln
196 2009 379 2045 ventriculo
390 2011 490 2045 etiam
499 2010 701 2048 &intestinis
715 2009 751 2046 fit
765 2011 916 2058 quaedam
925 2012 1164 2048 alimentorum»
1173 2011 1310 2047 elixatio
1323 2041 1333 2056 ,
1352 2026 1393 2049 eo
1409 2016 1520 2063 perfe-

119 2058 222 2101 iiior,
239 2070 306 2106 quo
316 2070 451 2094 externo
462 2061 528 2094 aeri
546 2061 651 2094 minus
661 2071 752 2108 patet
768 2060 889 2097 aditus,
905 2062 999 2098 Nam
1019 2074 1059 2096 ex
1083 2062 1122 2095 iis
1137 2074 1212 2109 quae
1226 2073 1328 2110 nuper
1349 2063 1454 2098 edidit
1473 2068 1518 2101 D,

120 2107 223 2156 Boyle
238 2110 473 2155 experimentis
490 2107 603 2155 liquet.

155 2170 186 2191 xo
197 2155 343 2192 Carnem
351 2159 385 2193 in
396 2159 577 2206 recipiente
585 2169 688 2192 vacuo
697 2153 792 2191 citius
802 2160 837 2193 &
847 2158 1026 2206 perfectius
1037 2158 1148 2195 elixati
1161 2161 1192 2195 in
1205 2157 1326 2195 balneo
1335 2163 1519 2204 maris,cum

118 2205 238 2242 scilicet
248 2208 406 2255 recipiens
416 2219 509 2255 aquae
517 2206 653 2242 fervidae
665 2218 725 2255 per
740 2204 865 2253 aliquot
883 2208 976 2244 horas
1000 2210 1187 2255 imponitur.
1206 2212 1275 2243 imo
1288 2208 1383 2245 maffa
1397 2209 1519 2247 farina.

117 2268 175 2290 cea
193 2254 244 2289 seu
257 2255 472 2297 fermentata,
485 2256 537 2292 seu
549 2255 705 2292 fermenti
715 2267 828 2304 expers
840 2257 922 2293 intra
938 2261 1034 2294 trium
1046 2260 1198 2295 horarum
1214 2258 1351 2306 spatium
1364 2263 1519 2309 excoqui-

117 2316 168 2340 tur
179 2333 188 2347 ,
210 2316 345 2353 tumque
365 2305 446 2340 levis
461 2307 505 2342 est
516 2334 525 2350 ‚
540 2304 647 2342 multis
660 2303 854 2342 cavitatibus
878 2307 1015 2357 inspersa
1030 2336 1040 2350 ,
1058 2305 1216 2344 subrubra
1230 2336 1239 2350 ,
1260 2306 1310 2341 sed
1329 2308 1442 2343 crustae
1459 2323 1518 2345 ex-

74 2371 78 2374 —
114 2366 186 2402 pers
203 2367 211 2389 ε
230 2353 423 2390 fermentata
432 2367 541 2392 aerem
551 2355 715 2394 faffltium
725 2352 820 2392 citius
833 2369 991 2407 procreaz.
1010 2358 1094 2407 Qae
1103 2369 1214 2394 autern
1233 2356 1391 2394 fermenti
1400 2358 1443 2394 est
1457 2371 1518 2397 ex-

112 2414 186 2452 pers
197 2431 209 2449 ,
221 2405 358 2440 nimium
370 2405 413 2439 est
428 2404 575 2457 insipida.

275 2453 364 2492 Tam.
376 2456 424 2491 II.
1218 2460 1255 2495 O
1265 2470 1284 2492 0
1298 2470 1318 2493 o
1331 2469 1358 2493 o
