1878 2724
370 189 454 222 adeo
473 197 509 221 ut
525 186 600 221 hinc
614 197 685 232 quae
696 184 806 219 fututa
821 182 856 218 fit
867 183 950 217 aeris
971 184 1145 231 temperies
1166 188 1231 232 jam
1249 184 1346 221 liceat
1362 183 1531 234 praesagite
1544 214 1554 230 ‚
1572 197 1670 236 atque
1691 187 1767 226 hinc

370 236 466 272 tubus
484 234 659 271 Totricelli
670 239 737 282 jam
752 232 930 268 barometri
940 242 1064 268 nomen
1074 259 1085 274 ,
1109 233 1198 279 quod
1209 236 1290 271 aeris
1315 235 1442 283 pondus
1467 238 1642 281 metiatur,
1673 240 1768 274 inve-

369 288 467 321 nerit.
493 287 576 332 Ergo
584 282 671 318 aliud
684 282 843 330 quiddam
857 279 958 329 que‘rm
971 282 1054 315 aeris
1072 281 1201 329 pondus
1213 282 1318 331 ipsum
1332 282 1494 333 suspendit
1519 284 1540 321 h
1565 286 1764 336 drargyrum.

371 362 374 363 γ
406 335 494 381 Rcfp.
509 345 580 381 neg.
593 333 813 380 min.Nempe
821 332 1010 381 graviorem
1017 328 1080 368 effe
1090 341 1171 368 ⁴aera
1180 330 1293 379 pluvio
1306 333 1390 371 coelo
1400 361 1410 377 ,
1429 333 1530 382 quz‘zm
1553 347 1673 379 eren0‚
1688 335 1765 374 cum

367 381 431 431 ipsa
440 382 643 430 experientia
652 379 1057 422 contrariumdemonstret
1071 379 1284 417 :namflante
1306 379 1478 422 herema
1495 384 1539 419 est
1551 383 1766 434 graviffimus,

365 443 571 478 quaecunque
582 430 619 466 fit
633 431 725 480 hujus
744 429 880 466 effeetus
892 427 994 466 causa.
1019 430 1072 466 -An
1084 428 1170 465 forte
1187 429 1287 466 flante
1303 430 1413 467 austro
1428 435 1658 481 parquuaedam
1676 434 1767 472 ctaffi

364 482 448 515 aeris
459 482 495 515 in
506 480 653 528 pluviam
664 509 674 524 ,
696 491 752 515 aur
765 479 866 516 nubes
878 478 1055 515 concrescit
1066 508 1076 523 ‚
1089 491 1169 526 quas
1181 478 1297 515 sublati
1311 480 1334 517 e
1357 481 1572 518 terrahalirus
1592 482 1764 522 sustinent?

363 532 416 565 An
426 531 533 578 potius
548 530 637 565 idem
657 530 775 565 accidit
794 531 827 567 in
846 540 943 572 aere,
960 528 1050 576 quod
1064 530 1226 564 cernimus
1244 531 1276 564 in
1290 529 1445 566 machina
1462 530 1539 566 dum
1557 532 1764 571 exhauritur:

364 590 433 615 tum
447 580 535 614 enim
555 578 633 629 saepe
643 581 767 615 vitrum
776 576 998 615 velutnebula
1007 575 1197 614 obfuscatur
1206 607 1216 622 ‚
1225 583 1260 615 &
1272 590 1345 613 rore
1359 579 1526 616 madidum
1546 592 1693 630 apparet.
1710 585 1764 618 Sic

363 627 477 677 pluvio
489 627 573 664 coelo
583 658 593 673 ,
617 634 652 666 &
661 628 803 664 nubibus
817 627 965 664 ohduero
975 656 985 671 ‚
996 625 1135 675 superior
1148 639 1204 662 aer
1212 626 1350 664 multum
1359 627 1530 674 dilatatur,
1552 635 1586 668 δι
1598 632 1764 680 permistas

362 690 451 726 aquae
462 707 472 722 ,
492 676 545 713 seu
557 691 596 712 va
623 691 716 715 orum
727 690 832 728 partes
845 677 917 726 post
928 676 958 711 se
971 676 1128 724 relinquit
1137 705 1146 720 ‚
1164 689 1207 712 ex
1224 675 1341 725 quibus
1351 677 1605 715 coalestentibus
1621 690 1688 717 turn
1701 693 1764 719 nu-

359 726 420 762 bes
432 756 442 771 ‚
467 738 535 762 turn
559 729 606 763 im
632 740 681 763 res
704 730 869 763 oriuntur:
889 738 944 761 aer
960 727 1049 762 enim
1063 723 1254 762 debilitatus
1271 737 1321 761 tot
1337 739 1429 774 aquae
1443 727 1533 766 velut
1551 739 1681 764 atomos
1694 741 1763 765 non

358 776 470 824 potest
492 775 659 813 exsolvere
669 806 680 821 ,
707 789 765 812 aut
780 776 928 812 sustinere
951 789 959 811 ε
982 774 1067 810 unde
1080 773 1149 811 aliae
1162 776 1196 811 in
1207 775 1286 811 alias
1300 778 1477 825 praecipites
1487 777 1607 814 cadunt
1621 806 1631 822 ,
1650 789 1687 813 ac
1697 780 1762 827 pri-

360 825 457 861 murn
473 825 575 863 nubes
587 856 596 870 ‚
619 839 688 862 turn
699 826 847 875 pluviam
864 822 1018 861 efficiunt.

400 878 455 911 An
465 877 571 924 potius
585 874 855 924 flanteiaquilone
866 887 920 910 aer
930 873 970 909 fit
985 872 1108 909 denfior
1122 883 1132 908 Ξ
1144 872 1326 910 Hinctubo
1337 875 1552 922 opticossvelut
1566 876 1658 912 undis
1668 875 1761 926 aspe-

361 927 428 960 rior
444 926 574 961 videtur
586 954 596 969 ,
611 938 649 960 ac
658 927 762 961 minus
770 924 925 974 pellucet.
943 924 1034 960 Hinc
1045 925 1199 971 Pyrenaea
1209 927 1283 973 juga
1301 923 1432 960 nivibus
1444 937 1544 968 cana,
1561 930 1596 962 &
1609 926 1697 963 idem
1707 927 1760 963 di.

361 974 500 1010 cendum
511 974 608 1009 estde
617 975 687 1010 aliis
698 974 867 1011 montibus
879 1002 889 1016 ,
903 972 993 1008 coelo
1011 970 1125 1007 sereno
1146 984 1214 1007 non
1239 983 1307 1006 tam
1321 973 1470 1008 distinete
1481 977 1608 1011 eminus
1619 987 1760 1012 cernun-

356 1035 413 1059 ,tut
425 1052 436 1067 ‚
456 1036 495 1059 ac
512 1023 600 1059 coelo
622 1023 930 1060 nubibus-obducito.
949 1023 1030 1057 Fieri
1047 1022 1144 1063 etiarn
1157 1021 1266 1069 potest
1282 1032 1316 1056 ut
1330 1021 1442 1069 aquilo
1457 1022 1606 1059 deorsum
1615 1036 1706 1068 ruat,
1722 1030 1759 1062 &

360 1073 497 1108 multum
515 1075 658 1108 materia:
673 1072 779 1110 secum
790 1073 892 1110 vehat
903 1101 913 1116 ‚
923 1084 999 1106 cum
1011 1067 1111 1105 auster
1121 1081 1159 1105 ex
1170 1068 1347 1106 transverso
1359 1069 1458 1118 spiret
1472 1099 1483 1113 ,
1497 1084 1554 1119 per
1572 1072 1672 1107 lineas
1683 1085 1758 1121 quae

360 1133 452 1157 terrae
462 1121 667 1171 superficiem
679 1122 916 1172 tanguntzunde
929 1122 1044 1158 &aeris
1056 1119 1183 1167 pondus
1203 1121 1425 1155 minustflinc
1434 1120 1572 1156 ceffante
1584 1121 1686 1156 austro
1694 1121 1756 1158 flu.-

359 1173 449 1216 ἂυς,
470 1184 550 1219 quos
564 1173 597 1207 in
611 1170 718 1207 fluviis
743 1183 801 1206 aut
823 1174 856 1206 in
874 1172 956 1205 mari
970 1170 1130 1205 excitavit
1143 1197 1153 1212 ,
1171 1181 1239 1204 non
1260 1169 1365 1204 statim
1383 1166 1544 1206 subfidunr
1560 1184 1569 1206 ε
1598 1168 1652 1205 sed
1672 1183 1757 1219 quos

358 1221 470 1267 aquilo
492 1232 684 1256 commovet
701 1220 883 1263 fluetussii
899 1218 1008 1254 subito
1038 1219 1237 1261 sternuntur,
1258 1217 1316 1252 ubi
1339 1229 1454 1254 ventus
1488 1218 1657 1256 resederit.
1689 1223 1756 1258 Hic

359 1271 451 1304 enirn
461 1269 609 1303 deorsum
617 1271 685 1303 ruit
697 1297 706 1311 ,
728 1282 797 1303 non
814 1267 1029 1310 itemauster,
1046 1268 1104 1314 qui
1113 1264 1233 1303 fluetus
1251 1279 1289 1300 ex
1305 1266 1480 1301 transverso
1503 1269 1694 1316 perstringit.
1708 1272 1754 1305 'Et

358 1317 492 1364 quidem
509 1330 583 1352 cum
594 1317 657 1352 haec
669 1315 838 1352 difficultas
859 1319 893 1352 in
911 1315 1089 1351 Academia
1101 1315 1209 1364 Regia
1224 1327 1327 1363 nuper
1339 1315 1500 1364 propofita
1520 1316 1627 1352 fuiffet
1639 1345 1649 1360 ,
1670 1317 1753 1353 hanc

359 1369 520 1402 rationem
536 1367 608 1402 satis
622 1367 775 1402 idoneam
788 1366 928 1402 reddidit
944 1363 1082 1401 Doetils.
1105 1363 1248 1399 Entellus
1274 1381 1283 1408 3
1306 1365 1419 1413 pluvio
1433 1376 1583 1414 tempore
1600 1378 1752 1415 maguam

358 1428 518 1464 vaporum
536 1418 665 1465 copiam
681 1417 697 1452 ὲ
713 1428 796 1451 terra
808 1414 1000 1458 ascendere,
1015 1415 1073 1461 qui
1090 1425 1163 1449 curn
1178 1412 1317 1449 leviores
1335 1412 1393 1449 sint
1409 1427 1501 1458 aere,
1520 1427 1662 1464 eumque
1683 1415 1751 1452 alio

356 1465 568 1513 protrudant:
591 1471 602 1510 (
618 1478 693 1500 nam
710 1466 776 1500 duo
794 1476 932 1514 corpora
948 1462 1039 1498 simul
1055 1460 1118 1498 esse
1129 1475 1195 1498 non
1215 1461 1341 1511 poffimt
1355 1492 1364 1507 ‚
1383 1466 1401 1504 )
1420 1462 1545 1499 necesse
1560 1465 1607 1499 est
1630 1464 1752 1502 armos-

356 1514 500 1562 phaeram
514 1526 582 1549 rum
603 1514 912 1550 levioremexistere
925 1541 934 1557 ‚
953 1511 1054 1560 quim]
1071 1511 1092 1546 fi
1107 1514 1130 1546 ii
1143 1525 1209 1547 non
1219 1511 1361 1548 adessent
1374 1525 1522 1560 vapores,
1539 1514 1749 1551 Contrarium

356 1574 468 1599 tamen
482 1569 514 1600 δε
524 1576 564 1598 ex
574 1565 692 1599 eodem
707 1575 792 1612 pene
808 1565 968 1611 principio
980 1561 1106 1610 colligit
1115 1564 1175 1596 Vir
1186 1560 1308 1598 Clariis.
1329 1563 1386 1609 qui
1403 1562 1444 1595 de
1461 1561 1603 1598 fontium
1619 1564 1748 1610 origine

354 1610 425 1647 fuse
435 1618 469 1648 ὃ(
482 1613 580 1647 docte
592 1611 800 1661 conscripsit,
813 1612 914 1648 flante
927 1611 1028 1646 borea
1045 1623 1154 1646 aerem
1168 1612 1259 1645 orrmi
1271 1622 1309 1645 ex
1323 1622 1415 1658 parte
1429 1610 1576 1646 serenum
1593 1610 1656 1647 effe
1667 1613 1749 1647 den-

354 1660 470 1696 florem
482 1664 708 1710 &graviorem
726 1676 735 1698 ε
751 1663 838 1710 quod
850 1665 1033 1710 vapores&
1042 1659 1158 1695 halitus
1176 1672 1250 1694 cum
1269 1672 1310 1695 eo
1329 1662 1444 1695 intime
1467 1661 1661 1697 misceantur
1676 1690 1686 1705 ,
1713 1667 1750 1698 &

354 1709 442 1758 quasi
457 1713 488 1745 in
504 1712 592 1745 idem
603 1723 719 1759 corpus
739 1710 934 1746 coalescant.
949 1712 1037 1744 Hinc
1050 1709 1202 1743 caeruleus
1217 1708 1294 1742 coeli
1308 1707 1398 1743 color
1418 1708 1576 1744 turbidior
1595 1710 1642 1744 est
1656 1739 1666 1752 ‚
1680 1723 1747 1745 non

355 1771 489 1807 vegetus
499 1788 508 1801 ‚
518 1771 554 1793 ut
563 1760 679 1793 accidit
690 1787 700 1801 ‚
716 1772 791 1794 cum
805 1758 958 1795 densae&
969 1758 1112 1793 candidae
1131 1756 1234 1792 nubes
1249 1769 1465 1804 congeruntur
1481 1772 1487 1792 :
1509 1770 1577 1793 tum
1589 1760 1676 1792 enirn
1690 1770 1746 1792 aer

353 1808 490 1843 liberior
498 1807 540 1842 ab
549 1807 704 1842 halitibus
717 1807 822 1842 levior
836 1808 883 1842 est
897 1836 906 1851 ‚
924 1812 956 1844 &
975 1808 1075 1855 magis
1088 1805 1227 1853 pellucet
1239 1834 1249 1848 ‚
1261 1806 1362 1852 quum
1375 1817 1449 1841 cum
1460 1805 1584 1842 serentis
1599 1807 1653 1839 est.
1674 1812 1744 1842 Ve-

354 1857 427 1892 rum
441 1857 493 1891 ista
506 1857 635 1892 alterius
644 1856 714 1891 sunt
725 1856 867 1898 loci,nec
881 1853 1136 1905 propositionem
1150 1854 1288 1889 nostram
1298 1853 1363 1888 ulla
1373 1865 1410 1888 ex
1427 1867 1518 1902 parre
1530 1854 1742 1892 labefadbmt.

352 1909 387 1942 ld
400 1918 513 1941 tamen
528 1906 764 1941 advertendum
779 1918 850 1953 quae
859 1905 968 1941 futura
979 1904 1014 1940 sir
1023 1904 1191 1951 tempestas
1208 1915 1246 1937 ex
1260 1902 1448 1938 barometro
1461 1904 1594 1950 quidem
1609 1907 1642 1940 in
1653 1906 1742 1940 diem

353 1956 525 1990 crastiuum
537 1953 692 2002 praesagiri
707 1968 718 1988 z
733 1954 786 1989 sed
805 1967 871 1990 non
891 1955 1009 1989 eodem
1032 1952 1153 2000 ubique
1172 1953 1282 1987 modo.
1318 1954 1407 1987 Nam
1422 1954 1454 1987 in
1468 1953 1515 1988 his
1530 1952 1741 2002 regionibus,

354 2003 460 2039 Gallia
472 2006 624 2039 nimirum
637 2032 647 2043 ‚
663 2004 798 2052 Anglia,
818 2005 1015 2046 Germania,
1030 2001 1121 2037 Italia
1134 2031 1144 2044 ,
1172 1999 1229 2036 ubi
1248 2000 1307 2036 flat
1317 2001 1431 2036 boreas
1445 2031 1454 2045 ,
1477 2001 1573 2036 altius
1600 2001 1742 2039 ascendit

352 2054 616 2102 hydrargyruS‚&
629 2052 780 2088 serenum
791 2052 912 2087 coelum
925 2052 1115 2101 plerumque
1126 2050 1270 2086 futurum
1280 2051 1627 2099 est.Constantinopoli
1639 2050 1741 2087 flante

351 2101 452 2138 borea
460 2101 586 2136 coelum
596 2101 745 2137 nubilum
756 2102 802 2137 est
815 2131 824 2145 ,
839 2107 873 2138 δέ
891 2100 1096 2136 imbriferum
1114 2117 1123 2142 3
1139 2098 1242 2135 flante
1260 2100 1398 2143 Austro,
1416 2100 1470 2135 vel
1483 2100 1595 2136 Africo
1611 2112 1739 2148 tempus

340 2151 462 2186 *sudum
476 2150 687 2199 est,ur1nuper
699 2150 908 2186 observatum
919 2150 981 2185 fuit
991 2150 1012 2185 ἐι
1024 2149 1131 2185 nobili
1144 2148 1228 2184 ltalo
1251 2152 1296 2186 D.
1308 2150 1468 2197 Adarſslly
1480 2179 1490 2193 ‚
1511 2150 1567 2196 qui
1583 2147 1738 2198 bosphori

351 2202 480 2237 Thracii
507 2199 672 2235 historiam
691 2199 868 2236 naturalem
879 2200 981 2234 edidit
1001 2202 1033 2234 in
1051 2199 1165 2234 lucem.

390 2253 477 2298 Opp.
489 2264 525 2295 30
543 2252 622 2284 Duo
630 2262 797 2287 marmora
814 2248 944 2291 tersa‚&
958 2249 1101 2298 laevigara
1113 2251 1146 2284 in
1157 2248 1306 2284 machina
1324 2246 1628 2295 suspensa,e:<bausto
1644 2250 1737 2282 omni

352 2312 425 2335 aere
441 2312 506 2334 non
522 2298 633 2333 divelli
651 2312 751 2348 :ergo
764 2298 818 2333 illa
828 2297 963 2334 cohaesio
978 2297 1018 2332 ab
1030 2311 1103 2333 aere
1114 2312 1179 2334 non
1198 2296 1418 2346 proficiscitur.
1446 2298 1499 2329 Sic
1516 2307 1598 2341 aqua
1617 2308 1734 2344 expur-

350 2360 426 2396 gam
438 2377 447 2391 ‚
465 2361 538 2396 qua:
554 2347 675 2384 scilicet
696 2352 729 2384 in
744 2348 891 2384 machina
904 2348 1054 2382 exhausta
1069 2361 1125 2396 per
1140 2348 1265 2393 aliquot
1285 2346 1377 2380 horas
1395 2345 1505 2379 relicta
1521 2344 1565 2378 est
1581 2374 1589 2384 ,
1613 2357 1668 2392 pei·
1687 2345 1736 2393 sy-

349 2398 493 2444 phonem
514 2397 819 2443 continenterfinit3
842 2399 942 2434 etiam
959 2409 1033 2432 cum
1057 2399 1233 2433 omnisraer
1250 2396 1409 2430 extractus
1429 2395 1470 2430 est
1489 2407 1496 2427 :
1525 2406 1644 2442 magno
1660 2396 1733 2443 qui-

1869 0 1878 188 l
