1878 2724
506 138 874 180 'rR-ACTATUS
921 140 1149 183 PRIMUS.
1216 137 1220 141 ’
1514 159 1534 185 9

145 195 246 245 .1Jam
256 202 365 231 utrum
376 201 415 225 ex
428 190 465 233 §iq
478 193 597 227 atomis
616 191 762 238 quaedam
779 190 952 235 fintlaeveS,
964 190 1035 225 aliae
1046 190 1160 238 aspera:
1174 207 1182 235 3
1197 191 1461 238 quaedamweiut
1476 161 1533 229 hiz-

140 246 202 281 mis
217 248 252 280 &
271 240 546 285 uncis‘instruekae,
561 252 606 284 ¹ut
622 239 750 289 fingunt
769 242 912 289 Epicurei
924 251 994 283 ,res
1007 240 1056 283 est¹⁴
1073 251 1143 274 tota
1158 241 1191 275 in
1209 242 1404 288 conjetsturis
1420 238 1529 289 posita.

140 295 230 331 Hinc
248 293 332 326 enim
353 288 563 334 firmitatem,
582 295 615 327 δι
629 291 778 325 duritiem
796 302 971 339 corporum
982 288 1134 337 explicari
1145 286 1231 336 poste
1246 301 1380 337 putant:
1395 285 1531 327 εάεόυε

140 341 279 378 hamatae
289 341 390 374 atomi
401 352 467 375 non
480 339 578 374 facile
589 338 701 375 evolvi
710 338 827 388 poffint
837 368 847 383 ,
862 351 897 374 ut
907 341 941 373 in
961 338 1041 372 duro
1053 340 1235 386 contingit:
1255 350 1367 374 verum
1387 339 1449 375 ista.
1459 354 1531 388 quse

138 389 231 428 nullo
242 391 325 425 stant
348 387 420 423 satis
437 387 532 424 firmo
549 388 861 433 fundamento,non
871 387 1005 435 quidem
1020 399 1057 421 ut
1074 386 1195 435 flagitia
1209 389 1365 437 Leucippi
1379 417 1387 432 ,
1406 394 1438 426 ὅ(
1457 394 1530 426 De-

137 441 288 482 mocriti,
305 450 341 478 ut
358 438 477 474 Cicero
488 437 651 485 loquitur,
670 437 724 473 sed
735 450 771 473 ut
784 441 908 473 incerta
920 436 1016 485 plane
1031 464 1042 479 ,
1058 438 1208 485 quamvis
1223 435 1296 472 [atis
1306 449 1383 486 apta
1400 438 1530 487 interl-se

137 492 339 525 omittamus.
367 490 464 527 Nunc
475 486 646 536 quomodo
653 489 821 535 generatio
834 499 872 521 ex
887 488 926 520 iis
937 487 1057 520 atomis
1067 485 1247 534 explicetur
1259 515 1271 531 ,
1286 489 1464 525 videamus,
1528 485 1531 487 ’

579 585 634 618 De
648 584 855 633 generatione
868 596 909 619 ex
926 585 1073 635 Epicuro.

182 685 438 719 Generationern
455 682 523 719 fieri
539 681 782 732 transpositione
795 684 953 732 partium,
968 683 1157 726 additione,
1175 686 1209 719 &
1226 680 1432 718 detraekione
1455 684 1530 731 Epi-

134 735 220 769 curei
232 734 371 768 tradunt.
387 735 531 768 Primum
543 745 612 781 quae
621 745 659 768 ex
670 733 839 781 putredine
852 731 1023 768 nascuntur
1037 731 1189 767 animalia
1201 761 1210 775 ,
1225 731 1341 766 eadem
1356 744 1413 779 per
1431 734 1531 767 trans..

135 780 330 832 positionem
345 780 629 824 minutiffimarum
646 786 788 832 ¹partium
809 780 878 816 fieri
897 794 1077 817 autumant.
1098 782 1153 816 Sic
1170 783 1202 816 in
1216 779 1418 830 putrescente
1435 780 1531 825 caseo

135 831 243 880 pulvis
262 834 404 868 exoritur
422 845 460 868 ex
477 830 616 868 infinitis
636 830 840 867 animalculis
854 829 1048 879 compositus
1062 859 1072 874 ‚
1088 842 1157 878 quae
1172 829 1387 880 microscopio
1413 830 1530 879 depre.

134 881 325 919 henduntur.
355 882 521 918 Caeruleus
537 881 593 918 lste
608 879 700 925 fituS,
713 891 814 927 quem
833 891 980 919 veterum
1002 879 1159 915 libroruin
1180 879 1375 916 membranae
1398 891 1528 917 contrav-

134 929 238 974 hunt,
255 933 286 966 in
297 930 572 979 plantas&flores
588 941 663 978 apte
680 928 903 965 conformatus
925 929 1040 964 itidem
1055 931 1216 972 cernitur3
1234 932 1281 965 uti
1300 935 1334 966 &
1363 928 1528 966 ftu&uu111

124 979 384 1028 putrescentium
398 993 521 1016 mucus.
540 982 592 1015 Sic
612 978 774 1029 particulae
791 991 964 1030 corporum
982 982 1015 1014 in
1040 978 1138 1015 alium
1155 979 1305 1025 ordinem
1330 977 1525 1028 transposita:

124 1041 238 1065 ,novas
250 1029 370 1079 speeies
386 1029 537 1079 praebent·
1060 1061 1061 1066 ,
1100 1070 1105 1075 ,
1397 1071 1399 1073 ,

184 1082 231 1115 Ac
251 1082 358 1128 prima
369 1080 503 1127 quidem
521 1091 655 1128 corpora
667 1108 676 1123 ‚
693 1078 748 1115 seu
757 1078 1048 1114 atomidividinon
1060 1077 1187 1128 possunt
1200 1091 1279 1122 ,nec
1295 1081 1523 1126 mutationem,

124 1140 195 1175 χηερ
206 1130 449 1176 corruptionem
461 1128 561 1164 ullam
575 1128 729 1164 subeunt:
747 1140 887 1175 quaeque
901 1141 938 1163 ex
956 1130 994 1162 iis
1008 1132 1122 1176 'prima
1140 1132 1258 1164 cocunt
1274 1128 1363 1163 velut
1380 1128 1524 1176 granula,

135 1178 187 1211 vix
199 1176 262 1211 ulla
281 1177 383 1226 potest
404 1188 525 1213 naturae
542 1179 589 1212 vis
614 1177 785 1214 divellere.
805 1179 894 1212 Hinc
907 1177 1055 1224 quaedam
1074 1176 1146 1212 sunt
1163 1189 1302 1225 corpora
1322 1189 1361 1211 ex
1382 1180 1419 1210 iis
1435 1177 1526 1212 velut

134 1223 307 1262 seminibus
322 1225 581 1274 composita,quae
590 1238 662 1261 cum
671 1229 706 1262 in
716 1225 836 1261 summa
851 1237 958 1260 rerum
977 1227 1136 1260 varietate
1150 1225 1290 1260 diversos
1302 1226 1439 1260 induant
1451 1225 1529 1261 vul-

117 1284 184 1310 ,ως
196 1303 206 1317 ,
224 1287 334 1311 tamen
343 1277 479 1310 omnino
495 1274 588 1309 illaesa
602 1286 804 1322 permanent.
821 1275 875 1307 Sic
883 1275 915 1308 in
929 1272 1014 1308 laCte
1029 1275 1164 1310 nutricis
1179 1274 1284 1310 latent
1300 1274 1402 1309 hausti
1421 1275 1527 1309 medi-

114 1355 120 1359 .
133 1325 269 1360 caminis
283 1336 388 1373 partes
398 1322 614 1360 minutiffimae
626 1353 635 1367 ,
646 1322 766 1372 quibus
779 1322 884 1359 infans
896 1334 1125 1371 perpurgatut3
1139 1322 1178 1358 sic
1197 1323 1438 1358 elementorum
1457 1322 1527 1359 sunt

133 1374 281 1420 quaedam
298 1372 388 1408 velut
399 1372 519 1408 semina
533 1402 543 1416 ‚
558 1385 629 1420 quae
639 1372 788 1416 seorsum,
801 1383 836 1407 ut
847 1372 944 1406 docet
961 1371 1054 1407 Plato
1068 1400 1077 1415 ,
1091 1375 1213 1421 percipi
1227 1383 1396 1419 nequeunt
1407 1402 1416 1416 ‚
1435 1370 1524 1407 simul

130 1424 284 1469 junctain
302 1422 405 1458 sensus
421 1425 596 1458 incurrunt.
611 1423 709 1456 sicar
734 1423 801 1457 enti
822 1423 910 1465 vivi,
931 1419 984 1456 seu
1000 1421 1192 1471 hydrargyri
1207 1433 1312 1470 partes
1332 1423 1375 1455 ita
1389 1419 1458 1457 sunt
1473 1424 1525 1458 in,

135 1481 184 1505 ter
196 1471 227 1506 se
243 1471 425 1521 colligatae,
442 1483 478 1506 ut
488 1473 546 1506 vix
558 1469 683 1506 diffolvi
697 1435 762 1506 uzla
771 1482 842 1505 arte
861 1481 1004 1517 queant:
1021 1472 1121 1505 modo
1140 1473 1173 1506 in
1188 1470 1320 1505 rubrum
1338 1469 1521 1519 pulverem,

131 1520 234 1556 modo
248 1523 280 1556 in
294 1521 417 1556 fumum
432 1522 630 1556 convertitur
646 1537 655 1564 ς
673 1520 836 1556 interdum
854 1517 979 1554 metalli
998 1519 1091 1554 instar
1111 1520 1253 1556 funditur
1270 1548 1281 1564 ,
1299 1531 1336 1554 ac
1356 1518 1524 1555 nihilomi-

110 1605 113 1608 ,
131 1581 190 1604 nus
201 1569 339 1618 pristinae
353 1569 411 1605 suae
423 1569 535 1604 formae
547 1568 673 1617 semper
682 1570 867 1605 restituitur.

168 1620 331 1660 Secundo,
342 1631 411 1664 quae
422 1618 583 1665 prodeunt
597 1629 636 1651 ex
651 1616 840 1660 seminibus,
855 1628 892 1651 ut
905 1618 1038 1666 plantae,
1047 1618 1185 1665 quadam
1196 1620 1336 1665 partium
1353 1617 1521 1652 additione

131 1664 267 1701 formari
286 1667 456 1702 videntur:
476 1677 544 1701 tum
562 1667 649 1700 enirn
667 1677 767 1713 parva
783 1664 912 1700 seminis
926 1666 1028 1701 moles
1040 1695 1050 1710 ,
1073 1677 1130 1706 aut
1147 1668 1257 1713 potius
1283 1677 1417 1713 germen
1438 1666 1520 1700 illud

131 1716 220 1761 quod
239 1715 359 1750 semine
369 1717 554 1750 continetur
566 1743 576 1757 ,
586 1719 620 1751 δε
634 1719 699 1762 jam
713 1715 818 1759 prima
829 1713 947 1761 plantae
958 1715 1139 1751 rudimenta
1151 1714 1379 1761 compleffitur
1390 1742 1400 1756 ,
1423 1714 1524 1762 quid.

131 1764 210 1810 quid
227 1762 284 1798 fibi
297 1762 461 1798 consimile
485 1765 630 1806 invenit,
648 1763 679 1796 id
700 1761 758 1796 fibi
773 1762 939 1800 conciliat.
975 1765 1027 1798 Sic
1046 1765 1184 1799 nutritio
1202 1768 1236 1800 &
1255 1765 1396 1798 accretio
1422 1762 1525 1812 perfi-

130 1814 269 1849 ciuntur.
283 1815 372 1849 Nam
388 1812 494 1847 forma
511 1811 659 1847 animalis
672 1840 681 1855 ,
701 1810 756 1846 vel
771 1811 890 1860 plantae
906 1825 965 1847 ceu
982 1811 1113 1848 flamma
1131 1811 1312 1848 tenuissima
1333 1823 1439 1861 partes
1461 1811 1524 1847 ali-

105 1895 109 1898 .
129 1864 232 1898 menti
247 1861 303 1898 sibi
317 1861 432 1898 similes
448 1867 482 1899 δι
498 1871 589 1910 aptas
609 1860 757 1906 evolvit,
770 1863 978 1910 atqueinstat
992 1864 1075 1913 ignis
1095 1860 1218 1912 pabulo
1233 1860 1288 1898 suo
1314 1862 1523 1898 continenter

106 1941 112 1945 .
129 1909 235 1947 alitur.
1069 1954 1072 1956 ,

176 1962 294 1996 Tertio
305 1990 315 2005 ,
325 1962 426 1997 multa
444 1961 514 1996 sunt
526 1971 596 2007 quae
609 1960 675 1996 sola
686 1962 825 2010 partium
835 1959 1041 1996 detractione
1054 1963 1239 2011 gignuntur.
1259 1962 1312 1997 Sic
1331 1963 1413 2010 ignis
1439 1964 1522 1997 emi-

129 2019 182 2043 cat
192 2021 232 2044 ex
246 2008 422 2046 secretione
438 2009 573 2044 aliarum
587 2013 725 2058 partium
736 2039 746 2054 ,
756 2023 828 2058 quae
841 2009 929 2046 simul
940 2023 1014 2046 cum
1027 2013 1128 2060 igneis
1137 2012 1255 2047 atomis
1268 2010 1404 2046 confusae
1415 2022 1521 2050 erant,

105 2091 112 2094 .
129 2061 352 2105 &permixtae.
367 2061 590 2107 Itaqueigneae
600 2070 657 2094 aut
674 2058 850 2108 sulphureae
869 2062 994 2104 atomi,
1014 2065 1026 2106 (
1043 2059 1082 2096 fic
1101 2063 1190 2095 enim
1204 2071 1257 2094 eas
1282 2060 1436 2109 Chymici
1462 2074 1522 2096 vo·

129 2106 256 2149 citant)
271 2106 324 2141 vel
334 2119 426 2142 motu
441 2107 639 2154 glomeratae,
652 2109 707 2143 vel
725 2108 771 2144 sui
783 2112 859 2158 jutis
877 2108 972 2144 faeiae
997 2115 1031 2147 &
1045 2109 1088 2144 ab
1109 2109 1179 2144 aliis
1198 2108 1314 2157 quibu5
1330 2108 1520 2145 obrueban-

105 2190 110 2191 7
131 2154 342 2200 tur,solutae‚
360 2155 414 2189 vel
436 2156 569 2190 demum
583 2155 624 2190 ab
641 2157 713 2192 aliis
725 2163 792 2205 jam
807 2160 936 2207 agitatis
949 2186 959 2202 ,
983 2165 1016 2197 &
1035 2157 1170 2204 accensis
1193 2161 1227 2195 in
1248 2171 1261 2191 ε
1266 2157 1390 2206 jusdem
1408 2169 1518 2193 motus

106 2242 110 2244 ,
129 2202 320 2239 societatem
339 2206 485 2239 addae&
500 2232 509 2246 ,
528 2203 663 2252 subjecti
678 2209 729 2242 cui
741 2207 862 2249 insunt,
875 2220 1068 2258 compagem
1085 2206 1214 2243 solvunt
1226 2237 1235 2252 ‚
1253 2212 1286 2244 ὅ(
1301 2208 1460 2254 quidquid
1473 2218 1520 2241 at-

130 2254 280 2299 tingunt,
299 2254 331 2288 id
344 2255 507 2288 destruunt
521 2253 597 2289 dum
619 2254 754 2291 subeunt
775 2255 868 2291 obvii
889 2256 1041 2306 cujusque
1066 2260 1208 2307 corporis
1237 2269 1360 2291 meatus
1374 2285 1383 2299 ‚
1398 2262 1431 2293 ὃ(
1458 2254 1519 2290 suis

129 2300 215 2349 quasi
225 2302 424 2349 pugiunculis
440 2315 611 2350 corporum
621 2303 755 2338 claustra
773 2305 922 2341 reserant-

153 2351 232 2398 Jarn
255 2350 389 2386 infinitae
408 2364 508 2400 prope
525 2364 627 2398 rerum
647 2353 764 2401 species
787 2366 826 2388 ex
853 2357 943 2389 vario
961 2367 1145 2389 atomorum
1160 2365 1316 2389 contextu
1335 2366 1517 2402 emergunt,

103 2441 105 2443 ¹
132 2409 167 2435 ut
183 2401 436 2441 innumerabiles
456 2402 614 2438 dictiones
637 2415 676 2438 ex
694 2405 802 2451 paucis
820 2403 1044 2452 litteris'yarie
1064 2401 1217 2452 dispositis
1252 2402 1442 2440 formantur.
1463 2406 1515 2442 Sic
