1878 2724
404 141 459 177 530
995 120 1021 159 P
1037 121 1073 159 H
1091 120 1123 158 Y
1139 120 1162 157 S
1183 119 1200 155 1
1225 118 1257 156 C
1275 118 1316 155 ἈΞ

1185 174 1219 206 &
1260 167 1360 217 spatia
1405 166 1511 202 inania
1556 179 1624 205 non
1662 166 1796 206 interci.·

1184 220 1274 271 Biant
1285 245 1296 261 ,
1314 213 1376 252 sese
1391 227 1506 251 mutuo
1519 227 1655 265 tangunt
1666 247 1675 261 ,
1689 230 1726 252 ac
1735 217 1793 254 fibi

1185 270 1257 302 lunt
1272 264 1440 314 parallelae.
1467 265 1570 312 Qod
1581 265 1651 301 fieri
1661 269 1715 300 vix
1732 280 1793 316 po.

1189 316 1246 351 test
1268 313 1325 350 nisi
1342 313 1498 349 musculus
1513 313 1548 349 fit
1565 314 1790 362 penniformis.

1186 367 1277 403 Nam
1290 376 1328 398 ex
1340 365 1378 398 iis
1393 361 1537 411 pluribus
1550 363 1688 398 radiosus
1702 376 1793 399 com-

1187 424 1328 463 ponetur
1343 440 1352 455 ,
1366 410 1387 446 fi
1404 412 1422 448 ὲ
1433 423 1546 446 centro
1560 415 1584 448 P
1597 411 1703 460 plures
1713 413 1794 448 radii

1191 460 1349 499 tendinofi
1362 464 1385 496 P
1397 463 1428 505 F,
1441 463 1464 497 Ρ
1477 464 1519 504 K,
1533 464 1556 496 Ρ
1566 464 1600 495 O
1609 461 1794 510 spargantur

1190 513 1248 560 qui
1265 509 1361 545 fibras
1377 511 1520 545 carnosas
1531 509 1794 557 diffisndaiigquae

1190 562 1358 606 utrimque
1368 558 1495 594 duobus
1505 558 1690 593 tendinibus
1710 560 1739 593 A
1748 562 1792 604 B,

1192 612 1262 647 ED
1286 614 1321 646 δέ
1341 608 1410 643 aliis
1441 608 1675 650 annectantur,
1700 613 1734 644 ὃ(
1752 607 1794 644 fic

1195 658 1343 694 tendines
1364 659 1385 692 F
1399 658 1430 694 C
1449 660 1473 693 P
1490 659 1525 692 O
1539 660 1586 700 H,
1597 663 1629 694 &
1640 656 1694 690 alii
1707 656 1794 693 suam

1195 708 1407 743 directionem
1431 719 1640 743 communem
1653 708 1684 745 K
1695 707 1719 742 P
1731 704 1795 742 ser-

1197 768 1288 793 vaur.

933 917 1122 953 Diluuntur
1136 916 1328 964 objeffiones.

441 1018 524 1063 Qae
539 1028 652 1053 contra
660 1018 786 1066 opponi
800 1015 946 1066 poffunt,
957 1019 1023 1064 jam
1037 1027 1154 1064 magna
1174 1028 1213 1050 ex
1230 1019 1320 1063 par‘te
1336 1016 1489 1065 superiori
1502 1016 1610 1064 capite
1630 1015 1700 1051 sunt
1711 1013 1794 1050 solu-

403 1076 446 1101 ta.
465 1067 551 1113 Qae
568 1067 709 1102 tamena
727 1067 811 1100 Viro
826 1063 947 1100 Clariis.
965 1077 1079 1100 contra
1093 1076 1301 1099 communem
1317 1070 1351 1102 δε
1368 1066 1465 1114 vulgo
1481 1076 1645 1112 receptam
1664 1066 1795 1112 opinio·

402 1127 480 1151 nem
492 1115 590 1150 allata
608 1114 696 1159 sunt,
727 1113 831 1150 solutu
845 1111 992 1149 difficilia
1009 1115 1116 1150 videri
1135 1112 1269 1162 polsunt·
1293 1117 1425 1162 Nempe
1449 1112 1604 1149 musculos
1629 1115 1663 1148 vi
1687 1112 1796 1147 elasti..

403 1176 456 1208 ca,
477 1169 512 1200 &
535 1163 733 1199 membranae
756 1163 849 1213 ipsius
866 1176 936 1211 quae
955 1162 1133 1198 musculum
1153 1162 1313 1206 involvit,
1335 1176 1370 1198 ac
1387 1162 1539 1198 fibrarum
1557 1164 1680 1210 impetu
1696 1190 1704 1203 ‚
1723 1173 1795 1208 qua:
1841 1182 1846 1184 -

405 1211 578 1247 tendinosae
593 1214 658 1247 dici
667 1211 793 1260 potsunt
805 1224 859 1247 aut
872 1212 1012 1247 nervosae
1023 1241 1034 1255 ,
1047 1212 1194 1247 contrahi
1205 1241 1213 1254 ‚
1225 1224 1293 1246 non
1305 1210 1469 1260 spirituum
1485 1213 1503 1248 ὲ
1519 1210 1654 1245 cerebro
1664 1207 1795 1253 affluxu,

403 1261 459 1296 vel
470 1259 635 1309 spirituosa
649 1261 823 1297 substantia
840 1263 872 1296 in
885 1260 974 1296 fibris
998 1263 1121 1296 carneis
1139 1272 1322 1309 praeparata,
1351 1262 1443 1308 Qin
1456 1261 1563 1308 potius
1577 1260 1652 1294 dnm
1671 1257 1795 1306 spiritus

406 1309 463 1345 ille
482 1309 579 1345 fibras
599 1311 765 1346 tendineas
780 1340 790 1354 ,
808 1316 843 1348 &
866 1309 1087 1345 membranam
1103 1310 1330 1344 involventem
1351 1313 1481 1358 irrigat,
1495 1320 1593 1356 atque
1609 1309 1794 1356 interjeEkas

406 1370 514 1409 partes
527 1359 742 1407 implet,virn
751 1372 860 1395 earum
878 1359 1038 1394 elasticam
1051 1357 1202 1402 resolvit,
1222 1357 1291 1392 fere
1313 1369 1348 1392 ut
1368 1360 1448 1407 ignis
1467 1356 1612 1406 chalybis
1634 1367 1797 1403 tempera..

407 1410 434 1443 ti
447 1408 615 1444 elaterium
633 1411 811 1458 corrumpit
832 1424 840 1445 :
859 1421 914 1443 aut
931 1420 1004 1443 cum
1022 1407 1130 1442 baculi
1150 1409 1273 1442 curvati
1295 1419 1397 1452 partes
1413 1419 1519 1449 cavat,
1545 1417 1682 1453 quarum
1706 1403 1795 1440 fibrae

405 1456 477 1493 sunt
494 1456 661 1492 breviores
675 1487 685 1501 ,
698 1461 767 1505 igni
780 1458 994 1494 admoventur
1009 1485 1019 1500 ‚
1038 1468 1107 1491 tum
1117 1456 1170 1491 vel
1184 1458 1265 1504 ignis
1275 1454 1403 1491 effluvia
1413 1485 1423 1499 ,
1447 1455 1500 1490 vel
1512 1465 1616 1504 partes
1631 1455 1712 1503 ignis
1724 1453 1797 1488 flui-

407 1507 514 1541 diores
543 1509 673 1555 agitatae
702 1507 855 1542 fibrarum
880 1506 1020 1554 implent
1048 1517 1174 1540 meatus
1200 1534 1210 1548 ‚
1242 1510 1276 1541 &
1297 1504 1426 1540 baculus
1455 1503 1520 1552 ipse
1550 1504 1700 1551 dirigitur.
1736 1504 1797 1537 At-

407 1568 472 1603 que
488 1567 525 1590 ut
539 1567 576 1589 ea
591 1568 728 1604 corpora
738 1557 902 1604 pristinam
917 1555 1002 1590 suam
1018 1553 1208 1590 firmitatem
1228 1565 1417 1602 recuperant
1434 1582 1443 1597 ,
1456 1566 1530 1588 cum
1544 1551 1586 1586 ab
1599 1554 1674 1600 igne
1688 1563 1797 1586 remo.

408 1616 524 1639 ventur
538 1632 549 1647 ,
563 1603 603 1639 fic
618 1604 673 1639 ubi
683 1604 847 1653 spirituosa
859 1604 1026 1639 substantia
1036 1606 1068 1638 in
1081 1601 1237 1638 musculos
1248 1615 1313 1636 non
1329 1601 1437 1637 influit
1449 1631 1460 1645 ,
1474 1603 1577 1636 statim
1594 1600 1679 1635 fibrae
1703 1599 1796 1636 velut

407 1652 519 1701 sponte
537 1652 588 1687 sua
601 1654 830 1689 contrahuntur
845 1682 854 1696 ‚
866 1665 902 1688 ut
921 1656 953 1688 in
966 1652 1175 1687 cadaveribus
1188 1663 1319 1686 cernere
1337 1651 1393 1686 est.
1421 1653 1508 1687 Nam
1524 1661 1654 1684 mortuo
1663 1648 1796 1684 animali

408 1702 604 1749 quandoque
615 1702 836 1737 musculiadeo
849 1701 1079 1737 contrahuntur
1093 1712 1147 1743 ,ut
1166 1713 1276 1734 eorum
1296 1702 1342 1734 vis
1360 1700 1485 1734 clastica
1505 1702 1558 1733 vix
1575 1697 1638 1733 ulla
1651 1699 1683 1732 vi
1703 1697 1797 1745 supe-

409 1753 471 1784 rari
484 1762 595 1798 queat.
618 1752 718 1799 Qod
740 1754 774 1786 in
788 1752 887 1786 cauda
905 1751 1067 1785 testudinis
1080 1761 1213 1784 morture
1224 1750 1256 1782 in
1275 1749 1450 1783 Academia
1463 1748 1579 1783 accidit
1595 1761 1603 1782 ε
1620 1759 1691 1781 cum
1708 1749 1797 1781 enim

408 1800 506 1833 cauda
524 1797 906 1845 effetinflex.1‚relaxatis
919 1799 1005 1834 forte
1021 1797 1166 1834 musculis
1185 1799 1399 1846 antagonistis‚
1423 1799 1476 1831 vix
1494 1797 1559 1830 duo
1577 1795 1673 1829 validi
1688 1795 1796 1829 homi-

409 1861 464 1882 nes
509 1860 686 1894 potuerunt
712 1862 782 1883 eam
804 1849 990 1883 extendere.
1014 1850 1087 1883 Nec
1109 1845 1278 1880 verisimile
1292 1846 1334 1879 est
1344 1845 1433 1879 illam
1452 1843 1627 1878 tensionem
1643 1845 1661 1878 ἐι
1686 1841 1795 1891 sp³ritu

409 1895 516 1929 subtili
531 1895 581 1929 seu
595 1896 739 1942 liquido,
756 1896 809 1931 seu
826 1897 965 1931 aethereo
986 1893 1290 1942 proficisci:subtilis
1306 1895 1392 1928 enim
1404 1893 1458 1927 illa
1476 1895 1612 1927 materia
1627 1893 1726 1938 quam
1744 1891 1796 1926 fa-

408 1944 528 1978 cillime
542 1942 679 1979 difflatur
690 1974 699 1987 ,
712 1958 770 1980 nec
787 1943 964 1978 tensionem
979 1955 1044 1977 tam
1055 1944 1236 1976 diuturnam
1249 1945 1279 1976 in
1293 1942 1435 1976 musculis
1453 1942 1557 1990 potest
1570 1937 1710 1974 efficere.
1722 1942 1794 1976 Ne-

409 1993 513 2038 queid
532 1995 642 2039 negari
656 1995 758 2040 potest
778 1992 944 2040 plerosque
959 1992 1172 2027 musculorum
1188 2003 1294 2025 motus
1309 1991 1382 2024 duci
1398 2003 1434 2025 ex
1449 1991 1644 2025 vehementi·
1657 1989 1709 2023 illa
1723 2001 1797 2024 ten-

410 2040 496 2077 fione
515 2040 602 2076 fibris
620 2041 689 2089 iplis
703 2041 855 2085 naturali,
874 2054 945 2088 quae
963 2055 1027 2076 non
1044 2041 1086 2074 est
1098 2038 1326 2088 di'slimilisjugi
1347 2039 1479 2073 renfioiii
1499 2052 1568 2086 quae
1584 2038 1661 2073 inest
1678 2038 1795 2085 cytha-

411 2103 452 2125 ra:
467 2089 589 2126 fidibus.
611 2093 663 2124 Sic
676 2090 828 2134 musculi,
844 2093 896 2136 qui
908 2090 1103 2137 sphinffiteres
1115 2089 1256 2123 dicuntur
1273 2117 1282 2127 ,
1296 2087 1391 2123 fibras
1405 2088 1527 2123 hibent
1545 2087 1666 2134 semper
1683 2086 1796 2131 tensam,

410 2140 498 2187 quod
514 2139 671 2174 musculos
687 2140 902 2188 antagonistas
917 2145 952 2175 &
969 2137 1131 2187 oppositos
1148 2151 1215 2172 non
1229 2136 1440 2183 habeant,qui
1453 2137 1576 2171 obstare
1595 2135 1696 2170 solent
1709 2148 1795 2182 quo.

412 2187 590 2236 minusipsa
605 2188 705 2223 tensio
727 2187 941 2223 conservetur.
956 2190 1005 2222 Sic
1023 2191 1054 2221 in
1066 2187 1230 2221 luxatione
1239 2186 1382 2220 adeo'est
1396 2186 1570 2220 vehemens
1583 2183 1796 2219 musculorum

413 2237 575 2280 tenlio,ut
588 2240 640 2272 vix
652 2239 769 2272 restitui
781 2235 918 2285 poffint:
939 2237 1026 2283 quod
1045 2235 1155 2284 singuli
1181 2233 1310 2269 musculi
1327 2237 1357 2268 vi
1378 2234 1428 2268 sua
1445 2234 1568 2268 elastica
1588 2236 1619 2267 in
1637 2232 1702 2266 suis
1721 2245 1796 2279 par-

413 2298 458 2320 tes
470 2300 556 2321 mem
566 2299 651 2320 irum
663 2287 800 2322 trahant.
815 2287 938 2321 Contra
949 2288 982 2320 in
997 2283 1216 2334 paralyfi‚cum
1233 2296 1302 2323 pars
1317 2283 1422 2329 aliqua
1437 2283 1615 2322 resolvitur,
1628 2292 1682 2315 aut
1692 2280 1745 2314 ubi
1759 2283 1793 2316 in

415 2335 546 2369 minet-e
575 2334 676 2370 sectus
704 2336 746 2370 est
772 2336 871 2370 teudo
886 2364 895 2376 ,
912 2346 982 2369 tum
1001 2331 1131 2368 musculi
1145 2331 1280 2380 oppositi
1301 2332 1396 2366 nobis
1419 2335 1528 2366 inviti<
1553 2329 1792 2364 contrahuntur.

415 2385 527 2430 ltaque
541 2382 664 2430 spiritus
678 2385 833 2421 animales
858 2382 1070 2419 musculorum
1085 2393 1190 2418 motus
1203 2379 1355 2425 efficiunt,
1371 2394 1444 2416 cum
1465 2381 1599 2415 laxiores
1618 2377 1713 2413 fibras
1732 2380 1793 2413 im-
