1878 2724
443 137 802 176 TRACTATUS
836 136 1154 173 SECUNDUS.
1442 153 1453 173 ι

105 192 216 227 metris
231 187 300 226 sunt
309 191 495 237 repetendae
505 219 515 234 ,
528 191 584 237 qui
594 187 703 238 saepius
717 187 806 236 quod
815 199 865 222 res
875 189 922 222 ita
934 186 970 222 sit
979 214 990 230 ,
1001 186 1231 231 demonstrant,
1246 186 1298 223 vel
1313 153 1490 235 explicam?

105 253 172 277 non
183 238 306 277 causam
322 238 473 275 afferunt.

150 291 248 326 Nunc
261 288 302 322 ad
317 289 459 322 rationes
469 286 611 336 phyficas
623 289 801 324 veniamus.
819 287 947 334 Corpus
961 297 1060 334 grave
1075 297 1112 320 ex
1130 283 1195 334 ipsa
1208 285 1286 318 a'e‘ris
1305 283 1490 327 resistentia,

101 348 158 373 aut
169 337 254 373 forte
263 349 305 373 ex
323 339 415 372 novis
426 343 460 374 δε
471 336 528 371 libi
542 335 782 372 succedentibus
793 333 1046 386 percuffionibus
1063 333 1126 369 five
1138 332 1290 369 crassioris
1303 362 1314 377 ,
1334 331 1399 368 five
1416 332 1491 372 sub-

103 385 170 421 tilis
181 388 260 421 a‘c'ris
269 399 392 422 novum
407 385 543 421 subinde
556 388 716 433 impetum
724 414 734 429 ‚
751 385 805 421 seu
815 396 942 421 novum
951 383 1132 419 velocitatis
1151 383 1285 433 gradum
1312 380 1490 418 indefinen-

103 445 154 470 ter
171 437 332 483 acquirit:
352 447 388 470 ut
400 447 457 484 per
473 434 656 483 longiorem
671 434 788 470 tubum
804 433 957 483 globulos
974 432 1052 468 flatu
1069 431 1137 482 ipso
1162 431 1274 481 procul
1293 431 1468 480 jaculamur
1483 446 1493 467 ε

100 485 191 531 quod
208 484 331 533 spiritus
348 496 387 518 ex
400 496 456 518 ore
471 481 596 519 emiil‘us
616 481 786 531 globulum
812 484 936 517 iteratis
956 480 1094 528 pulsibus
1120 480 1160 517 fic
1173 479 1345 524 verberet,
1363 492 1398 515 ut
1415 484 1494 516 novi

101 531 227 581 semper
235 531 412 568 acceffione
430 531 549 567 crescat
562 533 712 580 impetus.
733 533 806 568 Nec
823 542 935 566 tamen
948 530 1056 565 statim
1070 533 1156 579 perit
1170 531 1227 578 qui
1239 531 1344 577 primo
1361 528 1493 578 impres-

101 581 148 617 fiis
159 582 207 617 est
217 611 227 626 ‚
241 580 294 616 sed
307 593 344 617 ex
357 581 429 616 aliis
445 586 479 618 &
493 580 564 615 aliis
575 608 585 623 ‚
605 582 660 627 qui
675 578 848 615 succedunt
861 607 872 623 ,
888 578 926 614 fit
936 580 1096 628 vegetior.
1119 581 1201 616 Non
1213 576 1354 614 diffimili
1365 581 1492 613 ratione

101 642 159 666 cor
183 643 218 666 us
226 629 357 680 gravea
374 632 484 677 quiete
498 628 662 664 discedens
679 641 739 678 pro
763 631 813 664 rio
826 628 990 678 pondere,
1013 640 1050 662 ea
1070 629 1173 664 utitur
1196 626 1373 662 velocitate
1393 639 1490 674 quam

99 644 256 728 paulatim
264 677 442 726 acquilivit.
459 680 578 714 Manet
592 680 716 727 quippe
725 642 851 727 sgmper
861 677 976 713 eadem
985 679 1126 726 gravitas
1142 705 1152 720 ‚
1169 687 1241 723 quae
1259 687 1428 724 nunquam
1441 675 1491 710 fe-

100 730 225 772 riaturt
239 739 372 763 manent
390 728 489 767 iidem
502 727 685 763 velocitatis
696 728 811 776 gradus
829 756 839 771 ‚
857 739 940 775 quos
956 727 1018 762 fuit
1034 728 1117 761 iuter
1134 725 1396 761 descendendum
1409 737 1489 760 con-

99 774 268 824 sequutum
280 805 290 820 ‚
299 778 379 813 novi
389 775 513 826 semper
526 782 560 814 &
569 787 715 813 recentes
725 777 903 812 adveniunt
918 789 926 810 ι
946 776 1022 812 hinc
1033 776 1117 810 adeo
1132 786 1241 810 motus
1251 772 1294 809 sui
1304 775 1489 809 incremen-

99 835 170 861 tum
180 825 274 862 sumit
287 854 298 869 ,
317 826 416 874 idque
427 825 640 873 aequabiliter.
650 827 739 861 Nam
755 824 810 860 ubi
823 825 940 860 eadem
950 826 994 860 est
1004 824 1151 860 effectrix
1163 822 1254 858 causa
1264 852 1274 867 ,
1292 835 1362 871 quae
1371 823 1490 859 eodem

98 874 225 922 prorsus
244 875 347 911 modo
361 887 534 924 operatur,
552 873 676 911 neceffe
692 875 735 910 est
754 887 791 910 ut
805 876 905 923 aequis
918 873 1121 923 temporibus
1146 871 1286 922 aequales
1305 870 1489 908 velocitatis

98 923 216 973 gradus
247 926 463 972 acquirantur.

136 973 199 1007 Sed
208 1001 218 1015 ,
235 974 358 1019 inquies
366 1000 374 1011 ,
386 971 406 1007 fi
417 983 523 1008 motus
532 974 681 1021 gravium
692 971 892 1020 aequabiliter
901 1001 909 1016 ,
923 972 1173 1010 &uniformiter
1181 1001 1191 1016 ,
1209 982 1244 1006 ut
1252 973 1341 1006 aiunt
1351 999 1361 1014 ‚
1371 982 1488 1019 augea-

99 1031 169 1066 tur,
192 1033 248 1056 cur
264 1026 353 1056 'uxta
368 1019 480 1057 seriem
491 1033 699 1057 numerorum
715 1024 889 1071 imparium
899 1021 1031 1059 crescit?
1053 1024 1089 1057 Id
1101 1023 1199 1071 longe
1217 1019 1419 1069 probabilius
1435 1022 1485 1054 vi-

98 1070 191 1105 detur
203 1035 384 1106 deljcensum
394 1073 542 1120 gravium
552 1075 640 1120 juxta
658 1070 772 1106 seriem
788 1070 967 1106 naturalem
981 1084 1190 1108 numerorum
1201 1085 1212 1107 ι
1225 1098 1234 1113 ,
1250 1082 1269 1105 2
1282 1098 1293 1115 ,
1309 1083 1322 1114 3
1336 1097 1347 1113 ,
1363 1083 1386 1116 4
1396 1097 1407 1112 ‚
1425 1074 1488 1105 &c-

99 1130 199 1166 quam
211 1130 269 1166 per
284 1131 435 1154 numeros
454 1122 591 1167 impares
606 1131 616 1152 ι
633 1148 642 1162 ,
661 1133 696 1163 3,
714 1134 747 1166 5,
767 1132 788 1162 7
809 1149 819 1164 ‚
837 1119 988 1155 crescere.

137 1164 225 1217 Resp.
235 1167 310 1202 hinc
322 1170 485 1204 rationem
498 1169 570 1202 duci
580 1180 634 1202 cur
654 1180 711 1216 per
724 1180 874 1203 numeros
892 1170 1031 1216 impares
1044 1168 1190 1216 gravium
1203 1177 1309 1202 motus
1327 1164 1489 1201 accelere-

101 1227 153 1252 tur
166 1230 175 1252 :
189 1217 276 1264 quod
292 1229 359 1251 non
369 1216 476 1261 simul,
496 1216 547 1251 sed
558 1216 716 1264 paulatim
731 1227 834 1252 certus
846 1217 1029 1252 velocitatis
1041 1216 1156 1264 gradus
1173 1218 1368 1263 acquiratur.
1398 1217 1488 1250 Nam

99 1265 313 1314 supponamus
329 1277 444 1313 corpus
456 1276 555 1313 grave
571 1267 677 1313 primo
687 1269 844 1313 temporis
862 1265 965 1313 spatio
977 1293 988 1309 ,
1005 1276 1083 1313 puta
1098 1266 1180 1298 intra
1193 1266 1319 1299 arteria:
1337 1262 1459 1311 pulsum
1477 1292 1488 1306 ,

99 1326 195 1350 unam
206 1313 387 1362 exapedam
398 1311 577 1350 confecisse.
597 1314 699 1361 Qod
717 1313 738 1348 si
748 1319 815 1363 jam
825 1312 867 1349 ab
888 1316 982 1349 initio
994 1325 1066 1348 eam
1084 1310 1241 1347 habuisset
1265 1312 1487 1355 velocitatem,

99 1364 345 1411 autimpetum,
364 1364 483 1398 eodem
503 1374 650 1411 tempore
669 1363 770 1411 duplo
781 1363 923 1399 velocius
934 1360 1141 1397 descendiiset
1157 1388 1166 1403 ,
1190 1366 1225 1397 δε
1236 1362 1311 1397 duas
1326 1361 1485 1409 exapedas

99 1409 311 1461 peragrasset:
327 1413 425 1459 idque
443 1412 645 1449 manifestum
659 1411 704 1445 est
719 1415 751 1447 in
769 1411 841 1447 vase
853 1424 936 1459 aqua
951 1411 1062 1459 pleno,
1080 1413 1168 1446 Nam
1179 1423 1262 1458 aqua
1278 1409 1379 1458 duplo
1396 1409 1484 1444 cele-

99 1458 297 1505 riuseffluit,
310 1474 383 1495 cum
396 1474 450 1496 vas
462 1461 585 1509 semper
596 1459 731 1509 plenum
742 1461 802 1497 est:
817 1460 918 1509 quam
929 1459 951 1495 fi
963 1459 1120 1505 paulatim
1137 1459 1346 1496 exhauriatur.
1369 1460 1485 1507 Itaque

98 1520 213 1557 corpus
223 1521 321 1559 grave
337 1511 380 1554 Α,
398 1510 486 1558 quod
502 1509 657 1558 paulatim
671 1509 840 1557 acquifivit

98 1559 309 1594 velocitatem
320 1562 346 1594 L
357 1563 388 1595 D
399 1588 408 1602 ‚
420 1558 441 1593 si
453 1571 525 1593 earn
536 1558 577 1592 ab
596 1560 689 1592 initio
703 1558 833 1594 habuis-

100 1605 148 1642 set
161 1634 171 1648 ,
185 1607 316 1654 duplum
333 1607 469 1655 spatium
479 1636 488 1650 ‚
506 1618 626 1654 nempe
638 1617 742 1640 totum
754 1619 838 1654 qua-
927 1610 954 1650 1
1356 1593 1402 1644 Α

100 1655 289 1703 drangulum
300 1658 327 1689 A
339 1659 393 1692 1D
405 1658 431 1691 L
447 1683 456 1698 ,
472 1652 681 1704 percurrisset.
692 1654 759 1691 Sub
775 1658 837 1691 ini-

102 1705 183 1739 tium
202 1706 312 1751 itaque
324 1704 451 1740 secundi
472 1706 628 1752 temporis
647 1709 711 1752 jam
722 1717 836 1753 corpus
1363 1684 1388 1720 Ι

99 1765 198 1802 grave
210 1752 312 1788 habet
324 1766 428 1789 >mium
440 1753 621 1788 velocitatis
631 1754 766 1801 gradum
785 1766 839 1788 ac-
1359 1766 1403 1810 2

100 1801 267 1848 quffimm,
284 1805 492 1851 &integrum
513 1817 520 1838 :
544 1815 610 1851 quo
621 1802 757 1849 quidem
779 1803 837 1837 du-

100 1850 190 1899 plum
217 1848 352 1899 spatium
375 1857 402 1900 ej
409 1864 442 1888 us
469 1852 556 1899 quod
584 1851 740 1900 paulatim
766 1864 838 1900 per·
1360 1871 1396 1912 3

100 1911 270 1948 agraverat
282 1929 291 1944 ‚
312 1902 429 1944 eodem
443 1912 590 1948 tempore
604 1900 751 1936 decurrit.
773 1901 839 1935 Sed

99 1949 231 1983 interim
254 1962 310 1997 per
337 1950 423 1986 suam
455 1951 652 1998 gravitatem
679 1948 839 1998 paulatim
914 1946 950 1989 L
1358 1956 1397 1993 D

102 2007 177 2030 eum
196 2000 334 2043 acquirit
353 2001 534 2047 impetum,
561 2010 626 2045 quo
645 2011 744 2034 unam
762 2011 840 2034 exa-

102 2044 220 2092 pedam
236 2045 366 2081 conficit
377 2061 385 2083 :
397 2059 534 2094 utroque
548 2058 625 2095 ergo
635 2049 760 2095 impetu
771 2078 780 2092 ,
792 2051 841 2084 in-

102 2103 181 2128 nato
191 2091 310 2128 scilicet
320 2099 353 2130 &
363 2095 517 2142 acquisito
527 2095 658 2142 triplum
676 2096 824 2144 spatium,
838 2098 892 2135 seu
906 2113 919 2146 3
935 2098 1094 2147 exapedas
1113 2095 1275 2134 conficiet.
1292 2100 1345 2133 Sic
1358 2112 1386 2144 30
1399 2096 1486 2133 temss

103 2143 188 2191 poris
200 2142 373 2178 intervallo
381 2148 447 2191 jam
459 2144 537 2178 duos
551 2142 650 2179 habet
667 2145 849 2183 velocitatis
863 2148 976 2197 gradus
987 2145 1155 2195 acquifitos
1169 2152 1202 2184 &
1219 2148 1349 2195 plenos,
1364 2146 1485 2193 quibus

103 2192 197 2238 primi
212 2189 323 2238 spatii,
354 2190 405 2226 seu
423 2193 574 2240 exapedae
587 2193 797 2243 quadruplum
809 2198 956 2234 decurrit.
977 2200 1103 2231 Interea
1115 2208 1248 2243 quoque
1266 2205 1321 2243 per
1336 2198 1484 2230 innatum

102 2244 262 2287 impetum
273 2269 281 2282 ,
308 2239 358 2275 seu
367 2245 559 2290 gravitatem
570 2269 579 2284 ‚
593 2253 665 2288 quae
680 2240 804 2291 semper
813 2258 925 2295 urget,
946 2244 1057 2280 sensim
1067 2257 1165 2279 unum
1178 2245 1310 2292 gradum
1329 2243 1485 2276 velocita-

104 2289 142 2322 tis
159 2287 342 2336 adipiscitur
355 2319 364 2332 ‚
392 2303 458 2337 quo
477 2290 609 2338 spatium
627 2292 717 2324 unius
738 2305 795 2328 exa
821 2296 888 2329 edre
906 2295 1048 2329 [imiliter
1062 2295 1227 2339 percurrit.
1256 2292 1392 2339 Triplici
1405 2304 1484 2340 ergo

104 2336 286 2372 velocitatis
298 2339 397 2386 gradu
414 2338 601 2374 insti-netum
615 2368 623 2381 ‚
638 2351 775 2385 quorum
792 2308 857 2377 guo
871 2344 959 2391 pleni
974 2342 1043 2377 suut
1054 2347 1085 2376 ἃ
1100 2343 1216 2387 integ-ri
1227 2370 1235 2383 ‚
1249 2341 1391 2388 reliquus
1406 2353 1484 2387 pau-

105 2385 195 2420 latim
208 2399 412 2435 comparatur
423 2417 432 2433 ‚
452 2387 656 2438 quintuplum
680 2387 813 2436 spatium
827 2397 892 2440 ejus
906 2392 994 2439 quod
1013 2391 1118 2438 primo
1135 2363 1282 2438 tezirpore
1302 2418 1312 2433 ‚
1339 2389 1389 2425 seu
1406 2391 1488 2425 intra
