1878 2724
377 136 459 182 356.
625 131 938 169 PHYSICAE
976 132 1121 167 'PARS
1170 131 1460 172 SECUNDA.

382 194 488 228 motus
498 181 552 217 ille
565 184 692 218 Oceani
709 181 840 223 haereat,
854 192 914 216 nec
924 180 1005 215 ultra
1017 181 1167 230 progredi
1180 180 1275 229 poffit
1288 211 1298 226 ,
1307 194 1405 230 ⁴aquae
1418 186 1451 218 in
1473 187 1549 221 eum
1561 183 1670 220 locum'
1685 184 1794 224 velutsf

384 232 541 280 congestae
560 241 704 265 remeare
720 241 900 277 coguntur,
926 235 959 268 &
982 242 1053 265 cum
1068 233 1192 278 impetu
1214 232 1248 265 in
1263 244 1368 280 partes
1387 233 1561 268 orientales
1571 233 1660 270 ferri.
1678 235 1790 275 Unde3

382 282 576 316 currentium
590 281 622 312 vi
634 281 724 317 inter
734 277 902 313 insularum
912 307 922 322 ‚
936 291 1008 327 quae
1029 279 1072 314 ibi
1088 279 1157 315 sunt
1175 279 1314 328 plurima:
1325 309 1335 323 ‚
1349 282 1504 331 angustias
1517 295 1636 331 magno
1651 282 1792 332 impetui]

379 332 413 364 in
425 341 530 363 ortum
541 327 755 376 repelluntur:
775 331 930 363 Oceanus
945 328 1029 363 adeo
1042 328 1145 364 versus
1158 331 1420 376 Septentrionem
1431 330 1592 375 effixfiis,&
1609 334 1643 368 in
1652 336 1776 369 Orien-

379 389 448 413 tem
466 380 676 412 continenter
689 379 824 425 agitatus
842 389 897 425 per
913 376 1033 415 fretum
1046 379 1245 416 Gaditanum
1256 398 1275 422 ,·
1288 392 1318 414 v.
1334 379 1362 411 le
1383 378 1499 413 a'aet‘troit
1516 380 1556 414 de
1575 379 1749 416 Gibraltar
1762 410 1775 427 ,

378 438 465 462 mare
486 426 766 461 Mediterraneum
791 426 874 462 subit
896 439 903 462 ε
923 427 998 462 hinc
1029 439 1127 462 naves
1151 425 1324 462 secundum
1351 427 1467 463 Africae
1494 428 1602 464 littora
1635 431 1774 466 Alexan·
1810 455 1814 457 >
1850 441 1853 468 ἱ

377 476 480 510 driam
492 475 589 522 usque
601 477 637 517 vi¹
645 475 733 524 hujus
744 478 898 511 currentis
912 475 1068 511 feruntur.
1094 476 1225 512 Contra
1236 488 1397 512 currentes
1416 480 1483 512 vim
1496 477 1582 512 suarn
1595 477 1615 514 ὲ
1630 482 1709 514 mari
1724 481 1776 514 ni.

377 537 435 573 gro
446 536 500 559 aut
512 527 616 560 Ponte
627 527 747 559 Euxino
757 526 790 560 in
800 537 887 560 mare
898 528 1031 574 AEgcum
1043 555 1052 569 ‚
1064 525 1115 560 sen
1130 525 1372 574 ArchipelaguS‚
1388 532 1419 563 &
1436 526 1510 561 hinc
1525 528 1557 562 in
1571 527 1773 566 Adriaticum

377 585 468 613 mare
482 575 550 608 vim
560 572 648 609 suam
657 584 801 611 exerunt.
814 577 915 610 Ratio
925 587 965 610 ex
984 574 1254 623 ipsisfluminibus
1268 587 1336 622 quae
1354 577 1386 610 in
1397 588 1485 611 mare
1499 578 1626 624 nigrum
1637 576 1788 614 illabun:

378 634 429 657 tur
441 652 450 666 ‚
464 623 507 657 est
520 625 656 658 omnino
671 624 860 671 repetenda.
883 627 961 660 Non
983 623 1122 660 dissimili
1138 626 1265 660 ratione
1279 626 1432 660 Oceanus
1449 627 1483 660 in
1494 637 1583 659 mare
1593 625 1773 663 Balthicum

377 671 532 709 illabitur.
553 673 652 709 Unde
674 671 868 708 observabat
883 675 932 709 vir
945 672 1069 707 Clariis
1085 674 1293 722 pistrinorum
1313 685 1385 721 quae
1403 674 1569 710 Stoicolmi
1589 673 1675 709 urbis
1691 678 1773 711 Sue.
1789 706 1791 708 ,

375 723 433 756 ciae
451 724 602 770 principis
620 721 689 756 sunt
706 721 842 770 plurima
855 751 865 765 ‚
893 734 979 756 rotas
996 734 1088 757 motu
1117 722 1277 757 subeuntis
1288 725 1417 758 Oceani
1429 726 1567 771 agitatas
1579 752 1590 766 ,
1612 725 1772 761 interdum
1788 742 1791 745 ·

375 772 540 807 centrario
564 782 656 806 motu
670 771 750 806 ferri
767 785 774 806 :
792 784 863 806 cum
876 770 995 806 scilicet
1014 769 1133 806 affluxu
1144 771 1314 807 fluminum
1330 782 1418 807 mare
1435 773 1575 807 exundat
1591 778 1624 810 &
1644 775 1676 809 in
1697 786 1788 824 par..⁴

377 832 443 855 tem
456 819 636 868 oppositam
648 820 753 855 versus
768 819 913 856 occasum
925 833 1070 856 remeare
1087 820 1304 868 compellitur.

412 871 513 904 Maris
526 881 689 904 currentes
700 869 889 918 plerumque
901 882 942 905 ex
962 869 1071 918 illapsu
1085 869 1254 905 fluminum
1278 873 1353 906 oriri
1368 883 1406 906 ex
1425 873 1462 905 iis
1473 883 1545 919 quoe
1557 874 1597 907 D.
1609 872 1769 921 ‘Marfilly
1788 902 1790 904 .

375 917 494 967 scripsit
517 919 557 953 de
577 918 741 967 Bosphoro
759 918 906 954 Thraciae
921 917 1106 954 confirmari
1128 920 1230 967 potest
1255 933 1263 954 ·.
1284 923 1408 955 namin
1424 920 1486 955 hoc
1505 919 1671 968 Bosphoro
1687 923 1771 957 inter

377 980 466 1004 mare
491 970 620 1016 nigrum
634 974 666 1004 ἃς
678 970 846 1003 Marmora
857 997 866 1011 ‚
878 968 941 1003 duo
959 967 1159 1016 profluentes
1173 968 1248 1003 hinc
1263 970 1338 1004 inde
1356 971 1388 1003 in
1402 968 1492 1018 ipsius
1509 969 1626 1004 canalis
1639 968 1771 1018 superfi-
1788 992 1792 998 -

376 1020 426 1051 cie
437 1028 606 1052 cernuntur
615 1019 648 1052 in
659 1028 764 1065 partes
784 1017 941 1065 oppositas
952 1020 1016 1053 aeti
1026 1035 1035 1062 3
1046 1019 1220 1065 praecipuus
1232 1016 1252 1052 Ξι
1264 1021 1343 1052 mari
1355 1020 1458 1067 nigro,
1470 1017 1551 1052 alter
1562 1016 1665 1052 versus
1681 1020 1770 1056 idem
1781 1037 1787 1053 .-

376 1078 465 1102 mare
477 1068 604 1113 nigrum
617 1065 658 1099 ab
673 1066 790 1101 Austro
809 1065 971 1101 delabitur
985 1083 995 1110 ·‚
1011 1079 1144 1113 uterque
1158 1068 1188 1101 vi
1204 1064 1384 1102 fluviorum.
1401 1070 1458 1114 qui
1475 1069 1506 1101 in
1522 1079 1692 1115 utrumque
1705 1068 1770 1103 hoc
1784 1089 1787 1096 ·

376 1126 464 1150 mare
476 1114 624 1150 influunt.
635 1115 697 1149 Sed
714 1115 804 1162 quod
815 1114 993 1150 mirabilius
1004 1115 1063 1158 est,
1078 1127 1162 1162 aqna
1183 1113 1277 1163 ipsius
1309 1115 1425 1150 canalis
1451 1115 1641 1165 profundior
1663 1117 1768 1152 versus
1786 1139 1788 1142 -

374 1166 642 1212 Septentrionem
661 1165 697 1198 iri
711 1167 850 1199 Pontum
860 1166 1019 1200 Euxinum
1033 1163 1222 1213 propellitur
1231 1193 1240 1206 ,
1261 1177 1332 1199 cum
1347 1164 1637 1213 superior,quaeque
1649 1165 1670 1201 a
1679 1168 1767 1201 Pon-

375 1226 410 1248 to
424 1215 554 1249 Euxino
564 1224 677 1248 manat
691 1240 701 1255 ‚
719 1211 824 1248 versus
839 1214 974 1248 austrum
989 1216 1198 1249 continenter
1211 1212 1300 1250 fluat.
1328 1214 1412 1263 Q
1428 1214 1471 1248 ab
1487 1214 1589 1248 austro
1608 1213 1743 1262 profluit
1755 1244 1766 1260 ,
1786 1236 1789 1240 -

374 1261 479 1297 salsior
489 1262 553 1305 est,
567 1263 747 1310 &gravion
765 1261 868 1309 Quod
882 1264 993 1308 utique
1015 1275 1077 1310 ope
1094 1261 1171 1296 vasis
1183 1260 1313 1304 occlusi,
1331 1266 1381 1297 cui
1401 1273 1510 1310 aptata
1532 1274 1600 1296 erat
1619 1263 1765 1309 valvula,
1782 1279 1788 1297 ,-

376 1314 422 1346 ita
431 1321 465 1345 ut
474 1322 548 1345 curn
561 1308 677 1345 liberet
688 1338 698 1352 ‚
719 1310 918 1357 impleretur,
936 1313 1074 1345 omnino
1087 1313 1259 1357 comperit.
1275 1313 1327 1345 Sic
1341 1316 1375 1347 &
1394 1310 1586 1359 piscatorum
1598 1315 1764 1359 experien-

376 1362 421 1395 tia
431 1364 464 1396 δε
477 1357 537 1393 suis
548 1357 830 1394 observationibus
840 1359 1046 1406 exploratum
1061 1358 1173 1394 habuit
1185 1357 1362 1408 subjectam
1377 1372 1495 1407 aquam
1521 1365 1554 1396 δι
1571 1360 1765 1408 superiorem

374 1412 407 1444 in
423 1419 527 1456 partes
537 1406 696 1456 oppositas
711 1407 795 1442 ferri.
816 1411 905 1445 Nam
921 1408 1024 1443 stante
1038 1408 1185 1443 navicula
1197 1411 1278 1443 retia
1292 1406 1386 1442 altius
1399 1407 1540 1442 demersa
1558 1406 1766 1457 semperver.

375 1458 422 1493 sus
438 1469 525 1492 mare
536 1459 663 1505 nigrum
677 1459 710 1491 vi
720 1455 912 1505 profluentis
926 1456 1100 1505 pelluntur.
1115 1456 1259 1504 Idipsum
1271 1455 1497 1492 confirmatum
1508 1457 1580 1500 fuit,
1590 1457 1646 1492 ubi
1658 1459 1766 1507 plum-

374 1506 455 1541 bum
473 1506 615 1541 funiculo
628 1507 796 1554 appendit.
810 1507 896 1541 Cum
913 1507 1003 1541 enim
1021 1508 1104 1541 intra
1119 1522 1134 1553 5
1152 1518 1206 1541 aut
1226 1513 1244 1543 6
1259 1507 1357 1554 pedes
1378 1505 1543 1542 demiffum
1559 1507 1637 1550 fuit,
1659 1508 1766 1556 plum-

373 1555 453 1590 bum
468 1554 570 1589 versus
582 1567 669 1590 mare
678 1557 845 1590 Marmora
858 1553 1057 1589 defle&ebat
1073 1571 1081 1597 ;
1102 1554 1155 1589 sed
1172 1557 1203 1590 in
1222 1566 1347 1604 partem
1360 1554 1538 1603 oppositam
1553 1554 1737 1604 pellebatur
1753 1585 1764 1600 ,

373 1603 428 1639 ubi
443 1602 539 1638 altius
549 1603 776 1640 descendebat.
800 1605 835 1639 ld
849 1602 933 1640 vero
946 1602 1014 1638 fieri
1028 1604 1183 1639 existimat
1197 1604 1284 1650 quod
1297 1616 1381 1651 aqua
1394 1603 1495 1639 salsior
1506 1609 1539 1640 δι
1550 1606 1679 1652 gravior
1689 1617 1763 1652 quae

373 1653 415 1688 ab
428 1652 532 1687 austro
546 1651 850 1701 profluit,leviorem
858 1652 1149 1700 repellat‚&minus
1160 1651 1267 1687 salsam
1282 1666 1351 1700 quae
1362 1652 1380 1688 a
1391 1656 1472 1687 mari
1484 1655 1576 1702 nigro
1587 1653 1763 1700 proficisci-

373 1715 433 1739 tur.
446 1704 534 1736 Hinc
550 1701 695 1737 adhibita
707 1702 921 1750 hydrostatica
935 1701 1078 1750 ampulla
1098 1706 1183 1749 cujus
1204 1701 1292 1750 supra
1306 1704 1532 1745 meminimus,
1556 1714 1674 1750 aquam
1688 1702 1762 1738 sub-

371 1753 491 1798 Jeostam
508 1765 541 1786 10
553 1754 658 1798 granis
671 1753 852 1799 graviorem
863 1753 983 1798 reperit
1000 1763 1082 1798 aqua
1093 1750 1253 1798 superiore
1267 1779 1277 1794 ‚
1299 1756 1332 1786 δε
1346 1754 1447 1785 minus
1462 1750 1543 1785 salsa.

403 1802 480 1850 Jani
503 1798 582 1834 vero
604 1800 706 1834 aestum
729 1802 948 1847 reciprocum,
975 1797 1028 1834 seu
1056 1797 1178 1833 fluxum
1194 1828 1202 1841 ,
1227 1804 1261 1835 &
1275 1798 1439 1834 ‘refluxum
1456 1802 1550 1833 maris
1565 1828 1575 1842 ,
1591 1813 1657 1847 quo
1670 1814 1758 1837 mare

374 1849 547 1883 duodecim
564 1849 630 1883 fere
643 1848 791 1882 horarum
803 1846 905 1895 spatio
915 1847 953 1880 ad
973 1847 1087 1881 eadem
1100 1847 1209 1881 littora
1219 1847 1289 1882 fluit
1301 1876 1310 1890 ‚
1330 1852 1362 1883 ὃ(
1380 1847 1500 1891 refluit,
1517 1860 1553 1882 ex
1566 1852 1671 1895 priore
1685 1863 1760 1884 mo-

375 1908 408 1931 tu
417 1897 561 1944 generali
573 1896 612 1930 sic
630 1897 770 1942 pendere
781 1926 789 1939 ‚
803 1907 839 1930 ut
848 1895 928 1930 nihil
941 1894 977 1929 sit
987 1894 1042 1930 nisi
1054 1901 1120 1942 ejus
1142 1896 1273 1931 affeffio
1287 1896 1447 1943 quaedam,
1465 1908 1520 1931 aut
1538 1898 1651 1931 modus
1661 1927 1670 1941 ,
1693 1903 1759 1933 Va,

372 1948 477 1979 senius
501 1958 567 1979 non
586 1944 721 1979 absurde
744 1943 874 1980 forsitan
886 1945 1052 1979 existimat.
1078 1946 1165 1980 Nam
1181 1950 1213 1981 &
1228 1947 1260 1979 in
1273 1944 1398 1979 easdem
1414 1957 1518 1992 partes
1529 1974 1538 1989 ‚
1552 1948 1704 1982 nimirum
1715 1946 1758 1982 ab

373 2006 446 2032 ortu
457 1995 490 2028 in
508 1992 654 2027 occasum
667 1994 819 2028 Oceanus
831 2005 999 2036 movetur,
1022 1998 1053 2029 &
1065 1993 1155 2027 aestus
1167 1993 1221 2027 ille
1237 1994 1280 2028 est
1301 2005 1423 2029 tanturn
1438 1993 1698 2039 intumescentia,
1723 2002 1759 2033 δε

374 2041 623 2077 detumescentia
642 2043 749 2076 maris,
770 2040 858 2076 Cum
876 2054 960 2088 aqua
973 2042 1014 2076 ad
1035 2053 1156 2076 certum
1169 2041 1276 2077 locum
1294 2047 1417 2077 ma‘ore
1433 2045 1526 2091 copia
1536 2042 1657 2083 affluit,
1687 2056 1757 2080 tum

372 2090 472 2127 fluxus
485 2093 679 2125 nominatur.
691 2090 821 2125 Deinde
837 2103 910 2124 cum
925 2090 978 2125 ille
994 2093 1133 2138 impetus
1154 2094 1291 2126 remittit
1303 2056 1365 2126 serie
1380 2121 1389 2134 ,
1412 2104 1449 2126 ac
1468 2094 1573 2127 minus
1592 2105 1682 2139 aquae
1700 2094 1757 2127 ad..

372 2140 502 2175 vehitur
514 2169 523 2182 ‚
535 2151 602 2174 turn
612 2138 746 2174 refluxus
764 2141 934 2175 vocitatur.
960 2141 1068 2187 Atque
1087 2140 1152 2174 haec
1169 2139 1411 2175 intumescentia
1428 2169 1438 2183 ‚
1457 2146 1490 2177 ἃ
1505 2140 1757 2176 detumescentia

375 2192 407 2224 in
428 2191 552 2237 patenti
568 2193 602 2225 δι
616 2187 721 2222 libero
735 2191 872 2224 Oceano
888 2187 1021 2236 spectari
1045 2187 1166 2231 debet,
1191 2202 1257 2223 non
1278 2201 1403 2224 tantum
1426 2191 1457 2223 in
1482 2187 1548 2236 ipsis
1573 2189 1755 2226 littoribus:

374 2250 450 2273 narn
468 2240 500 2272 in
510 2249 731 2284 quamcunque
741 2249 864 2285 partem
876 2249 1046 2272 moveatur
1056 2249 1144 2272 mare
1154 2266 1163 2280 ‚
1184 2250 1257 2272 cum
1269 2241 1303 2272 'in
1318 2238 1387 2273 loca
1398 2237 1572 2271 decliviora
1583 2251 1664 2286 aqua
1677 2252 1755 2287 pro-

372 2286 451 2322 fluat
464 2316 474 2329 ,
493 2285 617 2333 semper
631 2287 670 2320 ad
694 2285 804 2321 littora
821 2286 940 2329 fertur,
959 2299 1066 2333 neque
1077 2298 1118 2322 ex
1129 2284 1184 2320 situ
1195 2286 1340 2321 littorum
1357 2288 1415 2332 qui
1429 2288 1532 2320 varius
1548 2287 1609 2331 est,
1627 2292 1661 2324 &
1673 2287 1754 2322 mul.

375 2335 473 2382 tiplex
484 2363 492 2376 ‚
507 2336 650 2382 judicare
667 2333 823 2382 possumus
844 2336 878 2369 in
894 2347 991 2382 quam
1007 2347 1130 2382 partem
1153 2337 1302 2370 Oceanus
1320 2346 1494 2368 moveatur.

411 2383 536 2419 Veri‘un
551 2385 630 2420 illud
641 2385 684 2420 est
700 2397 778 2431 vero
792 2385 976 2432 proximum
989 2386 1022 2419 in
1038 2383 1125 2419 fluxu
1145 2396 1233 2420 mare
1257 2382 1298 2418 ab
1320 2385 1461 2419 Oriente
1483 2386 1515 2418 in
1531 2384 1752 2420 Occidentem
