1878 2724
405 146 772 186 TRACTATUS
829 141 1167 183 SECUNDUS.
1473 166 1492 194 9

137 194 223 256 opp,
232 216 255 250 3,
268 202 350 239 Non
359 200 464 250 potest
475 202 565 236 Deus
580 199 710 246 corpori
723 208 858 233 omnem
876 195 1098 232 extensionem
1107 194 1301 232 detrahere:
1322 208 1391 236 tum
1406 170 1494 239 emin

100 265 213 292 omnes
224 258 330 302 partes
345 251 490 285 materiae
505 251 539 284 in
549 260 648 283 unum
661 249 818 296 punctum
827 245 1032 282 confluerent
1041 276 1052 290 ,
1065 247 1167 294 idque
1181 246 1213 280 in
1227 246 1360 284 instanti
1371 268 1381 295 3
1391 249 1495 300 sicque

103 305 230 340 daretur
242 312 350 337 rrotus
362 299 603 336 instantaneus:
622 297 711 345 quod
731 299 867 332 omnino
885 297 931 332 est
950 293 1159 345 impoffibile.

129 352 224 403 -Resp‚
235 350 388 397 Αιβύην.
403 350 515 385 Partes
526 358 640 382 omnes
654 345 862 383 confluerent
883 348 915 381 in
933 347 1090 395 punctum
1100 374 1111 391 ‚
1129 357 1187 394 per
1206 346 1495 395 reproduffionem

101 399 193 452 ipsius
204 402 366 444 materiae,
384 401 421 436 C.
437 411 493 447 per
506 407 633 432 motum
643 395 783 431 localem
795 425 803 440 ,
825 397 874 433 N.
886 426 889 427 γ

137 450 262 496 Instant
274 479 282 490 ,
295 463 363 486 non
379 450 481 497 magis
493 455 606 496 corpus
616 443 679 482 fine
696 444 883 481 extensione
894 447 1025 495 concipi
1039 444 1163 494 potest,
1185 444 1285 493 quam
1301 448 1499 498 triangulum

101 499 168 537 sine
188 500 289 536 tribus
301 497 445 546 angulis:
457 508 512 532 aut
527 507 615 531 cette
627 493 769 529 extensio
779 507 846 530 non
857 496 964 529 minus
976 496 1021 529 est
1034 497 1176 543 corporis
1190 500 1380 544 proprietas,
1396 498 1497 546 quam

102 552 138 586 in
154 548 317 599 triangulo
330 546 495 594 aequalitas
511 547 606 581 trium
617 543 810 592 angulorum
823 542 949 578 duobus
965 545 1072 579 redtis.

139 600 228 647 Resp.
240 599 271 633 id
283 597 303 634 ὲ
315 595 412 633 nobis
427 607 494 632 tam
507 593 728 642 facilenegari
739 623 750 638 ‚
768 593 868 641 quam
879 591 1038 628 asseritur.
1058 592 1140 628 Illud
1150 593 1286 640 quidem
1297 594 1336 629 ad
1350 607 1500 635 naturam

103 649 249 698 corporis
263 647 407 696 pertinet
420 673 431 689 ,
449 655 485 679 ut
497 645 606 692 exigat
619 641 840 680 extensionem
855 672 864 687 ‚
882 654 939 678 aut
950 641 1084 692 figuram
1101 672 1111 687 ,
1137 653 1192 677 aut
1206 644 1502 692 impenetrabilira-

104 708 192 733 tem:
212 695 266 731 sed
287 693 352 730 hoc
360 705 428 730 non
437 693 486 728 est
495 692 536 728 de
549 691 635 728 illius
647 689 779 729 essentia
791 723 801 738 ‚
815 694 904 741 quod
927 693 1002 728 ειόὶιι
1011 691 1049 728 fit
1059 691 1228 728 extensum
1237 705 1294 728 aut
1306 695 1502 746 impenetra-

104 745 193 782 bile..

139 795 271 844 ‘Urgent
282 823 292 839 ‚
305 792 450 830 extensio
461 805 531 829 non
547 792 593 827 est
603 792 719 828 modus
730 821 740 835 ‚
759 791 979 828 aut-accidens
997 795 1144 841 corporis
1161 810 1169 836 3
1187 794 1231 829 est
1246 797 1334 831 enim
1349 796 1389 831 de
1403 799 1502 832 ratio-

105 855 150 881 ne
161 844 276 887 modi,
297 854 334 878 ut
358 845 488 892 concipi
512 855 580 878 non
593 841 690 891 possit
701 839 766 876 fine
784 852 819 875 re
839 846 924 890 cujus
939 842 983 877 est
999 843 1135 877 modus:
1154 841 1206 878 sed
1227 844 1360 881 vicissim
1375 859 1424 881 res
1439 846 1504 882 fine

105 892 162 928 suo
175 893 278 928 modo
293 894 381 928 reete
393 894 608 942 concipiatur.
620 891 719 939 Atqui
736 889 816 939 lapis
840 903 870 926 v.
882 904 914 940 g.
927 894 1058 941 concipi
1076 895 1192 940 nequit
1214 892 1279 929 sine
1292 895 1483 933 extensione
1492 925 1503 941 ,

105 945 260 990 quamvis
271 941 414 978 extensio
433 941 497 991 ipsa
517 939 581 976 fine
596 940 704 990 lapide
718 942 1052 989 optime'percipiatur
1071 954 1168 991 :ergo
1184 942 1246 978 esse
1262 942 1376 993 lapidis
1387 946 1504 996 estpo-

106 990 171 1028 mis
187 992 305 1028 modus
319 1019 329 1030 ,
344 1002 403 1027 aut
412 991 563 1026 accidens
583 989 813 1041 superveniens
830 989 1008 1027 extensioni
1024 1020 1035 1035 ,
1051 991 1159 1039 ‘quam
1177 991 1324 1030 vicissim.

143 1042 234 1090 Resp.
249 1039 472 1076 extensionem
481 1039 654 1077 universim
668 1069 677 1083 ,
696 1051 750 1075 aut
765 1041 873 1089 potius
890 1039 1098 1077 substantiam
1108 1041 1279 1078 extensam
1294 1046 1382 1080 reste
1398 1048 1506 1080 conci-

104 1090 139 1138 pi
157 1089 221 1125 fine
236 1089 345 1138 lapide
359 1119 370 1134 ‚
386 1102 424 1126 ut
439 1089 539 1138 figura
553 1087 617 1126 sine
631 1088 751 1124 circuio
766 1119 776 1133 ‚
804 1094 951 1138 &genus
978 1103 1077 1126 omne
1097 1089 1163 1127 sine
1187 1090 1293 1140 specie
1310 1096 1505 1143 concipitur.

104 1136 231 1176 Verum
241 1138 315 1174 hinc
325 1139 460 1174 minime
470 1139 612 1187 sequitur
624 1137 846 1174 extensionem
858 1139 959 1187 ipsam
972 1138 1038 1175 esse
1047 1152 1117 1174 rem
1134 1151 1323 1188 corpoream
1335 1172 1345 1186 ,
1357 1143 1407 1177 sed
1421 1144 1505 1179 illius

107 1190 214 1238 potius
232 1199 288 1222 aut
296 1187 489 1223 attributum
500 1217 519 1233 ,γ
533 1200 588 1223 aut
599 1190 856 1238 proprietatem,
889 1201 944 1225 aut
963 1188 1111 1224 accidens
1125 1217 1137 1233 ‚
1159 1200 1218 1224 aut
1230 1191 1383 1229 modum:
1398 1205 1434 1228 ut
1448 1207 1505 1228 co-

108 1238 215 1287 gnitio
229 1250 296 1273 non
313 1238 359 1272 est
370 1236 500 1273 essentia
516 1249 636 1273 animae
647 1267 657 1281 ,
684 1236 736 1272 sed
750 1236 835 1271 illius
852 1238 976 1273 modus.

133 1289 179 1322 Ex
190 1287 226 1321 iis
237 1298 307 1334 quae
316 1287 453 1322 diximus
471 1286 575 1334 liquet
587 1284 755 1322 essentiam
766 1289 909 1336 corporis
918 1289 953 1323 in
967 1285 1086 1334 triplici
1098 1288 1285 1326 extensione
1293 1302 1361 1326 non
1373 1289 1434 1325 esse
1444 1303 1505 1338 po-

106 1334 198 1372 fitam
215 1348 350 1383 ;⁴neque
365 1337 397 1370 id
419 1336 618 1371 authoritate
637 1338 668 1371 S.
686 1336 857 1385 Augustini
872 1365 881 1380 ‚
902 1348 958 1372 aut
970 1335 1106 1371 aliorum
1123 1339 1255 1375 Parrum
1271 1340 1399 1375 ostendi
1418 1339 1505 1388 posse

107 1385 316 1422 crediderim.
342 1386 478 1421 Docent
494 1385 543 1420 illi
556 1387 687 1434 quidem
703 1397 776 1420 eam
793 1383 855 1420 esse
870 1387 1014 1434 corporis
1032 1388 1206 1424 notionem
1224 1419 1233 1433 ‚
1255 1401 1290 1424 ut
1315 1394 1416 1438 major
1433 1403 1505 1438 pars

107 1436 252 1483 corporis
275 1439 434 1481 majorem
451 1435 561 1470 locum
577 1447 715 1484 occupet
727 1464 738 1478 ,
763 1447 802 1469 ac
821 1437 929 1471 minor
951 1447 1022 1484 pars
1047 1438 1166 1471 minori
1194 1437 1268 1473 loco
1287 1438 1478 1487 respondeat
1498 1454 1505 1475 ε

108 1483 207 1519 sedin
221 1495 286 1531 quo
302 1483 402 1532 posita
416 1482 452 1519 sit
468 1496 580 1520 natura
595 1487 739 1533 corporis
753 1513 762 1527 ‚
779 1497 845 1519 non
857 1484 1041 1533 explicant,
1057 1496 1113 1519 aut
1129 1498 1217 1522 certe
1234 1489 1274 1523 de
1293 1488 1388 1523 rebus
1405 1517 1415 1531 ‚
1433 1500 1467 1522 ut
1487 1490 1505 1524 ἐι

110 1531 207 1569 nobis
219 1535 444 1581 concipiuntur
456 1563 466 1577 ,
489 1546 556 1568 non
572 1545 608 1568 ut
627 1533 701 1569 sunt·
711 1535 744 1569 in
756 1532 859 1582 seipsis
872 1562 881 1577 ‚
897 1532 1056 1569 disserunt·
1074 1536 1162 1570 Nam
1177 1550 1282 1573 rerum
1298 1537 1436 1573 esl'entiae
1447 1550 1505 1573 nos

58 1579 62 1582 ⁴
110 1582 264 1631 fugiunt,
282 1595 319 1616 ac
331 1582 440 1621 nescio
457 1595 496 1616 an
507 1582 602 1617 ullius
611 1581 792 1617 substantiae
804 1594 915 1616 natura
928 1582 1096 1630 perspeffit
1108 1582 1144 1618 sit
1158 1600 1166 1621 ε
1184 1599 1258 1621 cum
1274 1587 1338 1621 sola
1353 1588 1507 1621 accidcn-

111 1633 176 1674 tia,
192 1642 248 1664 aut
265 1629 425 1665 attributa
438 1642 584 1665 mentem
598 1631 742 1665 nostram
755 1629 892 1666 subeant
906 1642 998 1665 :rem
1016 1632 1182 1677 quandam
1210 1635 1258 1668 his
1276 1634 1397 1669 subesse
1410 1635 1505 1672 facile

111 1678 326 1728 intelligimus
340 1677 413 1723 ·‚sed
423 1679 550 1727 quidea
560 1677 596 1714 sit
608 1708 617 1722 ‚
635 1680 809 1714 decernere
823 1692 889 1715 non
902 1678 1064 1729 possumus
1079 1695 1090 1723 ·‚
1107 1682 1183 1717 velo
1200 1683 1342 1731 quodam
1357 1685 1507 1719 acciden-

112 1731 192 1763 tium
215 1727 388 1762 obducitur
404 1756 413 1770 ‚
429 1740 490 1763 nec
510 1727 553 1763 sui
573 1731 705 1777 copiam
731 1728 832 1765 facit„

146 1775 293 1821 Verum,
311 1779 460 1824 inquies,
476 1790 545 1812 non
559 1776 645 1812 aliud
667 1777 892 1821 contendunt,
916 1780 972 1825 qui
989 1779 1169 1815 Carrefium
1190 1779 1380 1829 sequuntur,
1407 1782 1506 1829 quam

111 1837 261 1864 naturam
272 1828 416 1874 corporis
434 1856 443 1870 ,
465 1838 503 1861 ut
516 1825 536 1861 ἐι
548 1825 645 1861 nobis
656 1829 838 1875 concipitur
853 1857 861 1871 ,
884 1828 917 1862 in
932 1829 1053 1878 triplici
1068 1829 1267 1865 dimensione
1281 1829 1342 1865 esse
1361 1830 1508 1879 positum,

114 1888 252 1923 eamque
266 1874 361 1910 nobis
383 1876 472 1911 velut
491 1875 617 1911 insitam
632 1875 694 1911 esse
712 1878 857 1925 corporis
874 1879 1047 1914 notionem
1063 1894 1070 1916 ε
1084 1879 1122 1914 de
1138 1891 1253 1914 natura
1268 1879 1350 1916 vero
1365 1885 1507 1930 corporis

114 1937 150 1960 nt
164 1927 197 1960 in
211 1924 309 1972 seipsi
323 1925 369 1960 est
380 1955 389 1969 ‚
400 1926 526 1961 constat
537 1924 618 1959 nihil
629 1936 684 1960 eos
700 1926 873 1961 decernere
885 1955 894 1969 ,
909 1938 946 1961 ac
956 1927 1102 1964 fatentur
1115 1928 1184 1964 fieri
1199 1928 1284 1978 posse
1297 1941 1331 1964 ur
1343 1931 1376 1964 in
1389 1943 1508 1979 corpo-

114 1986 151 2008 re
160 1974 318 2020 quiddam
327 1973 364 2010 sit
378 1974 445 2022 ipsa
456 1973 639 2010 extensione
650 1977 748 2024 prius.
762 1974 888 2012 Verum
904 1989 977 2014 cum
995 1977 1028 2012 id
1038 1979 1198 2026 quidquid
1209 1979 1387 2023 est,mentis
1403 1983 1507 2015 aciem

114 2021 243 2071 fugiat,
259 2035 318 2056 nec
328 2024 368 2057 de
384 2023 479 2058 rebus
496 2036 592 2072 agere
607 2023 760 2073 possimus
775 2055 784 2068 ‚
813 2023 867 2060 nifi
888 2038 925 2060 ur
943 2039 996 2061 eas
1015 2030 1215 2076 concipimus
1235 2046 1244 2072 3
1265 2039 1365 2076 atque
1384 2042 1426 2064 ex
1442 2029 1508 2078 ipsa

120 2069 307 2106 extensione
323 2085 438 2107 omnes
450 2085 532 2121 pene
543 2085 713 2121 corporum
724 2074 915 2111 affeetiones
931 2077 1108 2121 ducantur,
1126 2077 1205 2113 nihil
1227 2078 1364 2127 impedit
1376 2082 1507 2126 quemi„

118 2133 177 2156 nus
188 2118 409 2155 extensionem
423 2133 458 2156 ut
468 2124 610 2170 corporis
627 2136 774 2159 usturam
788 2125 965 2160 statuamus.
992 2128 1144 2175 Cumque
1158 2139 1314 2176 negamus
1345 2126 1414 2162 fieri
1435 2128 1507 2177 pos-

120 2167 151 2204 se
162 2182 197 2203 ut
210 2181 325 2216 corpus
336 2169 370 2203 sir
381 2172 472 2205 omni
484 2169 667 2206 extensione
678 2173 867 2209 destitutum
882 2205 891 2218 ,
910 2175 942 2210 id
961 2178 1007 2211 ita
1020 2178 1068 2211 est
1082 2176 1330 2222 intelligendum
1340 2206 1348 2219 ‚
1365 2178 1428 2211 hoc
1446 2191 1507 2212 no-

116 2217 172 2253 bis
185 2218 422 2267 utimpoffbiie
434 2220 555 2261 videri,
573 2219 592 2254 fi
607 2221 692 2256 ideas
711 2224 834 2257 nostras
854 2236 979 2260 tantum
995 2218 1211 2269 consulamus]
1230 2239 1296 2260 non
1315 2225 1334 2259 si
1356 2228 1438 2259 ratio
1458 2227 1509 2259 di-

122 2270 204 2303 v‘inae
214 2271 463 2317 omnipotentia:
477 2268 655 2305 habeatur:
671 2273 721 2305 cui
735 2271 818 2306 nihil
831 2271 1083 2323 estimposiibile
1096 2304 1104 2319 ,
1127 2274 1182 2310 nisi
1200 2276 1286 2321 quod
1306 2274 1507 2310 manifestam

122 2317 266 2353 involvit
278 2320 584 2354 conrmdiffionem.
602 2319 665 2353 Sed
679 2332 748 2360 Quae
762 2320 816 2354 soli
838 2325 957 2358 rationi
972 2326 1102 2359 videtur
1115 2323 1330 2358 contradidiio
1346 2351 1354 2363 ,
1376 2322 1452 2371 scr-pe
1465 2323 1508 2358 ab

122 2364 188 2414 ipsa
208 2366 270 2401 fide
281 2371 491 2416 expungitur,
504 2380 539 2402 ut
555 2370 587 2402 in
600 2367 752 2403 omnibus
765 2382 848 2417 pene
863 2374 1023 2420 mysteriis
1036 2373 1193 2408 usuvenit.
1214 2373 1302 2406 Hinc
1321 2374 1378 2408 SS.
1399 2376 1509 2408 Pan-cs

123 2418 158 2451 in
178 2428 218 2450 eo
243 2419 382 2453 maxime
400 2417 500 2453 fidem
520 2424 553 2455 δε
571 2417 786 2454 Christianam
804 2418 993 2468 sapientiam
1009 2421 1145 2470 positam
1165 2419 1226 2457 esse
1242 2420 1450 2467 censuerunt,
1474 2435 1510 2458 ur

1268 2473 1300 2508 N
1326 2473 1346 2520 ij
