1878 2724
549 118 711 155 PARS
751 116 1033 155 SECUNDA.
1425 133 1475 158 ι’(

81 172 120 210 lis
133 170 219 208 disco
232 167 395 206 videbitur
407 197 416 213 ,
441 178 476 204 ut
491 166 601 204 clariss.
616 166 761 203 Caffinus
771 167 980 205 Astronomos
994 169 1180 206 admonuit,-

102 253 106 255 r
127 221 184 256 Sol
196 223 360 256 Venerem
370 220 506 266 excipit,
532 229 568 253 ut
582 217 726 252 medium
740 218 824 252 inter
833 216 978 265 planetas
989 216 1097 253 locum
1117 216 1275 254 obtineat.
1305 219 1395 253 Mars
1413 217 1479 253 sole

71 269 249 306 sublimior
264 268 308 303 est
326 285 336 312 ς
351 268 427 303 huic
443 266 710 317 succeditJupiter
726 279 734 301 :
754 267 907 303 Saturnus
925 266 1067 314 denique
1082 268 1168 302 inter
1183 269 1321 302 errantia
1347 266 1456 315 sydera
1468 296 1479 311 ,

81 318 134 356 seu
147 318 292 367 planetas
302 315 486 365 supremum
495 316 603 351 locum
617 326 765 364 occupat.
784 316 1038 352 Firmamentum
1054 317 1185 352 Saturni
1200 314 1318 351 orbem
1333 318 1475 364 excipit:

69 379 222 415 -cumque
235 366 332 402 stellae
348 365 417 402 fixae
429 367 559 415 proprio
569 394 579 409 ‚
599 364 677 399 licet
690 362 862 399 tardiffimo
873 376 967 399 motu
978 364 1144 408 ferantur;
1164 375 1260 412 atque
1290 366 1344 401 uni
1362 377 1479 413 corpo-

83 420 110 452 ri
128 415 263 465 {implici
282 429 361 452 unus
379 427 486 451 motus
503 415 696 457 conveniat,
713 411 836 448 necesse
851 413 912 456 est,
930 412 952 448 fi
968 414 1069 463 vulgo
1085 413 1357 461 Philosophorum
1372 415 1480 449 credi-

29 499 31 503 ,
84 479 174 510 mus,
194 477 230 500 ut
238 466 379 514 primurn
396 463 520 500 mobile
536 463 624 511 quod
639 460 744 497 secum
759 474 873 497 omnes
891 460 1022 510 sphaeras
1039 463 1188 499 coelestes
1206 462 1307 512 spatio
1321 477 1364 507 24
1382 462 1480 499 hora-

29 534 31 537 ·
83 528 154 551 rum
166 514 287 562 abripit
298 543 308 556 ,
330 512 422 563 supra
439 512 682 549 firmamentum
694 511 877 546 statuamus,
889 512 999 559 Atque
1013 512 1076 548 hoc
1090 513 1133 548 est
1152 511 1287 562 systema
1299 512 1481 548 Ptolemai-

73 577 160 600 ,-„cum
174 593 184 608 ,
197 563 284 612 quod
303 575 454 612 magnam
463 575 527 612 prae
545 559 576 596 se
593 559 659 595 fert
673 557 930 609 simplicitatem,
945 560 1187 599 &facilitatem
1199 589 1212 605 ,
1227 560 1248 596 fi
1262 561 1482 611 phaenomenis

84 612 156 662 ipsis
175 614 382 649 conveniret.

114 660 268 699 Nicolaus
281 660 482 709 Copernicus
496 671 569 694 cum
578 658 856 696 animadverteret
869 658 1082 708 phaenomena
1103 672 1178 696 cum
1198 661 1366 698 Ptolemaei
1384 659 1482 709 syste-

76 722 172 746 ·mate
197 721 265 746 non
285 711 482 752 convenire,
504 708 591 744 aliud
615 719 820 745 commentus
841 709 884 743 est
894 737 909 752 ‚⁷
933 709 1022 756 quod
1045 722 1161 747 omnes
1191 723 1276 761 pene
1295 711 1481 747 Astronomi

76 760 174 808 rhujus
189 761 290 794 aetatis
305 757 497 806 sequuntur:
513 770 549 792 ac
560 756 625 792 sole
640 760 675 793 in
688 769 835 793 centrum
848 758 1116 807 mundirelegato
1134 787 1143 802 ,
1162 771 1281 796 tertam
1304 763 1387 797 inter
1401 758 1483 794 side-

75 820 120 842 ·ra
134 807 344 844 consecravit.
362 809 478 854 ltaque
488 809 643 843 Mercurii
660 806 750 843 orbis
764 806 864 842 solem
876 810 1023 855 proxime
1033 807 1138 843 ambit
1153 823 1161 844 ι
1177 809 1253 845 hinc
1267 809 1305 845 fit
1318 820 1352 844 ut
1364 821 1479 858 parum

84 855 130 891 ab
148 869 188 892 eo
207 856 358 891 recedere
379 857 537 896 videatur.
556 858 669 904 Spatio
683 868 768 904 pene
781 857 932 891 trimestri
944 859 1028 891 circa
1040 856 1141 892 solem
1158 861 1296 893 vertitur
1309 877 1317 903 3
1332 870 1401 893 tum
1418 861 1486 893 Ve-

78 917 146 942 vnus
163 905 235 941 fer'e
247 907 417 942 intraoao
425 904 573 948 menses,
591 905 711 941 deinde
719 917 854 954 magnus
866 905 954 940 orbis
968 917 1066 954 quem
1084 917 1167 942 terra
1182 919 1275 943 motu
1285 920 1393 943 annuo
1408 918 1484 955 per-

85 966 177 1004 agrat
187 972 197 1000 3
206 953 289 990 'luna
297 954 510 990 circa-telluris
526 952 664 1003 globum
673 965 828 1002 tanquam
837 956 871 990 in
881 955 1036 1003 Epicyclo
1048 983 1058 998 ,
1070 954 1124 991 stu
1136 959 1170 992 in
1184 968 1287 1006 parvo
1304 955 1424 991 circulo
1439 958 1486 991 in-

78 1015 135 1038 tra
148 1002 290 1039 mensem
310 1005 544 1053 circumagitur.
553 1005 643 1039 Mars
654 1032 664 1047 ‚
685 1006 810 1053 Jupiter
820 1032 831 1048 ‚
859 1009 893 1040 ὃς
910 1006 1067 1040 Saturnus
1079 1017 1120 1040 eo
1133 1018 1200 1053 quo
1214 1005 1354 1042 diximus
1366 1005 1481 1040 ordine

87 1052 269 1100 sequuntur.
302 1054 390 1088 Mars
401 1052 471 1087 fere
482 1054 566 1087 intra
576 1051 745 1087 biennium
759 1054 902 1100 ,Jupiter
925 1055 1011 1088 intra
1034 1066 1134 1089 annos
1154 1068 1209 1097 12,
1232 1056 1385 1091 Saturnus
1402 1056 1486 1089 intra

89 1115 126 1147 30
141 1113 242 1136 annos
258 1101 410 1148 periodos
428 1099 493 1135 suas
506 1099 679 1135 absolvunt
696 1114 704 1136 z
727 1101 822 1135 stellae
843 1100 924 1136 vero
940 1114 1074 1137 manent
1091 1102 1161 1137 fixae
1176 1109 1211 1140 δε
1223 1102 1423 1139 immobiles⁴

101 1177 106 1180 .
126 1150 342 1184 Recentiores
363 1150 547 1186 Astronomi
565 1148 665 1185 multa
681 1149 756 1184 huic
769 1148 927 1199 systemati
946 1150 1148 1197 adjecerunt:
1173 1160 1203 1186 10
1217 1153 1305 1190 enim
1326 1153 1363 1186 iis
1379 1151 1485 1200 placet

88 1197 225 1248 singulos
234 1197 380 1246 planetas
391 1200 474 1233 circa
483 1196 572 1234 suum
586 1209 732 1240 centrum
745 1210 873 1247 gyrare.
887 1198 944 1234 Sol
963 1199 1031 1234 fere
1044 1200 1128 1238 intra
1141 1212 1183 1242 27
1195 1200 1289 1244 „dies3
1300 1212 1383 1236 terra
1398 1202 1484 1235 intra

89 1261 136 1293 ²4
155 1247 250 1282 horas
260 1249 403 1295 ‚Jupiter
418 1247 533 1282 decem
548 1246 616 1282 fere
637 1247 789 1282 horarum
807 1246 911 1295 spatio
927 1249 1010 1281 circa
1025 1246 1056 1281 fe
1077 1247 1241 1292 volvitur,
1255 1261 1291 1284 ut
1309 1249 1423 1297 postea
1435 1249 1487 1289 di-

89 1298 293 1332 cemus.1mo
303 1298 474 1343 unicuique
489 1295 627 1344 planeta?
638 1297 776 1343 principi
791 1295 857 1330 suus
871 1296 915 1330 est
935 1293 1080 1345 proprius
1101 1308 1237 1341 vortex,
1266 1300 1322 1344 qui
1349 1299 1435 1332 circa
1455 1297 1486 1331 se

90 1356 273 1392 torquetur.
295 1347 347 1380 Sic
364 1345 440 1380 luna
456 1356 548 1380 terrae
561 1347 720 1380 vorticem
730 1344 884 1392 sequitur.
897 1346 993 1393 jovis
1015 1356 1155 1392 quatuor
1167 1346 1241 1385 sunt
1262 1347 1378 1384 itidem
1396 1345 1489 1381 velut

91 1393 210 1429 lunula:
223 1423 233 1437 ,
253 1405 410 1441 tanquam
425 1391 578 1428 satellites
593 1423 603 1436 ‚
629 1405 692 1427 tres
707 1394 875 1428 Saturnum
891 1395 1097 1429 comitantur.

126 1443 245 1490 .Qiare
260 1445 343 1478 inter
357 1443 554 1478 recentiores
562 1440 732 1477 xCartesius
745 1443 800 1489 qui
814 1441 993 1489 Copernici
1010 1440 1147 1488 systema
1161 1443 1299 1481 multum
1313 1441 1490 1485 illustravit,

92 1494 127 1527 in
137 1491 348 1527 variosvelut
360 1492 500 1526 vortices
512 1503 585 1535 ‚aut
600 1489 744 1526 turbines
767 1501 874 1525 toturn
886 1490 948 1525 hoc
963 1489 1146 1527 universum
1164 1491 1329 1527 distribuit
1348 1503 1357 1526 :
1380 1494 1425 1527 ita
1452 1504 1487 1526 ut

94 1552 146 1576 tot
156 1539 214 1576 (int
226 1542 485 1589 magni-vortices
500 1552 581 1587 quot
590 1539 687 1575 stellae
703 1568 712 1582 ,
731 1544 762 1576 &
781 1539 825 1574 sol
837 1551 900 1574 una
918 1538 954 1573 sit
967 1551 1005 1573 ex
1024 1539 1132 1577 stellis.
1154 1542 1220 1575 Hic
1239 1542 1323 1576 adeo
1341 1553 1489 1576 centrum

94 1589 141 1624 sui
157 1591 284 1624 vorticis
297 1600 443 1635 occupat·
458 1589 569 1622 Solem
582 1586 681 1622 efficit
691 1590 822 1622 materia
834 1589 931 1635 primi
949 1586 1105 1623 elementi
1117 1588 1294 1625 tenuiffima
1317 1617 1327 1632 ,
1354 1601 1426 1636 quae
1441 1589 1490 1622 est

95 1639 216 1684 quietis
229 1639 401 1684 impatiens
416 1651 424 1672 :
445 1636 519 1671 hinc
537 1635 582 1671 sol
593 1635 765 1684 raptiffime
781 1638 865 1670 circa
883 1635 912 1670 se
928 1638 1062 1671 vertitur
1079 1654 1088 1681 ;
1108 1648 1208 1685 atque
1221 1637 1342 1672 eodem
1362 1636 1488 1685 prorsus

96 1698 191 1721 motu
202 1685 323 1721 coelum
336 1685 548 1734 planetarium
558 1714 567 1728 ,
581 1691 613 1722 δε
623 1684 770 1733 planetas
781 1684 864 1732 ipsos
875 1686 1063 1734 circumagit
1072 1715 1082 1728 ,
1095 1698 1135 1721 eo
1147 1689 1259 1735 majori
1273 1688 1409 1734 impetu,
1420 1698 1488 1733 quo

97 1734 198 1770 solem
207 1733 345 1770 vicinius
360 1745 486 1783 petunt.
502 1733 567 1769 Alii
576 1745 684 1769 autem
696 1736 832 1768 vortices
843 1735 978 1769 minoris
991 1746 1075 1769 notae
1085 1738 1168 1770 circa
1178 1747 1294 1772 terram
1305 1765 1314 1779 ,
1331 1737 1492 1776 Martem,

88 1785 419 1833 jovem‚,Saturnum
434 1811 445 1824 ,
461 1788 495 1820 &
515 1782 595 1817 alios
610 1782 694 1819 forte
703 1782 849 1830 planetas
860 1794 1073 1831 torquentur:
1089 1785 1173 1819 adeo
1184 1796 1220 1819 ut
1231 1795 1316 1819 terra
1335 1787 1388 1831 365
1410 1785 1492 1824 vici-

98 1834 158 1868 bus
169 1835 254 1868 circa
270 1830 299 1868 se
310 1832 484 1876 volvatur,
501 1832 578 1866 dum
595 1831 691 1867 semel
704 1834 790 1866 circa
805 1831 905 1868 solem
921 1836 1085 1869 communi
1103 1836 1264 1882 vertigine
1280 1834 1491 1868 circumduci-

98 1894 158 1917 tur.
173 1881 440 1932 Satellitesjovis
456 1880 649 1930 peculiarem
662 1883 826 1931 cumjove
843 1880 911 1930 ipso
921 1882 1080 1917 vorticem
1089 1882 1289 1918 constituunt
1301 1911 1311 1926 ‚
1333 1883 1371 1917 ut
1381 1883 1493 1917 Satur-

98 1932 135 1965 ni
147 1929 296 1966 satellites
314 1944 390 1966 cum
398 1933 544 1966 Saturno.
557 1932 609 1964 Sic
625 1929 695 1966 luna
707 1943 790 1966 circa
805 1942 924 1966 terram
936 1929 1110 1967 duodecies
1119 1961 1129 1976 ,
1141 1937 1175 1970 &
1183 1931 1322 1982 amplius
1335 1930 1491 1975 volvitur,

93 1991 177 2013 cum
195 1978 316 2013 telluris
326 1979 444 2027 globus.
453 1978 551 2014 semel
566 1981 650 2013 circa
660 1978 759 2015 solem
772 1991 876 2029 gyrat.

140 2030 178 2062 Et
196 2028 329 2074 quidem
346 2027 424 2062 illud
441 2041 556 2077 magna
571 2027 805 2076 probabilitate
824 2030 942 2065 dicitur
953 2040 1058 2066 totum
1077 2030 1140 2066 hoc
1154 2028 1337 2068 universum
1356 2031 1390 2065 in
1403 2030 1492 2064 varia

103 2074 203 2111 tribui
218 2075 383 2124 systemata
397 2104 406 2118 ‚
429 2076 482 2111 seu
495 2080 527 2112 in
537 2089 639 2111 certas
649 2079 831 2126 ingentium
844 2091 1018 2128 corporum
1034 2092 1208 2128 compages
1220 2107 1229 2122 ,
1240 2091 1310 2127 quae
1318 2080 1402 2113 circa
1415 2090 1493 2113 cen-

103 2136 191 2159 trum
204 2125 338 2173 aliquod
346 2124 469 2160 visibile
480 2125 548 2161 suos
559 2125 688 2161 habent
704 2133 736 2164 δε
751 2128 902 2164 definitos
915 2140 1036 2165 motus,
1055 2131 1146 2164 Luna
1164 2127 1272 2163 telluri
1285 2129 1430 2176 proxima
1448 2125 1490 2159 ad

97 2185 195 2208 terrae
207 2173 297 2222 ipsius
310 2174 440 2223 systema
450 2176 613 2221 pertinet,
626 2180 659 2211 ὃς
676 2177 758 2210 circa
772 2189 844 2212 eam
861 2181 994 2227 proprio
1012 2189 1107 2213 motu
1131 2180 1278 2213 vertitur.
1309 2175 1414 2210 Simili
1437 2186 1490 2207 ra-

101 2225 195 2258 tione
213 2225 367 2258 Saturnus
380 2224 545 2270 ,Jupitet,
558 2225 646 2257 Mars
660 2251 669 2266 ,
692 2227 802 2260 Venus
816 2229 1039 2264 &Mercurius
1056 2226 1125 2262 suos
1143 2229 1265 2273 quique
1281 2235 1388 2258 motus
1407 2225 1490 2256 circa

105 2271 206 2306 solem
222 2283 388 2321 peragunt.
407 2273 540 2320 anovis
551 2270 716 2320 systemate
730 2285 864 2319 quatuor
875 2274 941 2310 sunt
959 2278 1101 2311 minores
1116 2274 1252 2321 planetae
1270 2300 1279 2314 ‚
1296 2283 1359 2305 tres
1379 2274 1412 2305 in
1434 2273 1491 2304 Sa-

104 2323 191 2355 turni
202 2321 382 2368 systemate.
399 2322 505 2367 Atque
516 2322 550 2355 in
566 2332 766 2367 unoquoque
777 2322 807 2355 id
820 2324 998 2358 constanter
1009 2324 1165 2357 cernimus
1175 2350 1184 2365 ,
1202 2321 1346 2368 planetas
1360 2322 1492 2367 propio-

100 2380 156 2405 res
170 2380 281 2406 centro
295 2398 304 2410 ,
325 2369 454 2405 eosdem
469 2381 601 2417 quoque
620 2368 754 2404 celerius
770 2369 857 2406 ferri.
880 2371 969 2407 Cum
986 2382 1094 2406 autem
1108 2370 1140 2405 id
1159 2367 1339 2406 concessum
1354 2368 1375 2405 ὸ.
1394 2367 1491 2404 uobis
