1878 2724
505 136 573 172 DE
598 135 772 174 MOTU
812 135 1083 173 SIDERUM.
1455 156 1476 177 ο

93 189 207 231 deret,
222 184 284 223 ’sub
301 184 449 235 ecliptica
465 187 601 221 omnino
615 183 833 222 absolveretur
854 201 862 223 ε
887 197 959 221 curn
979 198 1090 222 autem
1120 184 1201 222 lunae
1218 197 1335 222 vortex
1364 186 1399 222 sit
1418 153 1493 224 s03lis⁵

93 238 209 274 vortici
220 236 356 272 vicinior
368 265 377 279 ,
390 235 464 270 huic
474 237 582 284 potius
599 233 630 271 se
647 247 738 286 aptat
755 249 762 271 :
782 236 867 273 unde
881 235 964 272 lunae
978 234 1086 271 orbita
1103 251 1118 284 5
1135 247 1258 272 tantum
1272 235 1426 286 gradibus
1444 238 1484 275 ab

91 287 236 335 ecliptica
264 284 419 322 deflectit.

134 345 177 382 γ’.
195 337 239 371 Ex
255 333 355 384 figura
368 334 511 384 elliptica
522 335 651 369 vorticis
669 336 703 369 in
715 347 782 383 quo
797 333 871 370 luna
883 337 1020 370 circnma
1044 329 1128 379 itur,⁹
1142 331 1264 370 causam
1280 333 1353 370 satis
1366 330 1485 385 p'roba·

89 383 190 422 bilem
203 385 290 420 aestus
301 386 459 432 reciproci
472 386 601 420 Oceani
614 383 770 426 affer-refe
781 395 894 433 putant
902 348 1164 432 ‚Cattefig'rnizquae
1174 384 1358 433 hypothesis
1371 388 1484 422 tracta-

90 448 124 472 tu
145 436 295 483 proximo
311 432 405 469 fusius
421 444 612 483 exponetur.
628 437 667 470 Et
684 445 771 469 certe
787 445 824 468 ut
838 433 901 468 alia
915 436 1067 469 omittam
1078 447 1148 482 quae
1160 446 1270 469 contra
1280 434 1363 470 hanc
1376 436 1485 486 hypo-

90 483 201 521 thefim
217 483 324 520 afferri
336 481 464 532 poffunt
475 512 485 527 ‚
501 495 575 518 cum
592 495 675 518 terra
689 483 732 518 est
769 485 905 531 erigaea,
923 488 956 520 δε
968 482 1102 520 celerius
1118 495 1245 519 motum
1257 483 1408 521 diurnum
1425 488 1484 521 ab-

85 533 181 570 solvit
194 563 203 577 ‚
225 545 294 568 tuni
306 533 415 569 lunam
434 544 564 580 quoque
577 530 712 567 celerius
737 496 814 568 serti
832 544 1002 581 oporteret
1027 547 1035 569 :
1052 545 1126 569 curn
1146 533 1230 568 illius
1253 544 1361 568 motus
1380 534 1399 570 a
1413 549 1483 571 mo-

87 596 123 620 ω
133 594 222 619 terrae
234 583 392 631 pendeat:
411 588 445 620 &
459 592 568 617 tamen
586 583 630 618 D.
643 581 806 617 Romerex
826 584 922 617 variis
939 581 1108 630 eclipsibus
1127 595 1205 630 quas
1221 581 1345 619 doniis.
1366 586 1482 620 Heve.

85 634 146 670 lius
163 631 366 675 observavit,
381 632 516 666 omnino
533 629 663 666 conficit
674 659 684 674 ,
703 642 772 667 tum
791 643 919 667 motum
944 630 1026 667 luna:
1043 631 1135 668 fuiffe
1151 632 1337 668 tardiorem.

110 679 237 719 Verum
254 679 303 715 his
312 679 431 716 orniffis
442 691 514 726 quae
527 678 626 715 dubia
644 678 734 725 sunt,
748 691 805 715 aut
816 679 894 716 falsa
907 711 919 726 ‚
937 694 1023 717 nunc
1039 693 1076 715 ea
1086 694 1159 729 quae
1171 683 1253 716 circa
1264 692 1390 717 motum
1401 681 1483 719 Iunae

83 731 105 769 ὲ
121 735 163 768 D,
173 727 308 766 Caffino
316 728 388 765 sunt
395 727 565 764 observata
574 757 585 773 ‚
612 742 746 777 quaeque
755 733 888 778 majoris
899 729 970 766 usus
986 731 1046 767 effe
1059 730 1186 779 possunt
1197 760 1207 776 ‚
1225 733 1332 779 paucis
1345 734 1483 781 attinga-

83 791 175 817 mus:
200 791 238 814 ea
253 781 374 829 quippe
396 777 528 814 uberius
550 778 715 828 explicata
734 779 912 828 aliquando
939 782 1017 818 Deo
1043 792 1208 817 annuente
1227 780 1305 816 edet
1323 782 1357 817 in
1373 780 1481 831 publi-

84 843 169 867 cum.

113 888 154 917 ιο.
171 881 259 915 Luna
271 907 281 923 ,
293 889 328 914 ut
345 878 482 916 diximus
493 876 618 928 ,spatio
627 893 662 924 27
679 878 822 921 dierum,
840 883 875 916 &
889 880 968 915 oc'to
976 879 1130 915 horarum
1143 878 1286 915 orbitarn
1302 878 1388 915 suam
1400 891 1480 917 con-

81 927 151 966 ficit
161 957 172 973 ,
188 941 262 976 quae
272 928 455 976 eclipticam
471 927 641 964 intersecat
654 957 664 973 ,
687 932 721 965 ὅ(
731 940 803 963 cum
816 940 853 962 ea
867 927 971 964 efficit
987 928 1141 977 angulum
1157 943 1171 976 5
1186 929 1356 977 graduum.
1378 930 1428 976 Ut
1446 933 1480 967 in

80 977 182 1028 figura
196 977 342 1028 superiori
357 991 387 1025 p.
398 993 453 1024 297
466 976 502 1013 [ir
512 980 542 1013 G
556 979 623 1015 BH
633 976 783 1027 ecliptica
797 995 807 1023 3
819 977 902 1015 hanc
913 978 997 1017 lunxe
1012 976 1120 1015 orbita
1133 980 1163 1016 A
1179 979 1205 1013 B
1215 979 1264 1025 C,
1277 977 1420 1025 secabit,
1443 985 1479 1017 δε

77 1026 232 1077 angulum
243 1030 276 1063 in
289 1029 314 1063 B
328 1025 467 1076 efficiet5
481 1028 651 1077 graduum.
1342 1059 1345 1061 Α

86 1097 92 1101 -
114 1089 161 1114 2⁰.
176 1079 220 1113 Ea
237 1089 334 1125 porro
347 1077 615 1113 interfectionum
626 1077 748 1128 pyneta
759 1106 769 1122 ,
786 1075 840 1112 seu
851 1088 888 1113 ut
903 1088 1026 1114 vocant
1040 1106 1050 1121 ‚
1064 1078 1166 1122 nodi,
1184 1088 1222 1115 ut
1240 1078 1265 1112 B
1277 1106 1286 1121 ,
1304 1078 1479 1114 continenq

78 1136 129 1162 tet
138 1128 302 1162 variantur
314 1154 324 1170 ,
336 1130 370 1162 &
379 1124 505 1177 fingulis
519 1125 635 1161 diebus
647 1128 709 1162 tria
721 1128 847 1162 minuta
858 1126 964 1161 versus
980 1127 1127 1162 occasum
1138 1127 1309 1162 decurrunt
1321 1140 1330 1162 ε
1347 1128 1430 1162 adeo
1441 1138 1478 1165 ut

77 1174 180 1223 spatio
207 1178 250 1211 18
273 1187 430 1210 annorum
446 1204 456 1218 ,
477 1190 498 1220 7
526 1174 681 1211 menfium
700 1188 774 1212 curn
787 1172 907 1210 semiffe
927 1174 1014 1211 suam
1033 1175 1276 1211 revolutionem
1292 1174 1479 1214 absolvant.

71 1223 282 1273 ·Qare⁷luna
299 1226 417 1261 exaeto
432 1223 537 1259 mense
557 1237 624 1259 non
633 1225 674 1260 ad
685 1225 772 1260 idem
786 1224 945 1273 eclipticae
956 1226 1114 1273 pun&um
1125 1227 1318 1270 revertitur3
1334 1223 1389 1261 sed
1409 1238 1477 1262 uno

75 1273 175 1322 gradu
190 1278 224 1310 &
233 1287 271 1310 zo
281 1275 413 1309 minutis
425 1272 466 1308 ab
478 1284 519 1307 eo
531 1273 637 1309 distat.

84 1350 87 1353 .
117 1330 167 1363 ξε.
179 1324 270 1358 Dum
291 1322 366 1358 luna
382 1324 551 1371 proprium
569 1334 698 1359 motum
720 1321 854 1361 conficit
867 1350 878 1367 ,
906 1320 994 1357 suam
1010 1319 1031 1356 a
1055 1332 1140 1357 terra
1154 1323 1338 1358 distantiam
1355 1321 1475 1372 triplici

76 1371 178 1407 modo
194 1382 320 1408 mutare
333 1371 536 1408 observatur.
559 1380 597 1407 1⁰
613 1374 703 1409 enim
716 1372 803 1409 illius
828 1384 891 1420 apo
916 1384 1001 1407 aeurn
1019 1370 1049 1405 C
1071 1374 1104 1408 in
1123 1371 1224 1421 figura
1235 1384 1305 1420 cap.
1324 1383 1354 1408 10
1379 1371 1474 1420 hujus
1494 1387 1497 1389 ’

77 1420 192 1458 differt.
203 1419 363 1456 delineata
374 1419 505 1470 singulis
518 1420 632 1456 diebus
654 1429 673 1457 6
692 1424 771 1457 min.
789 1426 823 1459 &
837 1435 873 1468 41
888 1385 1062 1457 {eversus
1076 1433 1182 1457 ortum
1191 1422 1329 1457 decurrit
1345 1437 1353 1463 3
1374 1431 1474 1468 atque

75 1469 160 1504 illius
179 1472 402 1505 excentricitas
417 1474 427 1504 1
442 1472 463 1505 S
480 1483 524 1518 42
542 1481 648 1519 partes
665 1469 896 1520 compleffltur
905 1480 944 1504 ex
960 1469 1049 1506 mille
1060 1498 1070 1514 ,
1090 1473 1124 1507 in
1138 1483 1216 1520 quas
1235 1469 1473 1506 semidiameter

67 1517 168 1555 -orbis
183 1519 300 1554 lunaris
317 1519 416 1554 divisa
433 1521 623 1568 concipitur.

105 1570 187 1604 Haec
206 1570 430 1604 excentricitas
441 1569 488 1604 est
503 1571 638 1604 minima
648 1597 660 1611 ,
676 1568 851 1618 &fimplex
861 1598 871 1612 ‚
884 1580 958 1604 cum
975 1566 1021 1602 sol
1033 1568 1200 1616 aequaliter
1214 1569 1312 1604 distat
1329 1568 1370 1604 ab
1391 1582 1471 1619 apo-4

68 1629 167 1665 gazo,
178 1623 211 1654 &
225 1619 366 1665 perigaeo
384 1618 480 1654 lunae:
491 1617 544 1652 sed
554 1616 608 1652 ubi
623 1616 668 1652 sol
681 1618 720 1652 ad
736 1631 902 1667 apogaeum
918 1617 998 1651 lunae
1020 1616 1071 1660 C,
1089 1628 1144 1652 aut
1168 1621 1341 1666 perigaeum
1354 1622 1378 1653 E
1396 1631 1474 1667 pro-

75 1667 143 1713 pius
157 1665 282 1700 accedit
297 1693 307 1709 ,
325 1678 394 1702 tum
405 1678 540 1716 augetur
555 1665 612 1701 illa
625 1669 860 1704 excentricitas.
870 1667 1023 1713 Cumque
1037 1665 1082 1700 sol
1096 1667 1139 1701 est
1153 1668 1187 1702 in
1198 1679 1335 1717 apogaeo
1345 1667 1397 1702 vel
1411 1679 1472 1717 pe-

75 1716 172 1762 rigaeo
183 1714 263 1750 lunae
280 1743 290 1758 ‚
305 1715 436 1764 simplex
451 1717 672 1750 excentricitas
687 1717 819 1751 dimidia
834 1715 878 1751 sui
890 1727 980 1764 parte
997 1727 1138 1764 augetur.

110 1765 266 1799 Praeterea
286 1763 360 1799 luna
373 1765 393 1801 ἐι
410 1766 658 1814 conjunffione‚
677 1776 731 1799 aut
747 1764 952 1814 oppositione
967 1763 1017 1799 sua
1035 1778 1110 1799 cum
1131 1764 1195 1800 sole
1219 1764 1318 1814 nsque
1331 1765 1372 1800 ad
1390 1778 1473 1814 qua,-

75 1811 219 1848 draturas
229 1811 355 1861 longius
364 1813 385 1850 ἐι
395 1825 480 1849 terra
492 1814 632 1850 recedit:
645 1812 695 1848 sed
711 1813 731 1850 ἐι
741 1815 943 1862 quadraturis
960 1813 998 1847 ad
1012 1814 1178 1850 novilunia
1190 1843 1200 1858 ‚
1225 1826 1280 1850 aut
1295 1814 1473 1864 plenilunia.

74 1861 160 1897 illins
175 1862 323 1898 distantia
338 1862 359 1899 ὲ.
378 1875 469 1899 terra
483 1864 658 1899 minuitur.
689 1864 798 1911 Atque
826 1864 875 1899 hae
896 1865 1154 1898 excentricitates
1172 1863 1277 1912 magn'
1292 1878 1324 1901 m
1348 1866 1383 1899 in
1399 1879 1473 1901 mo-

74 1921 110 1945 tu
131 1909 235 1947 lunari
265 1911 517 1960 inaequalitatem
544 1910 707 1952 efficiunt,
745 1915 829 1961 ⁴Q0
848 1924 958 1948 autern
990 1912 1090 1948 modo
1118 1912 1153 1948 hi
1187 1872 1294 1950 motu&
1315 1913 1470 1962 explicari

74 1970 197 2006 queant
212 1988 222 2005 ‚
243 1973 310 1996 non
331 1959 491 2010 possumus
512 1961 576 1997 hoc
596 1960 671 1998 loco
699 1961 793 1999 fufius
811 1963 949 2011 exequi,
974 1974 1135 2011 perpauca
1154 1962 1313 1999 duntaxat
1327 1965 1471 2013 attinge.

74 2019 158 2044 mus.
298 2015 312 2021 ‘⁴
344 2029 348 2032 -
412 2031 415 2034 -
594 2018 597 2019 ⁷
626 2033 640 2035 „
1309 2043 1313 2045 ,
1327 2039 1333 2044 .

135 2056 278 2094 amillud
288 2059 452 2098 innuimus
466 2059 575 2095 lunam
589 2072 656 2096 nen
671 2062 813 2098 eandem
826 2074 900 2103 cum
917 2060 983 2097 sole
997 2061 1237 2099 viaminsistere
1257 2076 1272 2101 a
1290 2075 1365 2099 curn
1384 2061 1468 2104 illius

72 2118 112 2142 ot
138 2108 184 2142 ita
195 2106 391 2156 'eclipticam
406 2110 440 2144 in
450 2108 576 2144 duobus
593 2108 670 2145 locis
682 2109 852 2147 intersecet
866 2127 873 2148 :
890 2111 1337 2160 quemadmodumeclip'tica
1360 2124 1469 2159 aequaf

71 2166 182 2192 torem
194 2157 227 2191 in
246 2158 372 2204 punctis
385 2157 661 2206 aequinoctialibus
677 2160 811 2197 dirimit.
831 2160 1098 2196 Interseffionum
1118 2161 1221 2197 altera
1240 2161 1343 2196 nodus
1359 2159 1469 2195 ascen.

74 2205 153 2240 dens
165 2204 374 2242 &Ptolemaeo
389 2235 398 2248 ‚
418 2219 521 2255 caput
537 2210 694 2244 Draconis
710 2209 730 2246 ὲ,
741 2209 975 2245 recentioribus
988 2212 1170 2248 vocitatur:
1188 2221 1323 2255 tumque
1344 2208 1418 2243 luna
1434 2211 1469 2246 in

70 2255 254 2291 ira-Boream
267 2254 426 2299 defle&i13
436 2256 687 2293 declinationem
699 2261 873 2295 maximam
884 2258 926 2295 ab
938 2259 1085 2307 ecliptica
1096 2273 1166 2307 quae
1176 2258 1223 2293 est
1237 2259 1383 2304 quinque
1394 2269 1467 2306 gra·-

75 2303 174 2339 dtmm
187 2333 198 2347 ‚
216 2317 365 2341 ventrem
376 2308 538 2344 Draconis
552 2334 562 2350 ,
575 2317 610 2341 ut
618 2305 753 2342 alterum
768 2308 888 2344 nodum
896 2309 1029 2343 caudam
1043 2310 1200 2344 Draconis
1214 2307 1397 2353 nominant.
1418 2308 1466 2343 Hi

74 2352 233 2399 quidems,
259 2366 294 2390 ut
307 2355 431 2390 dictum
446 2356 491 2390 est
503 2385 513 2400 ‚
529 2355 607 2391 nodi
624 2369 689 2391 non
707 2355 776 2392 sunt
787 2357 993 2401 immobiles,
1008 2356 1062 2402 secl
1082 2356 1183 2403 spatio
1202 2358 1430 2399 18⁷ann0rum,
1448 2371 1467 2400 7

75 2400 311 2441 menfinm‘cum
320 2404 439 2442 semiffe
451 2403 536 2446 suam
548 2406 715 2457 periodum
724 2405 767 2442 ab
778 2419 850 2442 ortu
862 2409 894 2443 in
907 2405 1054 2443 occasum
1067 2404 1252 2443 absolvunt.
1263 2406 1351 2442 Nam
1365 2404 1385 2440 fi
1398 2417 1467 2441 mu-
