1878 2724
427 157 500 192 niz
539 152 1060 192 moro-sxDER'UM.
1307 190 1312 194 ,
1378 167 1435 202 307

436 223 462 244 ⁵
521 239 802 293 'CAPUT
859 254 902 287 v

278 346 333 385 De
342 350 417 386 luna
427 348 613 389 maculis‚&
625 350 713 385 illius
729 359 812 384 motu
826 352 910 385 circa
924 353 1087 400 proprium
1105 361 1211 386 axem.

4 447 5 450 ’
60 488 64 492 ,
128 445 161 483 Χ
177 439 214 482 iis
223 459 292 495 quae
307 448 348 483 de
371 459 511 496 corpore(
523 446 622 483 lunari
636 448 769 483 diximus
781 476 791 491 ,
809 457 970 493 utcunque
984 448 1147 491 conjicere
1157 446 1312 496 possumus
1323 449 1438 497 quaesi:

61 447 211 541 Eillius
221 508 339 531 natura.
357 507 383 533 10
395 499 481 532 enim
494 497 614 535 constat
628 496 736 532 lunam
752 509 817 532 non
830 493 888 530 effe
899 508 1010 543 corpus
1029 495 1109 530 laeve
1122 525 1131 540 ,
1153 502 1186 532 δε
1200 496 1337 544 politum
1348 499 1438 533 instar

62 544 183 594 speculi
201 547 273 580 :vix
285 547 370 580 enim
383 544 437 580 sub
447 545 556 580 oculos
567 546 694 579 caderet
705 572 715 587 ,
725 545 878 582 &lumen
896 545 1122 579 tantummodo
1138 557 1174 579 ex
1185 547 1289 593 paucis
1301 545 1377 580 locis
1389 560 1439 581 re-

37 601 41 606 ¹
61 595 230 637 fleiteret3
243 594 371 641 reliquae
381 605 485 642 partes
495 606 561 628 non
575 594 606 628 in
619 594 748 629 oculum
765 622 774 637 ,
787 592 838 627 sed
850 592 913 626 alio
928 591 1032 627 lucem
1047 605 1238 642 regererent.
1261 597 1372 641 Quare
1391 595 1438 630 lu-

62 656 103 679 na
114 654 224 690 corpus
238 643 284 676 est
298 641 442 691 asperum
453 671 462 685 ‚
475 647 507 677 &
524 642 681 688 inaequale
692 670 700 683 ,
712 642 797 689 quod
810 640 1067 688 quoquoversum
1077 643 1182 677 lumen
1192 641 1278 677 suum
1289 642 1437 679 reflectit:

62 693 147 726 adeo
159 701 193 725 ut
213 702 317 737 partes
333 692 515 738 quaequein
535 689 648 725 orbem
665 692 814 731 radient3
841 703 899 724 nec
921 693 1024 725 minus
1046 690 1120 725 luna
1135 694 1153 726 a
1177 692 1296 726 telluris
1317 692 1440 737 olobo,

63 738 163 787 quam
182 738 311 773 viciffim
327 750 407 773 terta
417 741 580 787 acorpore
595 739 692 773 lunari
706 739 919 774 collustratur.
941 741 1060 786 Neque
1071 742 1156 775 enim
1178 739 1304 775 aliunde
1317 722 1373 776 tsuit
1387 741 1441 776 illa

63 787 204 828 debilior
212 799 275 833 qua
291 799 377 821 totus
389 801 421 820 oi
429 786 476 820 bis
486 788 565 822 lunae
577 787 691 822 silentis
700 818 710 831 ‚
729 794 761 825 δε
772 788 1006 836 propemodum
1022 801 1115 823 novae
1127 789 1441 837 perfunditur‚quam

64 835 85 872 ἒι
96 847 178 870 terra
190 835 405 883 proficiscitur.
417 836 517 870 Unde
528 835 548 871 fi
558 838 628 881 quis
641 836 661 871 ὸ
675 837 747 872 luna
759 867 767 880 ‚
791 850 862 872 cnm
883 849 968 871 nova
982 838 1024 871 est
1033 866 1042 878 ,
1066 849 1183 873 tetram
1196 837 1351 886 spectaret
1363 868 1372 882 ,
1392 852 1443 874 to.

65 896 134 920 turn
143 884 265 918 telluris
277 884 531 932 hemisphaerium
545 883 635 920 {isole
646 886 859 921 tollustratum
871 888 1054 920 intueretur.
1080 888 1169 921 Luna
1182 886 1342 922 crescente
1360 899 1444 923 terra

64 932 155 974 velut
173 930 345 967 senesceret
357 948 364 969 :
376 935 419 967 ita
432 935 506 968 utin
523 933 698 980 plenilunio
710 945 794 969 tetra
810 933 899 969 silens
916 961 925 976 ,
938 946 999 968 aut
1012 947 1097 969 nova
1110 947 1296 984 appareret:
1316 936 1442 972 easdem

65 983 151 1022 enim
166 979 299 1016 subeunt
316 980 430 1030 phases
442 993 523 1016 terra
535 1011 544 1025 ,
563 987 595 1018 ὃς
608 983 680 1017 luna
693 1012 702 1026 ,
715 982 789 1018 cum
800 995 860 1018 una
872 981 913 1017 ab
931 982 1030 1017 altera
1042 983 1253 1021 collustretur.

112 1039 146 1066 20
160 1030 296 1066 Maculae
310 1032 342 1064 in
356 1030 428 1065 luna
440 1030 614 1079 telescopio
628 1044 797 1067 cernuntur
810 1034 983 1066 innumerae
1008 1034 1123 1080 partim
1150 1032 1287 1068 obscurae
1302 1063 1312 1078 ‚
1329 1037 1445 1083 partim

66 1078 194 1114 lucidae:
208 1077 247 1113 fic
263 1090 370 1113 tamen
380 1091 415 1114 ut
425 1078 598 1114 obscuritas
609 1093 719 1116 earum
736 1083 913 1123 minuatur,
936 1081 1204 1127 quoaedireAEkiores
1226 1084 1330 1117 radios
1343 1083 1363 1119 ἒι
1382 1084 1446 1119 sole

67 1129 229 1174 excipiunt
243 1155 252 1169 ‚
268 1133 301 1163 ὅ(
311 1129 343 1161 in
357 1127 541 1174 plenilunio
554 1127 637 1174 quasi
656 1131 687 1163 in
698 1129 831 1163 meridie
842 1131 978 1162 omnino
988 1129 1219 1166 collustrentur.
1253 1131 1447 1167 Deci-escen-

69 1186 102 1210 te
114 1175 185 1209 luna
195 1175 316 1210 umbrae
328 1176 464 1210 redeunt
479 1203 488 1216 ,
510 1175 562 1211 scd
575 1177 606 1210 in
617 1189 741 1224 partem
756 1176 933 1225 oppositam
945 1178 1112 1224 projeelae:
1128 1180 1194 1212 imo
1205 1178 1355 1225 ejusmodi
1373 1192 1446 1215 cor..

68 1223 256 1272 poralucida
268 1235 362 1258 extra
374 1222 509 1258 limbum
524 1224 604 1260 lunae
638 1237 808 1260 cernuntur
818 1254 826 1267 ,
866 1224 952 1271 quasi
986 1238 1092 1272 partes
1118 1228 1347 1262 eminentiores
1372 1245 1381 1272 3
1414 1231 1447 1264 in

68 1272 197 1307 maculis
221 1273 317 1320 nigris
347 1277 380 1308 &
403 1271 596 1319 perennibus
615 1273 720 1315 plures
738 1273 971 1322 conspiciuntur
996 1273 1082 1320 quasi
1097 1274 1215 1322 scopuli
1230 1303 1239 1317 ,
1256 1287 1310 1310 aut
1324 1275 1446 1320 insu'ae5

68 1319 245 1356 confinium
257 1320 548 1368 partis‘rllustratae,
577 1327 610 1358 ὁ(
623 1320 767 1357 obscurae
785 1326 819 1358 in
836 1320 996 1358 crescente
1011 1334 1066 1357 aut
1087 1322 1287 1358 decrescente
1305 1320 1378 1359 luna
1395 1327 1447 1360 in-

70 1369 191 1415 aequale
208 1397 218 1411 ,
244 1374 276 1405 ὅ(
290 1369 427 1403 lacerum
443 1371 581 1406 videtur.

106 1419 267 1454 Perennes
286 1415 365 1451 vero
376 1418 436 1452 illae
446 1424 478 1454 ὅ(
491 1417 643 1466 subnigrae
659 1417 787 1452 maculae
800 1417 984 1467 suntvpartes
995 1419 1076 1454 lunae
1087 1431 1153 1454 non
1164 1420 1247 1455 adeo
1261 1419 1393 1469 asperae‚
1412 1428 1447 1458 δε

70 1463 261 1514 inaequales.
284 1478 418 1512 quaeque
438 1466 546 1501 lumen
563 1479 627 1500 non
651 1478 717 1501 tam
738 1467 842 1500 valide
855 1480 1004 1515 regerunt
1023 1485 1032 1509 ς
1055 1480 1161 1515 neque
1185 1480 1294 1504 tamen
1312 1481 1364 1504 eas
1387 1468 1448 1505 else

70 1527 170 1563 aquas
189 1515 377 1549 crediderim
389 1541 407 1557 ,-
418 1528 489 1550 cum
499 1514 579 1549 nulli
597 1527 730 1563 vapores
740 1543 749 1557 ,
762 1527 817 1549 aut
834 1515 957 1551 nebulae
973 1518 990 1553 ὲ
1007 1516 1079 1551 luna
1090 1517 1280 1552 attollantur
1290 1547 1298 1560 ,
1313 1531 1384 1566 quae
1398 1521 1449 1553 in-

70 1562 162 1612 signis
177 1562 309 1611 alicujus
327 1565 422 1611 partis
442 1562 646 1611 conspeQum
666 1563 766 1598 oculis
784 1562 960 1600 subducant
971 1576 1053 1609 ,Vaut
1067 1565 1168 1599 radios
1187 1566 1314 1601 luminis
1336 1567 1450 1602 infrin-

71 1624 162 1662 gant.
305 1655 308 1657 η
1260 1624 1265 1627 ’

107 1663 218 1707 ltaque
231 1671 267 1695 ut
282 1660 435 1695 fateat-in
448 1672 582 1707 corpore
594 1659 695 1694 lunari
705 1667 809 1707 partes
827 1659 886 1695 effe
903 1659 979 1694 alias
998 1661 1066 1695 aliis
1084 1661 1235 1696 elatiores
1249 1691 1258 1706 ,
1283 1674 1363 1710 quas
1381 1661 1401 1697 si
1414 1662 1450 1697 li-

73 1707 182 1744 buerit
193 1737 201 1749 ,
215 1721 341 1743 montes
356 1708 533 1757 appellabis
559 1723 566 1743 :
586 1721 723 1756 quorum
735 1708 853 1743 umbrae
862 1708 1020 1743 crescente
1036 1709 1110 1744 luna
1126 1710 1307 1745 decrescunt
1319 1740 1328 1754 ,
1345 1712 1452 1746 donec

75 1760 107 1792 in
121 1755 299 1805 plenilunio
308 1760 434 1805 penitus
449 1756 638 1792 evanescant
650 1773 659 1800 3
670 1770 706 1791 ac
719 1756 899 1800 senescente
918 1757 990 1792 luna
1004 1770 1074 1806 pars
1085 1771 1122 1792 ea
1140 1758 1273 1793 lucidior
1283 1760 1430 1794 videatur
1441 1787 1452 1801 ,

76 1818 146 1853 qnae
157 1806 307 1840 anteerat
318 1805 459 1842 obscura.
474 1806 525 1840 Ut
539 1806 714 1840 concedam
736 1806 815 1852 illuld
836 1818 967 1853 quoque
986 1818 1073 1840 areas
1091 1806 1243 1853 quasdam
1262 1808 1350 1842 velut
1360 1808 1452 1842 colli-

76 1853 136 1895 bus
148 1853 268 1903 septas,
287 1854 573 1903 autprofundiores
587 1854 686 1888 valles
701 1856 732 1888 in
747 1853 819 1891 luna
836 1853 991 1902 conspici,
1012 1867 1083 1901 quae
1100 1858 1130 1889 in
1148 1856 1324 1904 plenilunio
1343 1857 1453 1891 candi-

76 1914 169 1946 cant,
186 1901 344 1938 crescente
359 1932 369 1947 ,
394 1914 449 1937 aur
459 1901 659 1936 decrescente
670 1902 744 1937 luna
761 1902 940 1950 nigrescunt
957 1917 965 1938 ε
985 1915 1093 1938 tamen
1112 1916 1180 1938 non
1194 1903 1282 1938 dabo
1299 1904 1381 1939 lacus
1399 1916 1454 1939 aut

79 1952 176 1984 maria
190 1954 224 1986 in
237 1951 310 1986 luna
323 1978 334 1993 ,
351 1963 387 1986 ut
401 1954 433 1985 in
448 1962 529 1985 terra
544 1951 645 1985 videri
664 1967 672 1993 ;
691 1963 727 1984 ac
744 1952 846 1986 multo
861 1953 964 1986 minus
979 1952 1010 1985 id
1023 1952 1198 1986 concedam
1211 1981 1220 1995 ‚
1242 1952 1347 1988 lunam
1362 1954 1455 1988 instar

79 2009 170 2032 terrae
181 1997 327 2036 habitari.
347 2000 476 2034 Deinde
493 2001 524 2033 in
537 1997 676 2033 obscuris
698 1999 759 2034 illis
771 1999 912 2048 partibus
927 2012 1007 2047 quas
1025 2000 1107 2035 lacus
1121 2003 1281 2035 autmaria
1300 2003 1455 2045 vocitant,

82 2045 280 2089 suntvalles,
299 2053 332 2083 &
344 2045 428 2094 qnasi
440 2050 584 2095 ingentes
598 2050 776 2094 putei‚ut*in
788 2048 955 2096 splendidis
968 2049 1047 2084 lunae
1060 2048 1204 2097 partibus
1223 2064 1230 2086 ε
1248 2063 1366 2099 magno
1384 2053 1457 2097 qui-

81 2095 156 2128 dem
165 2106 355 2139 argumento
368 2098 522 2143 nigriores
534 2095 672 2130 maculas
683 2109 747 2131 non
757 2096 817 2131 effe
828 2110 917 2144 aquae
933 2097 1090 2146 analogas.
1118 2100 1208 2144 Aqua
1221 2101 1309 2134 enim
1322 2111 1374 2133 eas
1394 2098 1457 2133 fos-

80 2141 127 2180 sas
140 2142 288 2190 impleret
300 2172 308 2185 ‚
325 2148 356 2179 δι
367 2144 406 2176 ad
427 2142 572 2177 libs-llam
583 2142 643 2177 sese
654 2157 875 2192 componeret.
899 2148 1118 2182 Mirumenim
1140 2146 1257 2182 merito
1270 2147 1374 2182 videri
1386 2145 1457 2194 pos-

81 2190 119 2228 fit
128 2189 149 2225 fi
164 2190 348 2237 planerae‚&
360 2193 536 2225 animantes
547 2192 580 2224 in
591 2203 626 2224 ea
636 2195 768 2240 regione
778 2206 842 2228 non
855 2206 1108 2238 exurantur‚cum
1148 2207 1181 2229 er
1193 2208 1222 2241 15
1238 2196 1303 2229 dies
1318 2197 1456 2242 integros

83 2238 128 2274 sol
143 2240 248 2273 eidem
260 2240 340 2276 lunae
348 2239 568 2286 hemisphaerio
579 2237 709 2273 insideat
722 2269 731 2282 ,
745 2253 780 2275 ac
791 2242 855 2276 dies
865 2255 943 2277 unus
959 2244 1106 2278 dimidius
1132 2255 1156 2278 it
1168 2242 1293 2277 mensis.
1307 2242 1397 2277 Adde
1409 2253 1458 2276 te-

84 2300 173 2323 mere
184 2300 221 2322 ea
231 2287 316 2324 afferi
327 2301 395 2336 quae
405 2287 488 2322 nulla
502 2290 626 2321 ratione
636 2316 645 2330 ,
662 2288 749 2323 nullo
766 2293 988 2336 experimento
1006 2294 1201 2327 muniuntur.

124 2338 231 2384 Atque
250 2337 316 2372 baec
326 2339 365 2371 de
382 2336 513 2371 maculis
538 2335 689 2384 lunaejam
704 2336 756 2371 diu
779 2339 896 2380 distata
914 2339 1055 2381 fuerant,
1074 2352 1145 2373 cum
1161 2342 1203 2374 D.
1221 2335 1370 2373 Caffinus·
1389 2351 1458 2386 quae

35 2387 37 2389 '
88 2384 169 2419 circa
185 2396 236 2419 eas
249 2385 387 2422 maculas
400 2384 637 2434 diligentissime
651 2383 851 2432 observavit,
865 2386 1032 2426 nobiscum
1042 2387 1182 2436 benigne
1197 2389 1467 2425 communicavit„

1145 2438 1219 2487 ,Ql
1235 2437 1254 2483 ij
