1878 2724
408 141 465 174 412.
726 125 1160 162 PHYSICAEPA-RS
1199 125 1479 164 SECUNDA.

403 188 482 212 tum.
507 177 618 212 Tertia
630 202 639 217 ,
666 173 857 223 compreffio
870 187 925 210 aut
938 174 1116 210 circumfusi
1130 178 1230 218 aeris,
1251 188 1307 210 aut
1320 176 1442 211 aetheris
1456 174 1556 224 ipsius.
1592 179 1718 226 Quarta
1743 178 1791 214 est

401 224 563 260 dilsolutio
576 225 716 271 partium
731 236 739 257 :
762 236 835 259 cum
844 226 932 259 enim
942 236 1075 272 corpora
1084 223 1151 259 sunt
1169 223 1266 259 fluida
1281 253 1290 267 ,
1308 231 1341 261 &
1350 237 1456 273 partes
1467 224 1589 260 habent
1599 237 1655 260 aut
1666 226 1792 274 separa-

399 283 447 307 tas
460 302 470 316 ‚
493 284 546 306 aut
564 269 710 306 divifioni
729 275 890 320 proximas
904 301 914 315 ‚
942 283 1009 307 tum
1025 272 1151 308 alterius
1166 275 1308 320 corporis
1324 285 1429 322 partes
1452 272 1577 308 facilius
1598 275 1788 314 admittunt:

400 322 569 367 praesertim
581 332 652 354 cum
665 325 730 369 jam
751 324 784 356 in
795 333 887 356 motu
898 320 1005 370 pofitae
1016 320 1075 357 fint
1087 351 1096 366 ‚
1117 327 1150 359 &
1166 322 1296 356 mistura
1314 324 1418 357 omnis
1429 324 1579 357 motione
1596 323 1788 371 perficiatur.

398 369 498 405 Unde
511 371 617 404 omnis
629 382 713 416 pene
722 372 892 418 generatio
901 383 939 405 ex
952 369 1060 405 fluidis
1072 369 1281 420 proficiscitur
1291 399 1300 414 ‚
1321 384 1361 406 ne
1370 374 1508 419 gemmis
1525 373 1657 418 quidem
1669 401 1679 416 ,
1695 378 1728 410 &
1741 373 1789 408 la..
1826 413 1830 417 ,
1852 414 1853 419 ¹

396 416 526 465 pidibus
548 420 700 465 exceptis,
720 421 771 453 Sic
782 430 830 453 res
845 418 1041 468 lapidescunt
1055 448 1064 463 ‚
1081 432 1154 454 cum
1173 431 1278 467 partes
1298 419 1467 468 lapidificae
1485 423 1518 455 in
1531 430 1621 465 ‘aqua
1635 424 1789 459 minutim

395 465 612 502 exsolvuntur.
626 468 753 514 Qinta
766 468 812 502 est
825 469 1148 517 digestio,quapartes
1161 481 1331 516 corporum
1349 470 1556 504 comminutae
1571 468 1696 505 facilius
1709 483 1788 506 con.

393 513 613 558 sociantur,&
627 518 659 550 in
672 528 762 551 motu
775 517 880 565 positae
890 517 930 551 ad
948 519 1142 552 mixtionem
1151 516 1221 552 sunt
1238 519 1338 565 magis
1352 515 1517 565 dispolirae.
1537 520 1647 561 Sexta,
1663 519 1734 553 esta
1759 522 1788 554 i*-

394 565 485 600 tatio.
507 566 560 598 Sic
578 565 666 612 chyli
678 570 710 601 ὃ(
721 564 878 614 sanguinis
896 567 927 602 in
940 566 1130 601 animalibus
1145 567 1280 614 agitatio
1296 571 1330 603 δε
1344 565 1508 601 circulatio
1520 566 1700 614 perfectam
1716 532 1789 603 efii-

393 613 439 646 cit
456 614 647 649 mistionem.
661 616 713 649 Sic
723 613 876 663 butyrum
891 627 928 650 ex
943 614 1026 650 laste
1041 613 1105 649 sola
1114 617 1293 662 agitatione
1306 617 1446 663 partium
1457 615 1640 652 concrescit.
1657 620 1700 652 Ex
1713 615 1786 665 parss

394 663 476 696 tium
490 665 699 711 coaptatione
713 662 795 698 fiunt
809 675 967 699 caementa
980 663 1032 700 vel
1049 662 1244 699 tenacrffima
1256 691 1266 706 ,
1279 663 1404 698 utillud
1419 664 1505 711 quod
1519 667 1556 702 D.
1575 666 1723 700 Perrault
1731 679 1786 702 nu—

391 722 450 758 per
461 713 494 746 in
507 712 682 747 Academia
699 712 907 760 proponebat
920 741 929 755 ,
953 724 992 748 ex
1005 715 1091 747 vitro
1105 712 1238 747 contuso
1247 741 1257 755 ,
1283 711 1346 747 sale
1359 715 1483 747 marino
1496 741 1505 756 ,
1518 724 1611 748 aceto
1623 742 1633 756 ,
1653 713 1730 749 ferri
1746 715 1785 749 li..

395 770 520 794 matura
531 762 631 806 aequis
643 759 790 808 partibus
804 761 981 796 commistis
1006 767 1038 798 ὃ(
1051 759 1116 797 una
1129 761 1315 808 aliquandiu
1329 760 1664 799 fermentescennbus.
1675 766 1727 804 Sic
1738 763 1785 800 al-

389 807 424 842 lii
439 807 543 842 succus
558 808 602 842 ob
617 810 756 844 eandem
771 812 929 845 rationem
942 812 1016 845 vitri
1032 811 1282 858 fragmenta,aut
1295 811 1376 845 testae
1389 810 1523 845 Sinensis
1533 824 1567 848 v.
1585 813 1762 853 porcelaine
1772 842 1784 857 ‚

389 856 561 892 arstiffime
579 860 768 906 conjungit:
791 863 880 907 cujus
895 861 994 894 etiam
1011 870 1116 907 partes
1134 859 1243 894 fra&ae
1262 865 1297 895 δε
1319 859 1393 893 colli
1417 870 1478 893 arae
1495 872 1568 894 cum
1584 857 1640 894 'diu
1653 862 1686 896 in
1698 860 1782 898 lacte

389 903 586 941 ebullierunt
601 935 611 948 ,
638 909 723 941 inter
737 906 766 941 se
781 909 1026 943 committuntur
1040 935 1049 950 ‚
1072 919 1108 942 ut
1133 920 1172 941 ex
1186 910 1268 942 Viro
1283 907 1384 943 Clari(
1399 935 1406 944 .
1433 911 1624 956 accepimuS.

423 956 485 989 His
500 956 535 990 in
551 955 730 990 universum
741 959 781 990 de
793 958 929 991 materia
940 962 974 994 δι
988 954 1079 991 causa
1089 954 1416 1004 effeetrice’lapidum
1431 956 1597 1004 explicatis
1612 985 1621 1000 ‚
1637 970 1722 993 nunc
1738 959 1780 994 ad

386 1015 532 1052 gemmas
544 1006 731 1047 veniamus,
750 1005 790 1038 de
802 1016 938 1051 quarum
955 1016 1065 1040 natura
1089 1010 1122 1042 &
1145 1006 1269 1053 origine
1289 1004 1382 1040 multi
1400 1004 1502 1040 multa.
1523 1003 1671 1053 scripsere
1695 1020 1703 1042 :
1725 1006 1780 1042 sed

387 1064 503 1100 praeter
516 1063 649 1088 caeteros
663 1055 706 1089 D.
718 1054 818 1100 Boyle
827 1052 890 1088 hoc
903 1065 1133 1103 argumentum
1153 1053 1326 1102 diligenter
1360 1059 1395 1091 δε
1418 1054 1515 1089 docte
1539 1054 1683 1090 trastalse
1699 1056 1779 1094 mihi

386 1101 527 1137 videtur.

425 1151 474 1184 Ac
488 1149 628 1197 primum
639 1152 771 1198 quidem
784 1150 817 1185 id
833 1151 960 1186 videtur
970 1163 1054 1187 vero
1065 1153 1259 1200 proximum,
1268 1164 1413 1202 gemmas
1426 1164 1537 1187 omnes
1549 1165 1590 1188 ex
1602 1151 1700 1188 fluida
1711 1165 1778 1194 ma,-

388 1201 468 1233 teria
482 1202 643 1247 originem
654 1199 740 1234 suam
757 1198 877 1234 ducere
895 1215 903 1236 :
919 1202 1006 1248 quod
1017 1200 1129 1235 saltem
1139 1202 1178 1235 de
1192 1203 1230 1234 iis
1241 1213 1312 1248 quae
1328 1201 1398 1236 sunt
1408 1201 1574 1249 pellucidae
1585 1232 1594 1246 ‚
1608 1202 1777 1238 fatendum

386 1248 437 1283 cst.
453 1249 540 1283 Nam
551 1260 621 1295 quae
633 1259 800 1295 nunquam
812 1247 908 1283 fluida
921 1251 1116 1292 extiterunt,
1135 1252 1188 1284 vix
1200 1261 1272 1284 eam
1285 1249 1405 1284 habere
1420 1248 1546 1297 possunt
1558 1253 1697 1298 partium
1714 1250 1776 1286 dis-

384 1295 578 1342 positionem
590 1309 660 1344 quae
669 1296 926 1345 perspicuitatem
938 1296 1048 1337 efficit,
1071 1301 1123 1333 Sic
1135 1300 1257 1332 vitrum
1267 1310 1304 1332 ex
1316 1298 1438 1346 liquida
1451 1297 1488 1333 fit
1497 1302 1646 1342 materia3
1661 1299 1777 1334 metal-

385 1344 416 1378 la
429 1344 510 1392 ipsa,
527 1356 561 1379 ut
577 1351 796 1394 argentum&
815 1345 983 1394 plumbum
1000 1349 1033 1382 in
1046 1349 1138 1395 aquis
1155 1345 1292 1382 fortibus
1309 1376 1318 1392 ‚
1346 1358 1401 1382 aut
1422 1346 1554 1382 acetosis
1574 1347 1716 1383 exsoluta
1741 1351 1774 1385 in

383 1394 546 1441 crystallos
570 1393 694 1429 abeunt
712 1394 897 1442 pellucidaS.

425 1455 452 1477 2-
469 1442 551 1477 Illud
563 1441 660 1490 ipsum
673 1442 845 1478 confirmat
864 1446 1073 1480 Geometrica
1086 1449 1119 1481 δέ
1131 1444 1345 1479 determinata
1359 1456 1395 1479 ut
1418 1444 1526 1480 salium
1538 1473 1546 1488 ,
1568 1443 1608 1479 fic
1626 1458 1774 1494 gemma-

383 1503 454 1525 rum
468 1490 568 1539 figura
583 1505 590 1527 :
604 1494 661 1527 vix
673 1494 760 1527 enim
772 1505 883 1540 corpus
895 1505 1015 1528 certam
1032 1499 1066 1531 ὃ(
1076 1493 1253 1541 regularem
1269 1491 1401 1541 figuram
1415 1493 1594 1542 adipiscitur
1616 1492 1673 1528 nifi
1696 1494 1772 1530 flui-

381 1539 426 1573 do
439 1541 580 1587 quodam
590 1540 813 1576 circumfusum
826 1559 834 1586 3
849 1552 884 1576 ut
901 1544 934 1577 in
951 1544 1037 1578 nitro
1050 1571 1060 1587 ,
1084 1542 1146 1577 sale
1160 1544 1325 1577 communi
1343 1547 1376 1579 ὅ(
1391 1542 1460 1577 aliis
1475 1542 1586 1578 salium
1598 1543 1770 1591 generibus

385 1591 585 1636 experimur.

412 1652 433 1683 3.
450 1639 501 1672 Sic
515 1638 688 1686 aliquando
701 1639 798 1674 filices
812 1638 936 1688 lapillos
948 1639 1123 1688 pellucidos
1140 1652 1179 1674 ex
1197 1639 1286 1674 succo
1300 1642 1461 1688 puriori&
1471 1640 1638 1689 percolato
1650 1640 1770 1677 coales.

382 1698 490 1721 centes
503 1689 585 1722 intus
596 1687 808 1732 concludunt3
825 1689 984 1723 interdum
1001 1688 1068 1723 aliis
1080 1688 1274 1724 succrescunt
1288 1717 1296 1731 ‚
1311 1689 1477 1737 autplures
1493 1689 1582 1724 velut
1597 1701 1636 1723 ex
1655 1690 1769 1725 eadem

382 1737 516 1769 matrice
530 1735 688 1784 affingunt
703 1750 710 1770 ι
729 1749 764 1771 ut
781 1739 812 1771 in
827 1739 862 1770 iis
877 1735 1032 1772 foffilibus
1049 1750 1120 1784 quae
1144 1737 1259 1772 fuores
1283 1740 1474 1775 vocitantur.
1504 1741 1577 1774 Nec
1591 1738 1659 1772 fere
1676 1738 1770 1774 aliter

382 1795 519 1830 gemniae
539 1784 740 1828 formantur,
766 1798 802 1819 ac
814 1785 890 1819 sales
908 1787 917 1818 i
943 1784 962 1819 fi
981 1798 1019 1820 ex
1037 1788 1131 1819 variis
1146 1785 1280 1821 lamellis
1303 1798 1310 1819 ε
1331 1787 1413 1820 adeo
1425 1799 1459 1820 ut
1477 1787 1533 1822 vel
1548 1789 1580 1820 in
1597 1787 1767 1822 adamante

382 1833 541 1866 interdum
554 1833 616 1867 illae
626 1833 833 1868 commill‘urae
850 1838 884 1870 &
897 1832 916 1867 fi
944 1845 983 1867 rae
996 1833 1229 1881 conspiciantur
1242 1862 1252 1876 ,
1266 1839 1298 1870 ὃ(
1311 1833 1506 1869 transvetfim
1516 1840 1602 1883 juxta
1614 1846 1666 1868 eas
1678 1835 1767 1870 velut

383 1878 479 1913 fibras
497 1880 515 1915 ’ἐι
526 1883 636 1927 peritis
651 1881 825 1915 artificibus
843 1881 918 1915 findi
929 1881 1043 1928 poffint
1057 1896 1064 1916 ε
1084 1895 1144 1916 nec
1158 1882 1290 1916 dubium
1301 1882 1346 1915 est
1359 1885 1435 1929 quin
1450 1884 1498 1918 ha:
1512 1881 1697 1918 tenuiffimae
1719 1884 1765 1918 la-

378 1927 486 1962 *mcllae
496 1941 534 1962 ex
550 1928 640 1964 succo
655 1929 812 1976 paulatim
824 1929 1063 1974 concrescente,
1077 1930 1146 1965 fere
1155 1933 1232 1965 utin
1248 1930 1332 1966 talco
1344 1959 1353 1974 ‚
1371 1943 1425 1966 aut
1441 1935 1474 1968 in
1486 1931 1636 1982 crystallis
1649 1934 1765 1968 vitrio-

378 1976 401 2010 li
411 1979 546 2020 accidit,
568 1978 754 2025 prodierint.

424 2039 461 2070 4.
472 2026 577 2061 Color
595 2039 793 2073 gemmarum
806 2029 941 2062 omnino
952 2028 995 2062 est
1007 2028 1204 2064 adventitius
1217 2029 1270 2064 vel
1285 2030 1305 2066 ὲ
1320 2030 1466 2065 minerali
1479 2030 1619 2078 quodam
1638 2031 1762 2065 colora-

378 2086 413 2108 to
424 2074 497 2117 ,vel
513 2073 554 2108 ab
570 2075 779 2110 exhalatione
791 2077 947 2123 tingente.
959 2077 1069 2123 Qare
1081 2090 1245 2126 gemmam
1268 2079 1371 2114 adhuc
1388 2079 1538 2126 liquidam
1556 2081 1761 2126 pigmentum

376 2123 456 2157 illud
474 2135 528 2158 aut
540 2123 629 2158 color
639 2135 806 2158 extraneus
822 2136 992 2171 penetrat:
1011 2124 1050 2160 fic
1066 2139 1204 2175 gemmae
1219 2139 1300 2175 pene
1317 2139 1430 2163 omnes
1447 2130 1527 2176 ignis
1551 2130 1584 2162 vi
1598 2125 1656 2162 suis
1675 2128 1750 2163 colo

373 2171 457 2205 ribus
481 2171 668 2219 plerumque
683 2185 847 2208 exuuntur.

414 2222 503 2255 Hinc
514 2233 648 2270 gemmae
658 2220 819 2256 coloribus
830 2221 999 2270 splendidae
1015 2237 1080 2258 non
1092 2223 1189 2273 longe
1198 2223 1218 2259 Ξι
1231 2222 1433 2258 metallorum
1445 2253 1453 2267 ‚
1476 2237 1531 2260 aut
1545 2224 1682 2260 aliorum
1696 2228 1760 2260 mi-

375 2269 531 2304 neralium
550 2270 669 2305 fodinis
686 2283 838 2305 eruuntur
861 2285 868 2306 :
891 2284 927 2305 ac
938 2270 1067 2315 fluores,
1078 2272 1273 2321 serigemmae
1289 2272 1452 2307 molliores
1465 2303 1473 2316 ,
1487 2286 1556 2321 quae
1570 2276 1601 2308 in
1612 2273 1690 2308 locis
1702 2274 1760 2308 fxi-

373 2317 551 2364 gidioribus
563 2348 572 2362 ,
595 2332 629 2354 ut
649 2322 680 2354 in
695 2322 867 2354 Germania
884 2326 916 2356 &
932 2320 1049 2366 Anglia
1063 2321 1132 2356 sunt
1149 2322 1386 2369 frequentiores
1401 2349 1411 2364 ,
1433 2321 1527 2356 succis
1550 2322 1757 2357 mineralibus

373 2368 535 2414 tinguntur
549 2382 556 2404 ι
570 2381 608 2404 ac
620 2367 677 2405 nisi
689 2381 800 2405 eorum
813 2368 965 2409 mollities
979 2361 1124 2406 obstaret
1134 2399 1143 2415 ,
1162 2382 1222 2419 pro
1239 2368 1359 2406 rubinis
1377 2399 1388 2414 ,
1408 2381 1461 2406 aut
1475 2371 1644 2419 smaragdis
1656 2371 1759 2407 facile
