1878 2724
90 165 174 202 tii-,in
198 163 343 201 occasum
363 163 441 200 ferri
457 163 628 200 videbatur
646 178 654 200 :
671 164 782 200 iisdem
797 166 884 199 enim
904 161 1202 199 constellationibus
1226 161 1318 198 velut
1337 129 1468 198 infixdm

90 213 214 262 semper
227 212 324 250 visum
340 213 402 248 fuit
415 242 424 257 ‚
449 225 486 247 ac
501 214 644 249 medium
659 213 742 248 illius
753 213 882 249 luminis
898 215 931 248 in
948 213 1056 247 medio
1080 211 1334 247 constellationis
1349 213 1468 247 Arietis

87 261 229 298 larebat
250 276 258 297 :
274 262 296 298 ὲ
308 262 361 296 die
370 266 409 299 18
419 261 514 309 usque
526 263 564 296 ad
581 269 619 299 26
638 264 750 297 Martii
771 274 842 296 cum
856 261 1001 296 serenum
1021 272 1090 296 erat
1107 272 1232 309 tempus
1251 289 1261 304 ,
1281 259 1326 295 sui
1339 265 1468 309 copiam

86 309 166 345 fecit
178 310 306 348 :dien
318 311 436 359 Aprilis
446 323 519 345 cum
532 313 651 346 Arietis
668 310 872 346 constellatio
891 311 962 345 luce
978 309 1068 344 solari
1085 315 1150 359 jam
1163 310 1377 345 occultaretur
1388 339 1398 354 ‚
1413 323 1468 345 ex-

72 369 224 394 ‘tremum
241 358 325 395 illius
344 360 474 395 luminis
488 362 522 394 in
535 362 633 396 Tauri
648 358 895 394 constellatione
911 359 1014 393 adhuc
1033 358 1236 394 cernebatur.

121 408 211 442 Huic
220 420 288 443 non
301 407 445 444 dissimile
457 407 566 444 lumen
580 421 665 443 anno
679 410 749 445 1668
760 408 812 442 die
832 420 844 442 ι
856 422 877 443 ο
891 409 1003 443 Martii
1017 409 1170 442 Bononioe
1187 406 1392 443 observatum
1410 407 1470 443 fuit

83 455 105 492 ἐι
117 458 158 492 D.
169 455 298 492 Caffino
311 485 321 500 ,
339 459 385 492 uti
401 457 489 505 supra
501 459 661 493 innuimus
674 485 683 499 ,
697 462 730 492 &
740 468 822 504 pene
836 459 868 490 in
880 457 994 490 eadem
1003 455 1081 490 coeli
1096 456 1201 504 plaga,
1214 455 1264 490 sed
1276 456 1314 489 ad
1329 456 1466 492 austrum

83 506 185 553 magis
196 517 366 553 vergente.
378 508 482 540 Situm
497 517 628 553 quoque
638 504 770 540 subinde
782 504 1019 547 commutabat,
1035 510 1068 542 &
1078 516 1170 539 motu
1188 503 1229 539 ab
1247 505 1415 539 occidente
1433 508 1466 541 in

81 555 243 588 orientem
254 553 430 590 ferebatur.
449 555 554 602 Hujus
573 556 723 589 meminit
737 557 780 590 D.
804 554 950 588 Chardin
966 555 998 589 in
1016 552 1101 588 libro
1118 565 1217 601 quem
1230 552 1411 601 conscripsit
1424 555 1465 589 de

82 601 412 639 SolimaniPersarum
430 605 530 652 Regis
546 603 789 651 inauguratione
803 619 812 645 3
825 614 921 650 atque
940 614 1012 637 eum
1028 613 1190 638 cometem
1208 605 1240 638 iu
1252 600 1353 637 Perfia
1367 602 1467 639 visum

82 649 172 686 fuiffe
186 679 195 694 ,
210 656 244 687 &
258 650 277 686 ἐι
293 651 390 687 Perfis
408 651 552 686 lanceam
565 652 760 700 appellatum
774 663 1019 687 commemorat.

115 701 234 747 Neque
245 699 321 734 illud
333 699 567 748 pbaenomenon
578 701 668 747 quod
684 702 804 735 Seneca
815 701 920 747 quaest.
936 711 998 736 nat.
1011 699 1030 734 l.
1042 709 1077 745 70
1094 712 1132 735 ex
1144 699 1359 735 Carimandro
1367 698 1468 735 refert

81 746 124 783 ab
135 749 323 796 Anaxagora
333 747 536 784 observatum
550 777 560 792 ,
579 751 716 798 ingentis
730 751 878 784 nimirum
892 747 990 783 trabis
1008 748 1130 792 lucidae3
1144 760 1198 784 aut
1209 748 1286 782 illud
1298 753 1385 796 cujus
1399 761 1467 784 me·-

82 798 177 832 minit
192 797 374 833 Aristoteles
391 797 412 833 l..
428 807 456 832 ιο
466 800 608 833 Mereor.
623 810 649 834 c.
664 803 694 832 6.
707 800 787 832 circa
799 799 829 832 id
847 810 974 846 tempus
988 810 1053 845 quo
1069 810 1138 845 pars
1151 797 1279 833 Achaiae
1293 809 1382 831 terrae
1397 810 1466 832 mo-

82 855 116 879 tu
133 850 166 882 δι
179 857 334 892 aquarum
346 847 558 882 inundatione
573 849 678 895 periit,
687 845 729 880 ab
740 849 778 881 iis
791 859 859 893 quae
869 846 1045 890 attulimus,
1059 847 1194 881 multum
1205 844 1362 881 diffident.
1377 848 1464 883 Nam

80 896 253 930 &tertiam
272 895 339 930 fere
351 894 423 930 coeli
436 907 559 943 partem
574 896 769 943 postremum
786 895 863 929 illud
879 894 1043 943 occupaffe
1063 899 1075 940 (
1093 896 1178 930 uude
1199 900 1232 931 &
1256 897 1386 929 Semitae
1401 908 1462 929 no-

79 954 155 978 men
164 944 314 991 accepit)
341 946 616 981 &circaOrionis
633 944 910 978 constellationem
929 942 1046 978 dciiiffe
1062 955 1097 978 ut
1114 955 1278 978 cometem
1297 946 1373 978 anni
1393 947 1463 980 1668

81 991 209 1026 testatur
223 992 420 1029 Aristoteles.
444 995 523 1041 Qae
542 1005 639 1041 porro
653 991 689 1027 fit
713 992 800 1041 huJus
822 993 1030 1041 phaenomeni
1057 991 1146 1026 causa
1165 993 1309 1027 divinare
1324 991 1434 1040 potius
1453 1021 1463 1035 ,

77 1039 178 1087 quam
192 1039 327 1075 definire
338 1040 434 1076 nobis
450 1041 531 1076 licet.
549 1044 599 1077 An
612 1044 747 1076 materia
757 1042 899 1088 quaedam
911 1041 1043 1077 coelestis
1056 1041 1161 1076 lumen
1171 1041 1192 1076 ὲ.
1205 1039 1270 1074 sole
1281 1052 1463 1076 mutuatum

77 1088 118 1121 ad
133 1100 190 1122 nos
203 1089 300 1135 usque
318 1092 437 1138 regerit
460 1098 470 1124 Ξ
497 1103 570 1124 nam
585 1092 610 1124 is
627 1089 788 1137 splendor,
800 1101 834 1124 ut
850 1101 1051 1124 cometarum
1069 1090 1178 1123 caudae
1203 1091 1236 1123 in
1254 1100 1379 1136 partem
1404 1089 1461 1124 soli

77 1136 223 1172 aversam
238 1138 519 1186 dirigitur.Neque
532 1139 563 1172 id
576 1137 729 1173 abhorret
745 1137 765 1173 ξι
778 1137 950 1181 verisimili,
963 1138 1052 1185 quod
1065 1140 1096 1171 in
1116 1139 1253 1172 tractatu
1273 1139 1313 1171 de
1331 1149 1461 1173 cometa.

77 1187 153 1221 anni
168 1189 241 1222 1681
260 1185 366 1221 scribit
383 1189 424 1222 D.
435 1185 604 1230 Caffinus,
624 1189 656 1221 in
675 1187 791 1221 aethere
806 1186 952 1222 diffusam
965 1185 1050 1234 posse
1062 1188 1187 1234 concipi
1203 1188 1460 1233 materiam,quae

77 1235 155 1268 utin
166 1246 239 1268 aere
250 1235 355 1269 nostro
366 1234 473 1269 lumen
486 1247 611 1282 regerat
621 1246 695 1278 ,aut
709 1234 835 1283 frangat
851 1249 865 1270 „-
889 1246 987 1282 atque
999 1237 1032 1269 in
1052 1233 1119 1282 ipso
1133 1245 1331 1268 cometarum
1343 1236 1461 1269 itinere

76 1281 230 1327 ejusmodi
250 1283 366 1318 aethera
381 1285 511 1331 reperiri
520 1286 628 1319 minus
645 1296 759 1332 purum
775 1313 785 1327 ‚
799 1286 857 1331 qui
875 1295 948 1318 eam
959 1285 1153 1318 -varietatem
1175 1295 1273 1329 quam
1298 1284 1330 1317 in
1351 1283 1460 1317 caudis

76 1342 277 1366 cometarum
289 1334 447 1367 cernimus
463 1361 474 1376 ‚
497 1331 625 1367 efficiat.
645 1335 718 1369 Nec
732 1345 828 1380 porro
843 1332 895 1367 lux
908 1331 961 1366 illa
981 1332 1027 1366 est
1043 1332 1147 1366 caudis
1162 1342 1361 1366 cometarum
1378 1329 1461 1366 abfi-

76 1378 184 1420 milist
206 1379 258 1414 seu
279 1380 422 1415 colorem
435 1409 445 1423 ,
469 1380 516 1416 seu
527 1380 750 1428 splendorem,
767 1381 820 1415 seu
839 1382 1031 1416 tenuitatem
1048 1409 1057 1423 ,
1082 1378 1132 1414 seu
1151 1381 1292 1427 denique
1314 1380 1398 1414 illius
1414 1378 1460 1413 fi-

78 1437 145 1462 tum
172 1427 229 1462 soli
248 1427 302 1476 ipfi
319 1428 443 1477 semper
469 1428 612 1464 aversum
644 1429 773 1478 spectes.
806 1431 850 1465 Ac
880 1429 965 1464 forte
983 1440 1118 1463 cometae
1148 1440 1241 1476 caput
1261 1426 1346 1462 Solis
1364 1428 1458 1463 radiis

75 1477 277 1512 reconditum
292 1476 400 1512 subest.
433 1479 630 1525 Qanquarn
649 1490 690 1513 ne
705 1478 735 1512 id
748 1490 869 1513 temere
886 1474 1173 1519 afferamus,obssat
1185 1477 1270 1511 illius
1284 1478 1394 1524 ingens
1414 1476 1459 1511 la-

75 1525 182 1559 titudo
195 1555 204 1569 ‚
221 1525 323 1572 qualis
340 1528 373 1562 in
392 1526 481 1561 nullo
491 1539 632 1573 unquam
647 1538 775 1561 cometa
787 1527 850 1560 visa
863 1526 917 1562 est.
936 1528 1055 1573 Neque
1073 1525 1105 1558 id
1129 1537 1261 1572 quoque
1279 1537 1367 1559 certo
1379 1537 1459 1559 con-

76 1573 163 1607 stitui
175 1574 298 1621 potest,
313 1587 353 1609 an
368 1574 518 1623 ejusmodi
536 1575 770 1622 phaeuo-menon
793 1575 900 1610 lumen
913 1574 932 1608 ὲι
944 1573 1008 1608 sole
1023 1573 1089 1622 ipso
1099 1584 1262 1607 mutuetur
1277 1601 1286 1615 ,
1303 1585 1339 1607 ac
1356 1575 1458 1607 inter-

71 1623 160 1667 jedku
170 1622 298 1671 alicujus
312 1625 454 1670 corporis
466 1635 503 1656 ex
513 1635 712 1658 cometarum
724 1635 841 1670 genere
853 1652 862 1666 ,
881 1634 915 1657 ut
930 1623 1022 1656 irides
1035 1622 1180 1668 quaedani
1196 1627 1227 1656 δε
1246 1621 1378 1655 halones
1406 1619 1457 1655 so-

76 1670 113 1703 lis
124 1671 255 1716 quidem
270 1670 336 1705 luce
353 1671 509 1714 refracta,
527 1683 580 1706 aut
591 1671 727 1713 reflexa,
749 1670 800 1705 sed
820 1672 901 1706 lunae
921 1670 1010 1719 ipsius
1036 1668 1222 1717 interpositu
1237 1681 1457 1716 procreantur.

77 1717 176 1754 Unde
186 1724 223 1755 δέ
236 1719 371 1754 aliorum
383 1718 515 1754 siderum
528 1720 635 1755 lumen
652 1721 689 1753 ad
703 1732 759 1753 uos
775 1719 900 1767 poffunt
917 1719 1094 1754 reflectere.
1116 1721 1292 1764 Utcunque
1303 1729 1340 1751 ea
1351 1730 1398 1751 res
1408 1716 1455 1757 fit,

75 1768 105 1802 id
121 1779 218 1802 unum
233 1767 361 1802 suadere
374 1769 475 1815 potest
486 1768 548 1803 hoc
558 1768 687 1804 luminis
698 1768 718 1803 a
730 1781 835 1802 comet
844 1781 926 1802 irum
936 1779 1048 1803 natura
1066 1780 1133 1802 non
1145 1766 1203 1801 effe
1213 1766 1457 1813 alienum‚quod

74 1817 106 1849 iu
117 1816 230 1850 eadem
242 1816 312 1851 coeli
324 1817 415 1866 plaga
427 1819 608 1865 apparuerit
619 1846 628 1861 ,
650 1829 750 1864 quam
769 1818 915 1865 plerique
926 1818 1035 1851 uostrae
1055 1818 1157 1850 aetatis
1170 1826 1302 1850 comctae
1317 1814 1456 1849 insistere

77 1862 133 1898 visi
146 1862 216 1899 sunt
230 1893 238 1907 ‚
259 1876 294 1899 ut
305 1877 438 1900 cometae
451 1877 610 1911 annorum
629 1874 699 1912 1652
710 1894 719 1907 ‚
738 1873 823 1912 1665,
842 1873 912 1910 1672
927 1895 934 1907 ,
961 1871 994 1903 δε
1009 1871 1091 1902 160'0
1103 1893 1113 1908 ‚
1135 1866 1169 1900 in
1181 1875 1219 1898 ea
1234 1862 1353 1898 scilicet
1367 1876 1456 1898 zona

74 1922 171 1959 quam
183 1915 224 1948 D.
237 1912 380 1948 Caffinus
397 1922 494 1947 vocat
513 1915 681 1950 zodiacum
696 1927 905 1950 cometarum.

86 1960 247 2005 &Qanto
264 1972 371 1996 autem
385 1961 557 1996 intervallo
568 1961 631 1997 hoc
663 1963 875 1998 haeuomenon
893 1963 912 1998 a
926 1960 1025 1997 nobis
1044 1963 1136 1997 distet
1147 1992 1155 2005 ,
1177 1974 1215 1996 ex
1229 1960 1376 2008 aequabili
1389 1964 1453 2009 ejus

74 2019 168 2044 motu
181 2011 338 2056 conjicere
350 2011 517 2057 possumus,
538 2012 627 2045 Nam
638 1976 699 2046 gin
710 2014 875 2047 communi
893 2018 924 2048 &
941 2011 1070 2059 vulgata
1088 2010 1257 2058 hypothesi
1267 2011 1455 2053 haereamus3

76 2056 145 2091 fieri
157 2069 220 2092 non
244 2058 346 2104 potest
361 2062 396 2092 'ut
413 2070 512 2092 vento
522 2059 605 2093 adeo
623 2062 774 2108 praecipiti
791 2061 908 2095 feratur
921 2089 930 2102 ‚
949 2066 983 2096 δε
998 2071 1092 2094 motu
1109 2060 1222 2094 diurno
1241 2062 1324 2093 circa
1339 2070 1454 2092 terram

75 2116 229 2142 vertatur.
247 2105 347 2150 Qod
360 2104 380 2139 si
391 2106 649 2152 Coperuicanum
663 2107 796 2154 systema
810 2108 897 2156 sequi
908 2109 1118 2151 malumus,ne
1132 2109 1162 2142 id
1177 2108 1307 2153 quidem
1335 2105 1455 2140 intelli-

74 2156 159 2200 gitur
169 2183 177 2195 ,
208 2153 264 2202 qui
287 2152 455 2201 fieripoffit
465 2182 473 2195 ‚
487 2154 608 2189 utillud
621 2156 929 2203 phaenoinenoniam
945 2150 1051 2192 valido
1064 2156 1156 2205 globi
1169 2156 1372 2190 elementaris
1383 2167 1454 2187 mo-

77 2203 124 2237 tui
141 2203 223 2237 adeo
241 2201 594 2251 pertinaciter-obsistat
606 2233 614 2244 ‚
629 2215 664 2238 ut
679 2204 721 2238 ab
733 2217 772 2238 eo
788 2219 846 2240 uec
862 2205 1022 2252 dissipetur
1035 2234 1049 2247 ,
1067 2218 1126 2239 nec
1143 2203 1329 2249 abripiatur.

107 2251 156 2285 Est
166 2253 261 2299 igitur
270 2264 306 2285 ea
316 2252 468 2291 materia,
487 2263 558 2297 quae
576 2251 637 2285 hoc
651 2251 757 2286 lumen
774 2255 812 2287 ad
823 2267 879 2288 nos
899 2253 994 2300 usque
1015 2253 1154 2287 reflectit
1166 2279 1175 2292 ,
1194 2253 1225 2283 iu
1243 2249 1307 2295 ipso
1323 2250 1448 2284 aetbere.

76 2299 175 2344 Qod
188 2299 208 2334 si
221 2311 328 2334 autem
342 2298 686 2345 aequabilitatem-illius
705 2313 808 2335 motus
829 2302 1086 2348 spe&emus,non
1101 2297 1238 2347 procula
1250 2298 1344 2331 stellis
1361 2299 1388 2331 id
1401 2297 1455 2331 ab-

76 2346 135 2383 effe
145 2361 209 2384 non
225 2360 348 2384 temere
358 2347 635 2396 colligemu5.Non
649 2350 737 2384 enim
751 2361 787 2384 ex
799 2349 863 2385 alio
872 2352 975 2397 capite
988 2361 1061 2383 cum
1073 2358 1280 2386 vcrerc5‚ti1m
1295 2348 1454 2381 recentio-

890 2404 894 2407 '
1196 2397 1225 2429 T
1238 2406 1250 2428 t
1276 2397 1307 2443 iij
