<?xml version="1.0" encoding="UTF-8"?>
<!DOCTYPE html PUBLIC "-//W3C//DTD XHTML 1.0 Transitional//EN"
    "http://www.w3.org/TR/xhtml1/DTD/xhtml1-transitional.dtd">
<html xmlns="http://www.w3.org/1999/xhtml" xml:lang="en" lang="en">
 <head>
  <title>
</title>
<meta http-equiv="Content-Type" content="text/html;charset=utf-8" />
  <meta name='ocr-system' content='tesseract 3.04.00' />
  <meta name='ocr-capabilities' content='ocr_page ocr_carea ocr_par ocr_line ocrx_word'/>
</head>
<body>
  <div class='ocr_page' id='page_1' title='image "./philosophiavetus02duhauoft_0564.png"; bbox 0 0 1878 2724; ppageno 0'>
   <div class='ocr_carea' id='block_1_1' title="bbox 392 149 1847 2220">
    <p class='ocr_par' dir='ltr' id='par_1_1' title="bbox 401 149 1272 204">
     <span class='ocr_line' id='line_1_1' title="bbox 401 149 1272 204; baseline 0.002 -18"><span class='ocrx_word' id='word_1_1' title='bbox 401 164 460 204; x_wconf 75' lang='lat'>54⁰</span> <span class='ocrx_word' id='word_1_2' title='bbox 919 151 943 188; x_wconf 76' lang='lat' dir='ltr'>p</span> <span class='ocrx_word' id='word_1_3' title='bbox 967 151 1002 187; x_wconf 82' lang='lat' dir='ltr'><strong>H</strong></span> <span class='ocrx_word' id='word_1_4' title='bbox 1024 151 1056 187; x_wconf 87' lang='lat' dir='ltr'>Y</span> <span class='ocrx_word' id='word_1_5' title='bbox 1076 151 1138 187; x_wconf 84' lang='lat' dir='ltr'>S·1</span> <span class='ocrx_word' id='word_1_6' title='bbox 1161 149 1192 186; x_wconf 88' lang='lat' dir='ltr'>C</span> <span class='ocrx_word' id='word_1_7' title='bbox 1212 152 1272 188; x_wconf 77' lang='lat' dir='ltr'>AE&#39;</span> 
     </span>
    </p>

    <p class='ocr_par' dir='ltr' id='par_1_2' title="bbox 398 197 1830 693">
     <span class='ocr_line' id='line_1_2' title="bbox 403 197 1808 249; baseline -0.001 -9"><span class='ocrx_word' id='word_1_8' title='bbox 403 203 475 240; x_wconf 86' lang='lat' dir='ltr'>mili</span> <span class='ocrx_word' id='word_1_9' title='bbox 491 200 752 238; x_wconf 79' lang='lat' dir='ltr'>articulationuni</span> <span class='ocrx_word' id='word_1_10' title='bbox 761 209 918 249; x_wconf 80' lang='lat' dir='ltr'>compage</span> <span class='ocrx_word' id='word_1_11' title='bbox 930 200 1085 239; x_wconf 82' lang='lat' dir='ltr'>constant.</span> <span class='ocrx_word' id='word_1_12' title='bbox 1105 202 1190 236; x_wconf 83' lang='lat' dir='ltr'>Intus</span> <span class='ocrx_word' id='word_1_13' title='bbox 1204 199 1274 236; x_wconf 84' lang='lat' dir='ltr'>sunt</span> <span class='ocrx_word' id='word_1_14' title='bbox 1290 197 1468 246; x_wconf 77' lang='lat' dir='ltr'>ligamenta</span> <span class='ocrx_word' id='word_1_15' title='bbox 1478 201 1513 238; x_wconf 83' lang='lat'>&amp;</span> <span class='ocrx_word' id='word_1_16' title='bbox 1527 197 1617 236; x_wconf 78' lang='lat' dir='ltr'>fibrae</span> <span class='ocrx_word' id='word_1_17' title='bbox 1632 206 1702 249; x_wconf 80' lang='lat' dir='ltr'>&#39;quae</span> <span class='ocrx_word' id='word_1_18' title='bbox 1711 210 1808 239; x_wconf 74' lang='lat' dir='ltr'>eon-‘¹</span> 
     </span>
     <span class='ocr_line' id='line_1_3' title="bbox 405 246 1791 298; baseline -0.001 -11"><span class='ocrx_word' id='word_1_19' title='bbox 405 252 514 288; x_wconf 58' lang='lat' dir='ltr'>traetae</span> <span class='ocrx_word' id='word_1_20' title='bbox 527 249 715 298; x_wconf 79' lang='lat' dir='ltr'>angularem</span> <span class='ocrx_word' id='word_1_21' title='bbox 730 247 908 285; x_wconf 84' lang='lat' dir='ltr'>flexionem</span> <span class='ocrx_word' id='word_1_22' title='bbox 917 247 1076 285; x_wconf 77' lang='lat' dir='ltr'>efficiunt.</span> <span class='ocrx_word' id='word_1_23' title='bbox 1091 251 1203 298; x_wconf 79' lang='lat' dir='ltr'>Major</span> <span class='ocrx_word' id='word_1_24' title='bbox 1217 250 1305 285; x_wconf 88' lang='lat' dir='ltr'>enim</span> <span class='ocrx_word' id='word_1_25' title='bbox 1322 247 1371 283; x_wconf 82' lang='lat' dir='ltr'>his</span> <span class='ocrx_word' id='word_1_26' title='bbox 1389 246 1534 298; x_wconf 84' lang='lat' dir='ltr'>partibus</span> <span class='ocrx_word' id='word_1_27' title='bbox 1548 249 1630 285; x_wconf 88' lang='lat' dir='ltr'>adeo</span> <span class='ocrx_word' id='word_1_28' title='bbox 1647 252 1791 298; x_wconf 84' lang='lat' dir='ltr'><strong>exiguis,</strong></span> 
     </span>
     <span class='ocr_line' id='line_1_4' title="bbox 403 296 1830 347; baseline -0.003 -9"><span class='ocrx_word' id='word_1_29' title='bbox 403 314 440 337; x_wconf 79' lang='lat' dir='ltr'>uc</span> <span class='ocrx_word' id='word_1_30' title='bbox 455 299 665 336; x_wconf 83' lang='lat' dir='ltr'>musculorum</span> <span class='ocrx_word' id='word_1_31' title='bbox 679 299 841 334; x_wconf 62' lang='lat' dir='ltr'>actionem</span> <span class='ocrx_word' id='word_1_32' title='bbox 857 298 941 334; x_wconf 86' lang='lat' dir='ltr'>ferre</span> <span class='ocrx_word' id='word_1_33' title='bbox 955 312 1021 335; x_wconf 90' lang='lat' dir='ltr'>non</span> <span class='ocrx_word' id='word_1_34' title='bbox 1039 297 1182 347; x_wconf 74' lang='lat' dir='ltr'>possent,</span> <span class='ocrx_word' id='word_1_35' title='bbox 1201 298 1334 335; x_wconf 87' lang='lat' dir='ltr'>firmitas</span> <span class='ocrx_word' id='word_1_36' title='bbox 1345 309 1381 331; x_wconf 86' lang='lat' dir='ltr'>ex</span> <span class='ocrx_word' id='word_1_37' title='bbox 1395 299 1543 334; x_wconf 79' lang='lat' dir='ltr'>cavitate</span> <span class='ocrx_word' id='word_1_38' title='bbox 1566 296 1737 344; x_wconf 72' lang='lat' dir='ltr'>squamosae</span> <span class='ocrx_word' id='word_1_39' title='bbox 1755 305 1790 340; x_wconf 84' lang='lat'>&amp;</span> <span class='ocrx_word' id='word_1_40' title='bbox 1825 306 1830 308; x_wconf 85' lang='lat'>&#39;</span> 
     </span>
     <span class='ocr_line' id='line_1_5' title="bbox 401 344 1791 397; baseline -0.001 -13"><span class='ocrx_word' id='word_1_41' title='bbox 401 351 486 385; x_wconf 84' lang='lat' dir='ltr'>durae</span> <span class='ocrx_word' id='word_1_42' title='bbox 500 350 596 397; x_wconf 86' lang='lat' dir='ltr'>partis</span> <span class='ocrx_word' id='word_1_43' title='bbox 608 348 745 385; x_wconf 88' lang='lat' dir='ltr'>accedit.</span> <span class='ocrx_word' id='word_1_44' title='bbox 767 350 820 382; x_wconf 90' lang='lat' dir='ltr'>Sic</span> <span class='ocrx_word' id='word_1_45' title='bbox 830 350 862 383; x_wconf 88' lang='lat' dir='ltr'>in</span> <span class='ocrx_word' id='word_1_46' title='bbox 874 348 1066 384; x_wconf 83' lang='lat' dir='ltr'>animalibus</span> <span class='ocrx_word' id='word_1_47' title='bbox 1080 348 1142 383; x_wconf 81' lang='lat' dir='ltr'>offa</span> <span class='ocrx_word' id='word_1_48' title='bbox 1158 348 1306 397; x_wconf 79' lang='lat' dir='ltr'>longiora</span> <span class='ocrx_word' id='word_1_49' title='bbox 1321 358 1356 381; x_wconf 87' lang='lat' dir='ltr'>ut</span> <span class='ocrx_word' id='word_1_50' title='bbox 1371 344 1513 391; x_wconf 87' lang='lat' dir='ltr'>brachii,</span> <span class='ocrx_word' id='word_1_51' title='bbox 1523 351 1558 384; x_wconf 71' lang='grc' dir='ltr'>δε</span> <span class='ocrx_word' id='word_1_52' title='bbox 1573 347 1663 383; x_wconf 82' lang='lat' dir='ltr'>tibiae</span> <span class='ocrx_word' id='word_1_53' title='bbox 1675 376 1687 392; x_wconf 90' lang='lat'>‚</span> <span class='ocrx_word' id='word_1_54' title='bbox 1697 361 1791 397; x_wconf 79' lang='lat' dir='ltr'>quae.</span> 
     </span>
     <span class='ocr_line' id='line_1_6' title="bbox 401 393 1791 447; baseline -0.002 -14"><span class='ocrx_word' id='word_1_55' title='bbox 401 411 465 446; x_wconf 90' lang='lat' dir='ltr'>que</span> <span class='ocrx_word' id='word_1_56' title='bbox 477 398 597 433; x_wconf 86' lang='lat' dir='ltr'>idcirco</span> <span class='ocrx_word' id='word_1_57' title='bbox 610 396 716 446; x_wconf 82' lang='lat' dir='ltr'>frangi</span> <span class='ocrx_word' id='word_1_58' title='bbox 725 396 956 447; x_wconf 83' lang='lat' dir='ltr'>facilepossunt</span> <span class='ocrx_word' id='word_1_59' title='bbox 967 427 977 442; x_wconf 94' lang='lat'>,</span> <span class='ocrx_word' id='word_1_60' title='bbox 993 404 1026 435; x_wconf 91' lang='lat'>&amp;</span> <span class='ocrx_word' id='word_1_61' title='bbox 1045 410 1124 432; x_wconf 83' lang='lat' dir='ltr'>cava</span> <span class='ocrx_word' id='word_1_62' title='bbox 1138 403 1172 434; x_wconf 91' lang='lat'>&amp;</span> <span class='ocrx_word' id='word_1_63' title='bbox 1185 397 1285 433; x_wconf 79' lang='lat' dir='ltr'>solida</span> <span class='ocrx_word' id='word_1_64' title='bbox 1296 396 1388 432; x_wconf 81' lang='lat' dir='ltr'>finxit</span> <span class='ocrx_word' id='word_1_65' title='bbox 1399 407 1510 431; x_wconf 91' lang='lat' dir='ltr'>natura</span> <span class='ocrx_word' id='word_1_66' title='bbox 1520 424 1532 440; x_wconf 84' lang='lat'>‚</span> <span class='ocrx_word' id='word_1_67' title='bbox 1563 407 1630 443; x_wconf 91' lang='lat' dir='ltr'>quo</span> <span class='ocrx_word' id='word_1_68' title='bbox 1647 393 1745 435; x_wconf 79' lang='lat' dir='ltr'>essent</span> <span class='ocrx_word' id='word_1_69' title='bbox 1770 398 1791 436; x_wconf 69' lang='grc' dir='ltr'>ὲ</span> 
     </span>
     <span class='ocr_line' id='line_1_7' title="bbox 398 444 1790 495; baseline -0.001 -12"><span class='ocrx_word' id='word_1_70' title='bbox 398 448 571 484; x_wconf 64' lang='lat' dir='ltr'>fractionis</span> <span class='ocrx_word' id='word_1_71' title='bbox 586 447 730 495; x_wconf 89' lang='lat' dir='ltr'>periculo</span> <span class='ocrx_word' id='word_1_72' title='bbox 741 449 859 482; x_wconf 87' lang='lat' dir='ltr'>tutiora</span> <span class='ocrx_word' id='word_1_73' title='bbox 870 461 877 483; x_wconf 89' lang='lat'><strong>:</strong></span> <span class='ocrx_word' id='word_1_74' title='bbox 888 460 964 483; x_wconf 89' lang='lat' dir='ltr'>nam</span> <span class='ocrx_word' id='word_1_75' title='bbox 975 460 1045 495; x_wconf 85' lang='lat' dir='ltr'>quae</span> <span class='ocrx_word' id='word_1_76' title='bbox 1057 447 1155 482; x_wconf 88' lang='lat' dir='ltr'>solida</span> <span class='ocrx_word' id='word_1_77' title='bbox 1171 447 1242 483; x_wconf 85' lang='lat' dir='ltr'>sunt</span> <span class='ocrx_word' id='word_1_78' title='bbox 1254 476 1265 491; x_wconf 84' lang='lat'>,</span> <span class='ocrx_word' id='word_1_79' title='bbox 1279 448 1393 481; x_wconf 88' lang='lat' dir='ltr'>eadem</span> <span class='ocrx_word' id='word_1_80' title='bbox 1406 444 1477 481; x_wconf 86' lang='lat' dir='ltr'>sunt</span> <span class='ocrx_word' id='word_1_81' title='bbox 1491 444 1670 493; x_wconf 84' lang='lat' dir='ltr'>fragiliora.</span> <span class='ocrx_word' id='word_1_82' title='bbox 1682 448 1790 484; x_wconf 74' lang='lat' dir='ltr'>Dein-</span> 
     </span>
     <span class='ocr_line' id='line_1_8' title="bbox 400 494 1792 546; baseline -0.001 -15"><span class='ocrx_word' id='word_1_83' title='bbox 400 497 442 531; x_wconf 87' lang='lat' dir='ltr'>de</span> <span class='ocrx_word' id='word_1_84' title='bbox 453 495 474 532; x_wconf 86' lang='lat' dir='ltr'>fi</span> <span class='ocrx_word' id='word_1_85' title='bbox 490 496 578 532; x_wconf 83' lang='lat' dir='ltr'>fibrae</span> <span class='ocrx_word' id='word_1_86' title='bbox 593 501 626 533; x_wconf 90' lang='lat'>&amp;</span> <span class='ocrx_word' id='word_1_87' title='bbox 646 496 823 546; x_wconf 79' lang='lat' dir='ltr'>ligamenta</span> <span class='ocrx_word' id='word_1_88' title='bbox 835 498 871 532; x_wconf 89' lang='lat' dir='ltr'>in</span> <span class='ocrx_word' id='word_1_89' title='bbox 886 497 934 532; x_wconf 88' lang='lat' dir='ltr'>his</span> <span class='ocrx_word' id='word_1_90' title='bbox 950 496 1147 532; x_wconf 76' lang='lat' dir='ltr'>animalculis</span> <span class='ocrx_word' id='word_1_91' title='bbox 1160 499 1227 531; x_wconf 85' lang='lat' dir='ltr'>aeri</span> <span class='ocrx_word' id='word_1_92' title='bbox 1240 506 1480 544; x_wconf 78' lang='lat' dir='ltr'>exponerentur</span> <span class='ocrx_word' id='word_1_93' title='bbox 1490 523 1500 538; x_wconf 90' lang='lat'><strong>,</strong></span> <span class='ocrx_word' id='word_1_94' title='bbox 1521 496 1612 529; x_wconf 85' lang='lat' dir='ltr'>citius</span> <span class='ocrx_word' id='word_1_95' title='bbox 1629 494 1792 532; x_wconf 72' lang='lat' dir='ltr'>exaresce-</span> 
     </span>
     <span class='ocr_line' id='line_1_9' title="bbox 400 541 1793 593; baseline 0 -13"><span class='ocrx_word' id='word_1_96' title='bbox 400 557 480 582; x_wconf 84' lang='lat' dir='ltr'>rent.</span> <span class='ocrx_word' id='word_1_97' title='bbox 501 547 613 593; x_wconf 82' lang='lat' dir='ltr'>Qare</span> <span class='ocrx_word' id='word_1_98' title='bbox 626 548 785 582; x_wconf 87' lang='lat' dir='ltr'>naturain</span> <span class='ocrx_word' id='word_1_99' title='bbox 805 545 921 581; x_wconf 85' lang='lat' dir='ltr'>tubulis</span> <span class='ocrx_word' id='word_1_100' title='bbox 940 545 1121 581; x_wconf 84' lang='lat' dir='ltr'>durioribus</span> <span class='ocrx_word' id='word_1_101' title='bbox 1140 558 1178 581; x_wconf 89' lang='lat' dir='ltr'>ea</span> <span class='ocrx_word' id='word_1_102' title='bbox 1195 546 1364 588; x_wconf 85' lang='lat' dir='ltr'>condidit,</span> <span class='ocrx_word' id='word_1_103' title='bbox 1381 555 1416 578; x_wconf 90' lang='lat' dir='ltr'>ut</span> <span class='ocrx_word' id='word_1_104' title='bbox 1429 546 1549 579; x_wconf 83' lang='lat' dir='ltr'>tutiora</span> <span class='ocrx_word' id='word_1_105' title='bbox 1569 541 1670 578; x_wconf 83' lang='lat' dir='ltr'>essent</span> <span class='ocrx_word' id='word_1_106' title='bbox 1681 543 1724 579; x_wconf 86' lang='lat' dir='ltr'>ab</span> <span class='ocrx_word' id='word_1_107' title='bbox 1738 557 1793 584; x_wconf 58' lang='lat' dir='ltr'>aee,</span> 
     </span>
     <span class='ocr_line' id='line_1_10' title="bbox 400 592 1790 645; baseline 0.001 -16"><span class='ocrx_word' id='word_1_108' title='bbox 400 597 441 630; x_wconf 90' lang='lat' dir='ltr'>ris</span> <span class='ocrx_word' id='word_1_109' title='bbox 452 598 623 643; x_wconf 79' lang='lat' dir='ltr'>injuriis3&amp;</span> <span class='ocrx_word' id='word_1_110' title='bbox 633 594 723 631; x_wconf 86' lang='lat' dir='ltr'>fimul</span> <span class='ocrx_word' id='word_1_111' title='bbox 735 607 770 630; x_wconf 89' lang='lat' dir='ltr'>ut</span> <span class='ocrx_word' id='word_1_112' title='bbox 787 594 898 644; x_wconf 91' lang='lat' dir='ltr'>spiritu</span> <span class='ocrx_word' id='word_1_113' title='bbox 911 609 1032 645; x_wconf 81' lang='lat' dir='ltr'>vegeto</span> <span class='ocrx_word' id='word_1_114' title='bbox 1050 608 1108 645; x_wconf 91' lang='lat' dir='ltr'>per</span> <span class='ocrx_word' id='word_1_115' title='bbox 1121 607 1178 631; x_wconf 88' lang='lat' dir='ltr'>eos</span> <span class='ocrx_word' id='word_1_116' title='bbox 1193 594 1323 631; x_wconf 89' lang='lat' dir='ltr'>tubulos</span> <span class='ocrx_word' id='word_1_117' title='bbox 1335 603 1542 628; x_wconf 87' lang='lat' dir='ltr'>commeante</span> <span class='ocrx_word' id='word_1_118' title='bbox 1552 603 1658 642; x_wconf 88' lang='lat' dir='ltr'>partes</span> <span class='ocrx_word' id='word_1_119' title='bbox 1671 592 1733 630; x_wconf 81' lang='lat' dir='ltr'>illae</span> <span class='ocrx_word' id='word_1_120' title='bbox 1741 593 1790 636; x_wconf 65' lang='grc' dir='ltr'>ἔα,</span> 
     </span>
     <span class='ocr_line' id='line_1_11' title="bbox 400 645 1364 693; baseline 0.001 -13"><span class='ocrx_word' id='word_1_121' title='bbox 400 657 554 681; x_wconf 86' lang='lat' dir='ltr'>verentur</span> <span class='ocrx_word' id='word_1_122' title='bbox 565 673 575 688; x_wconf 90' lang='lat'>,</span> <span class='ocrx_word' id='word_1_123' title='bbox 590 650 626 682; x_wconf 89' lang='lat'>&amp;</span> <span class='ocrx_word' id='word_1_124' title='bbox 637 645 756 680; x_wconf 87' lang='lat' dir='ltr'>diutius</span> <span class='ocrx_word' id='word_1_125' title='bbox 768 647 804 680; x_wconf 88' lang='lat' dir='ltr'>in</span> <span class='ocrx_word' id='word_1_126' title='bbox 817 645 1016 680; x_wconf 83' lang='lat' dir='ltr'>naturaliluo</span> <span class='ocrx_word' id='word_1_127' title='bbox 1033 646 1111 680; x_wconf 84' lang='lat' dir='ltr'>statu</span> <span class='ocrx_word' id='word_1_128' title='bbox 1125 656 1364 693; x_wconf 84' lang='lat' dir='ltr'>permanerent.</span> 
     </span>
    </p>

    <p class='ocr_par' dir='ltr' id='par_1_3' title="bbox 398 692 1793 1188">
     <span class='ocr_line' id='line_1_12' title="bbox 429 692 1790 743; baseline -0.003 -12"><span class='ocrx_word' id='word_1_129' title='bbox 429 694 682 731; x_wconf 90' lang='lat' dir='ltr'>Lumbricorum</span> <span class='ocrx_word' id='word_1_130' title='bbox 697 706 805 729; x_wconf 90' lang='lat' dir='ltr'>motus</span> <span class='ocrx_word' id='word_1_131' title='bbox 821 696 1046 731; x_wconf 62' lang='lat' dir='ltr'>contraditione</span> <span class='ocrx_word' id='word_1_132' title='bbox 1073 697 1216 743; x_wconf 88' lang='lat' dir='ltr'>corporis</span> <span class='ocrx_word' id='word_1_133' title='bbox 1232 723 1241 739; x_wconf 81' lang='lat'>,</span> <span class='ocrx_word' id='word_1_134' title='bbox 1267 706 1337 730; x_wconf 89' lang='lat' dir='ltr'>tum</span> <span class='ocrx_word' id='word_1_135' title='bbox 1361 693 1445 729; x_wconf 88' lang='lat' dir='ltr'>illius</span> <span class='ocrx_word' id='word_1_136' title='bbox 1474 692 1690 742; x_wconf 60' lang='lat' dir='ltr'>productione</span> <span class='ocrx_word' id='word_1_137' title='bbox 1716 703 1790 740; x_wconf 60' lang='lat' dir='ltr'>per-⁴</span> 
     </span>
     <span class='ocr_line' id='line_1_13' title="bbox 401 741 1790 793; baseline -0.004 -13"><span class='ocrx_word' id='word_1_138' title='bbox 401 743 506 780; x_wconf 83' lang='lat' dir='ltr'>ficitur</span> <span class='ocrx_word' id='word_1_139' title='bbox 520 763 529 790; x_wconf 75' lang='lat'><em>3</em></span> <span class='ocrx_word' id='word_1_140' title='bbox 542 755 633 793; x_wconf 86' lang='lat' dir='ltr'>parte</span> <span class='ocrx_word' id='word_1_141' title='bbox 644 746 787 792; x_wconf 88' lang='lat' dir='ltr'>corporis</span> <span class='ocrx_word' id='word_1_142' title='bbox 803 755 893 779; x_wconf 84' lang='lat' dir='ltr'>terrae</span> <span class='ocrx_word' id='word_1_143' title='bbox 911 746 1041 788; x_wconf 80' lang='lat' dir='ltr'>innixa,</span> <span class='ocrx_word' id='word_1_144' title='bbox 1053 744 1156 779; x_wconf 84' lang='lat' dir='ltr'>altera</span> <span class='ocrx_word' id='word_1_145' title='bbox 1170 744 1376 792; x_wconf 88' lang='lat' dir='ltr'>producitur,</span> <span class='ocrx_word' id='word_1_146' title='bbox 1400 749 1435 781; x_wconf 90' lang='lat'>&amp;</span> <span class='ocrx_word' id='word_1_147' title='bbox 1448 741 1553 778; x_wconf 90' lang='lat' dir='ltr'>secum</span> <span class='ocrx_word' id='word_1_148' title='bbox 1575 741 1665 777; x_wconf 85' lang='lat' dir='ltr'>vehit</span> <span class='ocrx_word' id='word_1_149' title='bbox 1684 742 1790 790; x_wconf 75' lang='lat' dir='ltr'>poste.</span> 
     </span>
     <span class='ocr_line' id='line_1_14' title="bbox 401 791 1790 842; baseline 0 -15"><span class='ocrx_word' id='word_1_150' title='bbox 401 797 522 830; x_wconf 85' lang='lat' dir='ltr'>tiorem</span> <span class='ocrx_word' id='word_1_151' title='bbox 537 794 655 841; x_wconf 78' lang='lat' dir='ltr'>3idque</span> <span class='ocrx_word' id='word_1_152' title='bbox 669 793 799 828; x_wconf 79' lang='lat' dir='ltr'>alternis</span> <span class='ocrx_word' id='word_1_153' title='bbox 811 791 945 829; x_wconf 87' lang='lat' dir='ltr'>efficitur</span> <span class='ocrx_word' id='word_1_154' title='bbox 956 823 966 838; x_wconf 88' lang='lat'>‚</span> <span class='ocrx_word' id='word_1_155' title='bbox 976 793 1045 829; x_wconf 91' lang='lat' dir='ltr'>fere</span> <span class='ocrx_word' id='word_1_156' title='bbox 1058 805 1094 828; x_wconf 88' lang='lat' dir='ltr'>ut</span> <span class='ocrx_word' id='word_1_157' title='bbox 1110 806 1170 829; x_wconf 85' lang='lat' dir='ltr'>nos</span> <span class='ocrx_word' id='word_1_158' title='bbox 1183 794 1266 842; x_wconf 91' lang='lat' dir='ltr'>pede</span> <span class='ocrx_word' id='word_1_159' title='bbox 1279 795 1383 829; x_wconf 77' lang='lat' dir='ltr'>innixi</span> <span class='ocrx_word' id='word_1_160' title='bbox 1397 793 1534 827; x_wconf 86' lang='lat' dir='ltr'>alterum</span> <span class='ocrx_word' id='word_1_161' title='bbox 1546 803 1790 839; x_wconf 84' lang='lat' dir='ltr'>promovemus,</span> 
     </span>
     <span class='ocr_line' id='line_1_15' title="bbox 399 839 1790 888; baseline -0.001 -10"><span class='ocrx_word' id='word_1_162' title='bbox 399 846 453 879; x_wconf 87' lang='lat' dir='ltr'>cui</span> <span class='ocrx_word' id='word_1_163' title='bbox 469 842 877 879; x_wconf 49' lang='lat' dir='ltr'>viciffiminnitimursAut</span> <span class='ocrx_word' id='word_1_164' title='bbox 890 843 977 878; x_wconf 80' lang='lat' dir='ltr'>forte</span> <span class='ocrx_word' id='word_1_165' title='bbox 995 854 1032 877; x_wconf 90' lang='lat' dir='ltr'>ut</span> <span class='ocrx_word' id='word_1_166' title='bbox 1050 843 1180 878; x_wconf 88' lang='lat' dir='ltr'>videtur</span> <span class='ocrx_word' id='word_1_167' title='bbox 1197 843 1250 879; x_wconf 75' lang='lat' dir='ltr'>Cl.</span> <span class='ocrx_word' id='word_1_168' title='bbox 1259 842 1401 885; x_wconf 78' lang='lat' dir='ltr'>Entello,</span> <span class='ocrx_word' id='word_1_169' title='bbox 1420 840 1501 877; x_wconf 85' lang='lat' dir='ltr'>fibra</span> <span class='ocrx_word' id='word_1_170' title='bbox 1512 839 1705 884; x_wconf 60' lang='lat' dir='ltr'>must-alosti,</span> <span class='ocrx_word' id='word_1_171' title='bbox 1716 852 1790 888; x_wconf 77' lang='lat' dir='ltr'>quae</span> 
     </span>
     <span class='ocr_line' id='line_1_16' title="bbox 400 887 1793 940; baseline -0.001 -12"><span class='ocrx_word' id='word_1_172' title='bbox 400 893 422 928; x_wconf 68' lang='grc' dir='ltr'>ἓν.</span> <span class='ocrx_word' id='word_1_173' title='bbox 442 893 541 928; x_wconf 88' lang='lat' dir='ltr'>cauda</span> <span class='ocrx_word' id='word_1_174' title='bbox 556 894 691 940; x_wconf 84' lang='lat' dir='ltr'>incipit,</span> <span class='ocrx_word' id='word_1_175' title='bbox 713 897 748 929; x_wconf 74' lang='grc' dir='ltr'>δε</span> <span class='ocrx_word' id='word_1_176' title='bbox 761 890 864 926; x_wconf 89' lang='lat' dir='ltr'>stabili</span> <span class='ocrx_word' id='word_1_177' title='bbox 880 894 992 927; x_wconf 89' lang='lat' dir='ltr'>innixa</span> <span class='ocrx_word' id='word_1_178' title='bbox 1011 891 1134 936; x_wconf 87' lang='lat' dir='ltr'>fulcro,</span> <span class='ocrx_word' id='word_1_179' title='bbox 1160 891 1220 927; x_wconf 91' lang='lat' dir='ltr'>ubi</span> <span class='ocrx_word' id='word_1_180' title='bbox 1234 891 1437 927; x_wconf 83' lang='lat' dir='ltr'>contrahitur</span> <span class='ocrx_word' id='word_1_181' title='bbox 1459 919 1470 933; x_wconf 94' lang='lat'>,</span> <span class='ocrx_word' id='word_1_182' title='bbox 1495 890 1594 924; x_wconf 85' lang='lat' dir='ltr'>cauda</span> <span class='ocrx_word' id='word_1_183' title='bbox 1614 887 1680 938; x_wconf 87' lang='lat' dir='ltr'>ipsa</span> <span class='ocrx_word' id='word_1_184' title='bbox 1697 889 1793 926; x_wconf 74' lang='lat' dir='ltr'>instat</span> 
     </span>
     <span class='ocr_line' id='line_1_17' title="bbox 399 939 1789 990; baseline -0.004 -12"><span class='ocrx_word' id='word_1_185' title='bbox 399 943 552 990; x_wconf 83' lang='lat' dir='ltr'>ponderis</span> <span class='ocrx_word' id='word_1_186' title='bbox 568 941 706 976; x_wconf 88' lang='lat' dir='ltr'>trahitur</span> <span class='ocrx_word' id='word_1_187' title='bbox 720 943 872 977; x_wconf 87' lang='lat' dir='ltr'>:interim</span> <span class='ocrx_word' id='word_1_188' title='bbox 888 953 1000 976; x_wconf 85' lang='lat' dir='ltr'>tamen</span> <span class='ocrx_word' id='word_1_189' title='bbox 1017 953 1078 975; x_wconf 91' lang='lat' dir='ltr'>nec</span> <span class='ocrx_word' id='word_1_190' title='bbox 1094 940 1187 989; x_wconf 88' lang='lat' dir='ltr'>pellis</span> <span class='ocrx_word' id='word_1_191' title='bbox 1199 969 1209 984; x_wconf 90' lang='lat'><strong>,</strong></span> <span class='ocrx_word' id='word_1_192' title='bbox 1227 953 1288 976; x_wconf 86' lang='lat' dir='ltr'>nec</span> <span class='ocrx_word' id='word_1_193' title='bbox 1301 939 1497 975; x_wconf 71' lang='lat' dir='ltr'>membranae</span> <span class='ocrx_word' id='word_1_194' title='bbox 1514 940 1683 973; x_wconf 88' lang='lat' dir='ltr'>interiores</span> <span class='ocrx_word' id='word_1_195' title='bbox 1708 951 1789 974; x_wconf 84' lang='lat' dir='ltr'>con.</span> 
     </span>
     <span class='ocr_line' id='line_1_18' title="bbox 402 986 1789 1039; baseline -0.001 -13"><span class='ocrx_word' id='word_1_196' title='bbox 402 992 570 1027; x_wconf 88' lang='lat' dir='ltr'>trahuntur</span> <span class='ocrx_word' id='word_1_197' title='bbox 583 1019 593 1033; x_wconf 88' lang='lat'>‚</span> <span class='ocrx_word' id='word_1_198' title='bbox 603 990 654 1025; x_wconf 90' lang='lat' dir='ltr'>sed</span> <span class='ocrx_word' id='word_1_199' title='bbox 665 989 753 1026; x_wconf 91' lang='lat' dir='ltr'>suam</span> <span class='ocrx_word' id='word_1_200' title='bbox 773 1002 904 1025; x_wconf 85' lang='lat' dir='ltr'>tuentur</span> <span class='ocrx_word' id='word_1_201' title='bbox 924 989 1266 1039; x_wconf 83' lang='lat' dir='ltr'>longitudinem:unde</span> <span class='ocrx_word' id='word_1_202' title='bbox 1281 1001 1334 1024; x_wconf 86' lang='lat' dir='ltr'>eas</span> <span class='ocrx_word' id='word_1_203' title='bbox 1349 989 1509 1037; x_wconf 79' lang='lat' dir='ltr'>corrugari</span> <span class='ocrx_word' id='word_1_204' title='bbox 1526 986 1649 1022; x_wconf 81' lang='lat' dir='ltr'>necesse</span> <span class='ocrx_word' id='word_1_205' title='bbox 1660 987 1708 1021; x_wconf 86' lang='lat' dir='ltr'>est</span> <span class='ocrx_word' id='word_1_206' title='bbox 1722 1001 1731 1024; x_wconf 89' lang='lat'><strong>:</strong></span> <span class='ocrx_word' id='word_1_207' title='bbox 1750 999 1789 1024; x_wconf 86' lang='lat' dir='ltr'>ut</span> 
     </span>
     <span class='ocr_line' id='line_1_19' title="bbox 398 1035 1793 1080; baseline -0.002 -5"><span class='ocrx_word' id='word_1_208' title='bbox 398 1039 479 1076; x_wconf 75' lang='lat' dir='ltr'>fitin</span> <span class='ocrx_word' id='word_1_209' title='bbox 496 1039 643 1075; x_wconf 86' lang='lat' dir='ltr'>musculis</span> <span class='ocrx_word' id='word_1_210' title='bbox 654 1039 851 1075; x_wconf 85' lang='lat' dir='ltr'>animalium.</span> <span class='ocrx_word' id='word_1_211' title='bbox 871 1041 961 1076; x_wconf 87' lang='lat' dir='ltr'>Nam</span> <span class='ocrx_word' id='word_1_212' title='bbox 974 1039 1031 1073; x_wconf 84' lang='lat' dir='ltr'>ubi</span> <span class='ocrx_word' id='word_1_213' title='bbox 1044 1040 1213 1074; x_wconf 82' lang='lat' dir='ltr'>interiores</span> <span class='ocrx_word' id='word_1_214' title='bbox 1229 1037 1362 1073; x_wconf 84' lang='lat' dir='ltr'>musculi</span> <span class='ocrx_word' id='word_1_215' title='bbox 1373 1036 1463 1072; x_wconf 81' lang='lat' dir='ltr'>fibrae</span> <span class='ocrx_word' id='word_1_216' title='bbox 1484 1036 1738 1080; x_wconf 79' lang='lat' dir='ltr'>contrahuntur,</span> <span class='ocrx_word' id='word_1_217' title='bbox 1754 1035 1793 1072; x_wconf 87' lang='lat' dir='ltr'>fi-</span> 
     </span>
     <span class='ocr_line' id='line_1_20' title="bbox 400 1084 1792 1137; baseline -0.003 -12"><span class='ocrx_word' id='word_1_218' title='bbox 400 1090 467 1125; x_wconf 88' lang='lat' dir='ltr'>mul</span> <span class='ocrx_word' id='word_1_219' title='bbox 480 1088 714 1127; x_wconf 87' lang='lat' dir='ltr'>&amp;membrana</span> <span class='ocrx_word' id='word_1_220' title='bbox 730 1101 802 1136; x_wconf 86' lang='lat' dir='ltr'>quae</span> <span class='ocrx_word' id='word_1_221' title='bbox 820 1101 871 1122; x_wconf 85' lang='lat' dir='ltr'>eas</span> <span class='ocrx_word' id='word_1_222' title='bbox 885 1087 1027 1124; x_wconf 88' lang='lat' dir='ltr'>involvit</span> <span class='ocrx_word' id='word_1_223' title='bbox 1039 1117 1049 1132; x_wconf 93' lang='lat'>,</span> <span class='ocrx_word' id='word_1_224' title='bbox 1063 1099 1257 1137; x_wconf 82' lang='lat' dir='ltr'>corrugatur.</span> <span class='ocrx_word' id='word_1_225' title='bbox 1283 1089 1363 1124; x_wconf 92' lang='lat' dir='ltr'>Non</span> <span class='ocrx_word' id='word_1_226' title='bbox 1371 1084 1520 1121; x_wconf 81' lang='lat' dir='ltr'>dissimili</span> <span class='ocrx_word' id='word_1_227' title='bbox 1537 1085 1638 1119; x_wconf 88' lang='lat' dir='ltr'>modo</span> <span class='ocrx_word' id='word_1_228' title='bbox 1658 1084 1792 1123; x_wconf 74' lang='lat' dir='ltr'>limaces</span> 
     </span>
     <span class='ocr_line' id='line_1_21' title="bbox 398 1137 1002 1188; baseline -0.007 -12"><span class='ocrx_word' id='word_1_229' title='bbox 398 1144 435 1176; x_wconf 70' lang='grc' dir='ltr'>δε</span> <span class='ocrx_word' id='word_1_230' title='bbox 455 1139 608 1188; x_wconf 87' lang='lat' dir='ltr'>pleraque</span> <span class='ocrx_word' id='word_1_231' title='bbox 625 1137 743 1173; x_wconf 60' lang='lat' dir='ltr'>inserita</span> <span class='ocrx_word' id='word_1_232' title='bbox 755 1148 1002 1186; x_wconf 81' lang='lat' dir='ltr'>promoventur.</span> 
     </span>
    </p>

    <p class='ocr_par' dir='ltr' id='par_1_4' title="bbox 392 1182 1792 1471">
     <span class='ocr_line' id='line_1_22' title="bbox 434 1182 1792 1235; baseline -0.004 -13"><span class='ocrx_word' id='word_1_233' title='bbox 434 1191 509 1226; x_wconf 87' lang='lat' dir='ltr'>Nec</span> <span class='ocrx_word' id='word_1_234' title='bbox 529 1187 684 1224; x_wconf 87' lang='lat' dir='ltr'>diffimilis</span> <span class='ocrx_word' id='word_1_235' title='bbox 699 1188 746 1222; x_wconf 91' lang='lat' dir='ltr'>est</span> <span class='ocrx_word' id='word_1_236' title='bbox 759 1187 941 1235; x_wconf 85' lang='lat' dir='ltr'>serpentum</span> <span class='ocrx_word' id='word_1_237' title='bbox 951 1197 1115 1233; x_wconf 85' lang='lat' dir='ltr'>reptatus.-</span> <span class='ocrx_word' id='word_1_238' title='bbox 1131 1183 1256 1221; x_wconf 84' lang='lat' dir='ltr'>tametsi</span> <span class='ocrx_word' id='word_1_239' title='bbox 1280 1196 1319 1221; x_wconf 82' lang='lat' dir='ltr'>ex</span> <span class='ocrx_word' id='word_1_240' title='bbox 1333 1183 1451 1222; x_wconf 84' lang='lat' dir='ltr'>offibus</span> <span class='ocrx_word' id='word_1_241' title='bbox 1468 1182 1641 1218; x_wconf 87' lang='lat' dir='ltr'>articulatis</span> <span class='ocrx_word' id='word_1_242' title='bbox 1656 1188 1692 1221; x_wconf 69' lang='grc' dir='ltr'>ὃς</span> <span class='ocrx_word' id='word_1_243' title='bbox 1707 1183 1792 1219; x_wconf 79' lang='lat' dir='ltr'>mus·</span> 
     </span>
     <span class='ocr_line' id='line_1_23' title="bbox 394 1231 1790 1286; baseline -0.005 -13"><span class='ocrx_word' id='word_1_244' title='bbox 394 1238 473 1273; x_wconf 73' lang='lat' dir='ltr'>culis</span> <span class='ocrx_word' id='word_1_245' title='bbox 486 1239 744 1286; x_wconf 81' lang='lat' dir='ltr'>compinguntur.</span> <span class='ocrx_word' id='word_1_246' title='bbox 762 1237 893 1284; x_wconf 84' lang='lat' dir='ltr'>Corpus</span> <span class='ocrx_word' id='word_1_247' title='bbox 909 1237 1044 1283; x_wconf 89' lang='lat' dir='ltr'>quidem</span> <span class='ocrx_word' id='word_1_248' title='bbox 1055 1238 1088 1270; x_wconf 87' lang='lat' dir='ltr'>in</span> <span class='ocrx_word' id='word_1_249' title='bbox 1099 1234 1231 1283; x_wconf 88' lang='lat' dir='ltr'>seipsum</span> <span class='ocrx_word' id='word_1_250' title='bbox 1245 1247 1314 1270; x_wconf 89' lang='lat' dir='ltr'>non</span> <span class='ocrx_word' id='word_1_251' title='bbox 1328 1236 1508 1276; x_wconf 86' lang='lat' dir='ltr'>adducitur,</span> <span class='ocrx_word' id='word_1_252' title='bbox 1519 1244 1554 1268; x_wconf 86' lang='lat' dir='ltr'>ut</span> <span class='ocrx_word' id='word_1_253' title='bbox 1566 1235 1601 1267; x_wconf 86' lang='lat' dir='ltr'>in</span> <span class='ocrx_word' id='word_1_254' title='bbox 1613 1231 1790 1277; x_wconf 76' lang='lat' dir='ltr'>lumbricis,</span> 
     </span>
     <span class='ocr_line' id='line_1_24' title="bbox 399 1281 1789 1335; baseline -0.003 -13"><span class='ocrx_word' id='word_1_255' title='bbox 399 1286 452 1322; x_wconf 92' lang='lat' dir='ltr'>sed</span> <span class='ocrx_word' id='word_1_256' title='bbox 467 1286 679 1335; x_wconf 85' lang='lat' dir='ltr'>complicatur</span> <span class='ocrx_word' id='word_1_257' title='bbox 693 1315 703 1329; x_wconf 88' lang='lat'><strong>,</strong></span> <span class='ocrx_word' id='word_1_258' title='bbox 713 1291 747 1322; x_wconf 87' lang='lat'>&amp;</span> <span class='ocrx_word' id='word_1_259' title='bbox 760 1298 832 1334; x_wconf 89' lang='lat' dir='ltr'>pars</span> <span class='ocrx_word' id='word_1_260' title='bbox 845 1285 930 1320; x_wconf 88' lang='lat' dir='ltr'>illius</span> <span class='ocrx_word' id='word_1_261' title='bbox 948 1296 1037 1320; x_wconf 86' lang='lat' dir='ltr'>terrae</span> <span class='ocrx_word' id='word_1_262' title='bbox 1047 1283 1162 1332; x_wconf 80' lang='lat' dir='ltr'>asperae</span> <span class='ocrx_word' id='word_1_263' title='bbox 1172 1285 1340 1326; x_wconf 85' lang='lat' dir='ltr'>innititur,</span> <span class='ocrx_word' id='word_1_264' title='bbox 1350 1295 1387 1318; x_wconf 90' lang='lat' dir='ltr'>ut</span> <span class='ocrx_word' id='word_1_265' title='bbox 1402 1281 1650 1330; x_wconf 84' lang='lat' dir='ltr'>quodammodo</span> <span class='ocrx_word' id='word_1_266' title='bbox 1663 1292 1789 1330; x_wconf 86' lang='lat' dir='ltr'>partem</span> 
     </span>
     <span class='ocr_line' id='line_1_25' title="bbox 397 1330 1792 1383; baseline -0.003 -12"><span class='ocrx_word' id='word_1_267' title='bbox 397 1336 534 1371; x_wconf 86' lang='lat' dir='ltr'>alteram</span> <span class='ocrx_word' id='word_1_268' title='bbox 547 1335 741 1383; x_wconf 86' lang='lat' dir='ltr'>ejaculetur,</span> <span class='ocrx_word' id='word_1_269' title='bbox 752 1341 786 1371; x_wconf 72' lang='grc' dir='ltr'>ὅ(</span> <span class='ocrx_word' id='word_1_270' title='bbox 795 1337 888 1370; x_wconf 80' lang='lat' dir='ltr'>citius</span> <span class='ocrx_word' id='word_1_271' title='bbox 902 1336 1043 1383; x_wconf 85' lang='lat' dir='ltr'>priorem</span> <span class='ocrx_word' id='word_1_272' title='bbox 1053 1334 1196 1370; x_wconf 85' lang='lat' dir='ltr'>reducat.</span> <span class='ocrx_word' id='word_1_273' title='bbox 1213 1336 1248 1368; x_wconf 89' lang='lat' dir='ltr'>ln</span> <span class='ocrx_word' id='word_1_274' title='bbox 1264 1331 1434 1381; x_wconf 85' lang='lat' dir='ltr'>reptilibus</span> <span class='ocrx_word' id='word_1_275' title='bbox 1447 1331 1533 1380; x_wconf 86' lang='lat' dir='ltr'>spina</span> <span class='ocrx_word' id='word_1_276' title='bbox 1547 1330 1622 1365; x_wconf 83' lang='lat' dir='ltr'>hinc</span> <span class='ocrx_word' id='word_1_277' title='bbox 1635 1331 1711 1365; x_wconf 88' lang='lat' dir='ltr'>inde</span> <span class='ocrx_word' id='word_1_278' title='bbox 1721 1343 1792 1367; x_wconf 67' lang='lat' dir='ltr'>tor«</span> 
     </span>
     <span class='ocr_line' id='line_1_26' title="bbox 392 1379 1790 1433; baseline -0.004 -13"><span class='ocrx_word' id='word_1_279' title='bbox 392 1385 488 1420; x_wconf 91' lang='lat' dir='ltr'>-tuose</span> <span class='ocrx_word' id='word_1_280' title='bbox 504 1384 620 1421; x_wconf 83' lang='lat' dir='ltr'>inflexa</span> <span class='ocrx_word' id='word_1_281' title='bbox 631 1414 641 1428; x_wconf 88' lang='lat'><strong>,</strong></span> <span class='ocrx_word' id='word_1_282' title='bbox 656 1385 745 1419; x_wconf 87' lang='lat' dir='ltr'>idem</span> <span class='ocrx_word' id='word_1_283' title='bbox 760 1383 859 1420; x_wconf 87' lang='lat' dir='ltr'>efficit</span> <span class='ocrx_word' id='word_1_284' title='bbox 876 1396 914 1419; x_wconf 92' lang='lat' dir='ltr'>ac</span> <span class='ocrx_word' id='word_1_285' title='bbox 933 1384 1052 1433; x_wconf 83' lang='lat' dir='ltr'>pedum</span> <span class='ocrx_word' id='word_1_286' title='bbox 1063 1382 1187 1417; x_wconf 86' lang='lat' dir='ltr'>articuli</span> <span class='ocrx_word' id='word_1_287' title='bbox 1204 1384 1238 1418; x_wconf 90' lang='lat' dir='ltr'>in</span> <span class='ocrx_word' id='word_1_288' title='bbox 1261 1381 1352 1419; x_wconf 89' lang='lat' dir='ltr'>saltu.</span> <span class='ocrx_word' id='word_1_289' title='bbox 1377 1382 1478 1419; x_wconf 89' lang='lat' dir='ltr'>Unde</span> <span class='ocrx_word' id='word_1_290' title='bbox 1493 1380 1514 1416; x_wconf 71' lang='lat' dir='ltr'>a</span> <span class='ocrx_word' id='word_1_291' title='bbox 1529 1379 1676 1415; x_wconf 84' lang='lat' dir='ltr'>musculis</span> <span class='ocrx_word' id='word_1_292' title='bbox 1690 1379 1790 1429; x_wconf 81' lang='lat' dir='ltr'>plicas</span> 
     </span>
     <span class='ocr_line' id='line_1_27' title="bbox 396 1432 875 1471; baseline 0.004 -2"><span class='ocrx_word' id='word_1_293' title='bbox 396 1434 649 1471; x_wconf 82' lang='lat' dir='ltr'>extendentibus</span> <span class='ocrx_word' id='word_1_294' title='bbox 669 1433 752 1470; x_wconf 89' lang='lat' dir='ltr'>fiunt</span> <span class='ocrx_word' id='word_1_295' title='bbox 768 1432 875 1471; x_wconf 76' lang='lat' dir='ltr'>saltus·</span> 
     </span>
    </p>

    <p class='ocr_par' dir='ltr' id='par_1_5' title="bbox 397 1475 1847 1828">
     <span class='ocr_line' id='line_1_28' title="bbox 432 1475 1847 1531; baseline -0.006 -11"><span class='ocrx_word' id='word_1_296' title='bbox 432 1488 537 1520; x_wconf 81' lang='lat' dir='ltr'>Erucae</span> <span class='ocrx_word' id='word_1_297' title='bbox 550 1484 619 1519; x_wconf 80' lang='lat' dir='ltr'>fere</span> <span class='ocrx_word' id='word_1_298' title='bbox 629 1496 663 1519; x_wconf 93' lang='lat' dir='ltr'>ut</span> <span class='ocrx_word' id='word_1_299' title='bbox 680 1482 830 1518; x_wconf 85' lang='lat' dir='ltr'>lumbrici</span> <span class='ocrx_word' id='word_1_300' title='bbox 843 1493 991 1531; x_wconf 83' lang='lat' dir='ltr'>reptant,</span> <span class='ocrx_word' id='word_1_301' title='bbox 1003 1482 1082 1517; x_wconf 89' lang='lat' dir='ltr'>dum</span> <span class='ocrx_word' id='word_1_302' title='bbox 1095 1493 1201 1531; x_wconf 86' lang='lat' dir='ltr'>patres</span> <span class='ocrx_word' id='word_1_303' title='bbox 1210 1482 1353 1529; x_wconf 86' lang='lat' dir='ltr'>corporis</span> <span class='ocrx_word' id='word_1_304' title='bbox 1367 1478 1598 1514; x_wconf 84' lang='lat' dir='ltr'>contrahuntur</span> <span class='ocrx_word' id='word_1_305' title='bbox 1609 1506 1619 1522; x_wconf 86' lang='lat'>‚</span> <span class='ocrx_word' id='word_1_306' title='bbox 1641 1482 1676 1515; x_wconf 70' lang='grc' dir='ltr'>δε</span> <span class='ocrx_word' id='word_1_307' title='bbox 1693 1479 1726 1513; x_wconf 91' lang='lat' dir='ltr'>in</span> <span class='ocrx_word' id='word_1_308' title='bbox 1741 1475 1791 1512; x_wconf 82' lang='lat' dir='ltr'>se·</span> <span class='ocrx_word' id='word_1_309' title='bbox 1843 1509 1847 1517; x_wconf 88' lang='grc'>,</span> 
     </span>
     <span class='ocr_line' id='line_1_29' title="bbox 399 1527 1788 1582; baseline -0.005 -14"><span class='ocrx_word' id='word_1_310' title='bbox 399 1534 478 1582; x_wconf 71' lang='lat' dir='ltr'>ipsas</span> <span class='ocrx_word' id='word_1_311' title='bbox 503 1534 727 1577; x_wconf 79' lang='lat' dir='ltr'>adducuntur3</span> <span class='ocrx_word' id='word_1_312' title='bbox 743 1531 881 1579; x_wconf 86' lang='lat' dir='ltr'>pedibus</span> <span class='ocrx_word' id='word_1_313' title='bbox 906 1531 964 1566; x_wconf 89' lang='lat' dir='ltr'>suis</span> <span class='ocrx_word' id='word_1_314' title='bbox 985 1544 1075 1566; x_wconf 85' lang='lat' dir='ltr'>terrae</span> <span class='ocrx_word' id='word_1_315' title='bbox 1089 1530 1194 1567; x_wconf 82' lang='lat' dir='ltr'>infixis</span> <span class='ocrx_word' id='word_1_316' title='bbox 1208 1530 1350 1577; x_wconf 84' lang='lat' dir='ltr'>aliquam</span> <span class='ocrx_word' id='word_1_317' title='bbox 1370 1527 1414 1563; x_wconf 91' lang='lat' dir='ltr'>sui</span> <span class='ocrx_word' id='word_1_318' title='bbox 1428 1540 1572 1577; x_wconf 79' lang='lat' dir='ltr'>partem,</span> <span class='ocrx_word' id='word_1_319' title='bbox 1595 1540 1660 1563; x_wconf 89' lang='lat' dir='ltr'>non</span> <span class='ocrx_word' id='word_1_320' title='bbox 1672 1538 1788 1575; x_wconf 80' lang='lat' dir='ltr'>corpus</span> 
     </span>
     <span class='ocr_line' id='line_1_30' title="bbox 397 1576 1789 1629; baseline -0.004 -11"><span class='ocrx_word' id='word_1_321' title='bbox 397 1583 462 1618; x_wconf 86' lang='lat' dir='ltr'>alio</span> <span class='ocrx_word' id='word_1_322' title='bbox 479 1583 688 1618; x_wconf 87' lang='lat' dir='ltr'>transferunt.</span> <span class='ocrx_word' id='word_1_323' title='bbox 721 1582 884 1629; x_wconf 79' lang='lat' dir='ltr'>Qiaedam</span> <span class='ocrx_word' id='word_1_324' title='bbox 912 1593 1022 1616; x_wconf 89' lang='lat' dir='ltr'>tamen</span> <span class='ocrx_word' id='word_1_325' title='bbox 1049 1581 1140 1615; x_wconf 87' lang='lat' dir='ltr'>instar</span> <span class='ocrx_word' id='word_1_326' title='bbox 1153 1580 1479 1628; x_wconf 82' lang='lat' dir='ltr'>serpentumarcuatae</span> <span class='ocrx_word' id='word_1_327' title='bbox 1490 1588 1615 1625; x_wconf 87' lang='lat' dir='ltr'>partem</span> <span class='ocrx_word' id='word_1_328' title='bbox 1628 1576 1789 1625; x_wconf 83' lang='lat' dir='ltr'>posterio-</span> 
     </span>
     <span class='ocr_line' id='line_1_31' title="bbox 398 1628 1788 1681; baseline -0.006 -14"><span class='ocrx_word' id='word_1_329' title='bbox 398 1645 466 1668; x_wconf 86' lang='lat' dir='ltr'>rem</span> <span class='ocrx_word' id='word_1_330' title='bbox 479 1632 584 1667; x_wconf 88' lang='lat' dir='ltr'>versus</span> <span class='ocrx_word' id='word_1_331' title='bbox 599 1643 695 1681; x_wconf 88' lang='lat' dir='ltr'>caput</span> <span class='ocrx_word' id='word_1_332' title='bbox 709 1632 873 1666; x_wconf 87' lang='lat' dir='ltr'>adducunt</span> <span class='ocrx_word' id='word_1_333' title='bbox 883 1660 893 1675; x_wconf 85' lang='lat'>‚</span> <span class='ocrx_word' id='word_1_334' title='bbox 917 1643 986 1665; x_wconf 87' lang='lat' dir='ltr'>tum</span> <span class='ocrx_word' id='word_1_335' title='bbox 1003 1630 1138 1666; x_wconf 60' lang='lat' dir='ltr'>reducito</span> <span class='ocrx_word' id='word_1_336' title='bbox 1152 1641 1287 1677; x_wconf 83' lang='lat' dir='ltr'>corpore</span> <span class='ocrx_word' id='word_1_337' title='bbox 1300 1640 1425 1677; x_wconf 84' lang='lat' dir='ltr'>partem</span> <span class='ocrx_word' id='word_1_338' title='bbox 1444 1628 1638 1661; x_wconf 87' lang='lat' dir='ltr'>anteriorem</span> <span class='ocrx_word' id='word_1_339' title='bbox 1655 1637 1788 1674; x_wconf 50' lang='lat' dir='ltr'>promo?</span> 
     </span>
     <span class='ocr_line' id='line_1_32' title="bbox 401 1673 1788 1728; baseline -0.004 -12"><span class='ocrx_word' id='word_1_340' title='bbox 401 1692 485 1716; x_wconf 84' lang='lat' dir='ltr'>vent.</span> <span class='ocrx_word' id='word_1_341' title='bbox 508 1682 655 1727; x_wconf 78' lang='lat' dir='ltr'>Quidam</span> <span class='ocrx_word' id='word_1_342' title='bbox 666 1681 828 1728; x_wconf 82' lang='lat' dir='ltr'>serpentes</span> <span class='ocrx_word' id='word_1_343' title='bbox 843 1681 930 1716; x_wconf 85' lang='lat' dir='ltr'>idern</span> <span class='ocrx_word' id='word_1_344' title='bbox 945 1680 1082 1728; x_wconf 86' lang='lat' dir='ltr'>squamis</span> <span class='ocrx_word' id='word_1_345' title='bbox 1097 1679 1154 1713; x_wconf 87' lang='lat' dir='ltr'>suis</span> <span class='ocrx_word' id='word_1_346' title='bbox 1173 1678 1260 1726; x_wconf 87' lang='lat' dir='ltr'>quod</span> <span class='ocrx_word' id='word_1_347' title='bbox 1278 1690 1376 1712; x_wconf 85' lang='lat' dir='ltr'>erucae</span> <span class='ocrx_word' id='word_1_348' title='bbox 1387 1675 1524 1724; x_wconf 84' lang='lat' dir='ltr'>pedibus</span> <span class='ocrx_word' id='word_1_349' title='bbox 1543 1673 1701 1709; x_wconf 87' lang='lat' dir='ltr'>efficiunt:</span> <span class='ocrx_word' id='word_1_350' title='bbox 1711 1686 1788 1711; x_wconf 82' lang='lat' dir='ltr'>nam</span> 
     </span>
     <span class='ocr_line' id='line_1_33' title="bbox 399 1722 1787 1774; baseline -0.004 -9"><span class='ocrx_word' id='word_1_351' title='bbox 399 1731 447 1765; x_wconf 87' lang='lat' dir='ltr'>his</span> <span class='ocrx_word' id='word_1_352' title='bbox 460 1742 592 1766; x_wconf 85' lang='lat' dir='ltr'>utuntur</span> <span class='ocrx_word' id='word_1_353' title='bbox 603 1759 613 1774; x_wconf 89' lang='lat'>‚</span> <span class='ocrx_word' id='word_1_354' title='bbox 627 1741 664 1765; x_wconf 91' lang='lat' dir='ltr'>ut</span> <span class='ocrx_word' id='word_1_355' title='bbox 678 1742 767 1766; x_wconf 85' lang='lat' dir='ltr'>terrae</span> <span class='ocrx_word' id='word_1_356' title='bbox 781 1728 900 1765; x_wconf 86' lang='lat' dir='ltr'>firmius</span> <span class='ocrx_word' id='word_1_357' title='bbox 911 1729 1092 1765; x_wconf 83' lang='lat' dir='ltr'>adhaereant</span> <span class='ocrx_word' id='word_1_358' title='bbox 1103 1757 1114 1772; x_wconf 89' lang='lat'>,</span> <span class='ocrx_word' id='word_1_359' title='bbox 1127 1730 1201 1765; x_wconf 87' lang='lat' dir='ltr'>&amp;in</span> <span class='ocrx_word' id='word_1_360' title='bbox 1216 1739 1287 1762; x_wconf 88' lang='lat' dir='ltr'>eam</span> <span class='ocrx_word' id='word_1_361' title='bbox 1299 1727 1413 1762; x_wconf 82' lang='lat' dir='ltr'>fortius</span> <span class='ocrx_word' id='word_1_362' title='bbox 1430 1727 1648 1773; x_wconf 79' lang='lat' dir='ltr'>impingentes</span> <span class='ocrx_word' id='word_1_363' title='bbox 1671 1722 1787 1772; x_wconf 81' lang='lat' dir='ltr'>seipsos</span> 
     </span>
     <span class='ocr_line' id='line_1_34' title="bbox 399 1791 607 1828; baseline 0.005 -14"><span class='ocrx_word' id='word_1_364' title='bbox 399 1791 607 1828; x_wconf 73' lang='lat' dir='ltr'>promovent.</span> 
     </span>
    </p>

    <p class='ocr_par' dir='ltr' id='par_1_6' title="bbox 398 1818 1790 2220">
     <span class='ocr_line' id='line_1_35' title="bbox 435 1818 1789 1877; baseline -0.008 -13"><span class='ocrx_word' id='word_1_365' title='bbox 435 1829 574 1877; x_wconf 83' lang='lat' dir='ltr'>Polypus</span> <span class='ocrx_word' id='word_1_366' title='bbox 588 1828 679 1877; x_wconf 83' lang='lat' dir='ltr'>piscis</span> <span class='ocrx_word' id='word_1_367' title='bbox 689 1829 735 1862; x_wconf 87' lang='lat' dir='ltr'>est</span> <span class='ocrx_word' id='word_1_368' title='bbox 751 1830 828 1863; x_wconf 62' lang='lat' dir='ltr'>octo</span> <span class='ocrx_word' id='word_1_369' title='bbox 837 1827 929 1862; x_wconf 89' lang='lat' dir='ltr'>velut</span> <span class='ocrx_word' id='word_1_370' title='bbox 939 1826 1078 1863; x_wconf 85' lang='lat' dir='ltr'>brachiis</span> <span class='ocrx_word' id='word_1_371' title='bbox 1095 1827 1193 1875; x_wconf 85' lang='lat' dir='ltr'>iisque</span> <span class='ocrx_word' id='word_1_372' title='bbox 1210 1824 1406 1861; x_wconf 88' lang='lat' dir='ltr'>flexibilibus</span> <span class='ocrx_word' id='word_1_373' title='bbox 1419 1823 1588 1859; x_wconf 64' lang='lat' dir='ltr'>instructus</span> <span class='ocrx_word' id='word_1_374' title='bbox 1604 1837 1611 1861; x_wconf 69' lang='grc' dir='ltr'>ς</span> <span class='ocrx_word' id='word_1_375' title='bbox 1627 1821 1694 1856; x_wconf 77' lang='lat' dir='ltr'>haec</span> <span class='ocrx_word' id='word_1_376' title='bbox 1713 1818 1789 1854; x_wconf 87' lang='lat' dir='ltr'>bra-</span> 
     </span>
     <span class='ocr_line' id='line_1_36' title="bbox 398 1867 1789 1924; baseline -0.008 -11"><span class='ocrx_word' id='word_1_377' title='bbox 398 1879 470 1913; x_wconf 85' lang='lat' dir='ltr'>chia</span> <span class='ocrx_word' id='word_1_378' title='bbox 490 1878 608 1923; x_wconf 80' lang='lat' dir='ltr'>duplici</span> <span class='ocrx_word' id='word_1_379' title='bbox 624 1877 698 1911; x_wconf 85' lang='lat' dir='ltr'>serie</span> <span class='ocrx_word' id='word_1_380' title='bbox 721 1877 815 1912; x_wconf 84' lang='lat' dir='ltr'>velut</span> <span class='ocrx_word' id='word_1_381' title='bbox 835 1875 1042 1924; x_wconf 78' lang='lat' dir='ltr'>globulorum</span> <span class='ocrx_word' id='word_1_382' title='bbox 1059 1878 1312 1920; x_wconf 70' lang='lat' dir='ltr'>niuniuntur‚qui</span> <span class='ocrx_word' id='word_1_383' title='bbox 1330 1872 1494 1922; x_wconf 86' lang='lat' dir='ltr'>paululum</span> <span class='ocrx_word' id='word_1_384' title='bbox 1509 1870 1578 1906; x_wconf 89' lang='lat' dir='ltr'>sunt</span> <span class='ocrx_word' id='word_1_385' title='bbox 1588 1867 1789 1917; x_wconf 79' lang='lat' dir='ltr'>complanati</span> 
     </span>
     <span class='ocr_line' id='line_1_37' title="bbox 398 1915 1786 1972; baseline -0.006 -12"><span class='ocrx_word' id='word_1_386' title='bbox 398 1932 431 1964; x_wconf 68' lang='grc' dir='ltr'>δε</span> <span class='ocrx_word' id='word_1_387' title='bbox 443 1926 592 1960; x_wconf 86' lang='lat' dir='ltr'>dentibus</span> <span class='ocrx_word' id='word_1_388' title='bbox 605 1925 708 1972; x_wconf 84' lang='lat' dir='ltr'>asperi</span> <span class='ocrx_word' id='word_1_389' title='bbox 725 1925 834 1959; x_wconf 89' lang='lat' dir='ltr'>obviis</span> <span class='ocrx_word' id='word_1_390' title='bbox 851 1925 1038 1971; x_wconf 83' lang='lat' dir='ltr'>corporibus</span> <span class='ocrx_word' id='word_1_391' title='bbox 1057 1924 1234 1969; x_wconf 68' lang='lat' dir='ltr'>infiguntur</span> <span class='ocrx_word' id='word_1_392' title='bbox 1245 1952 1254 1966; x_wconf 86' lang='lat'>,</span> <span class='ocrx_word' id='word_1_393' title='bbox 1269 1935 1380 1969; x_wconf 65' lang='lat' dir='ltr'>estque</span> <span class='ocrx_word' id='word_1_394' title='bbox 1397 1921 1591 1969; x_wconf 86' lang='lat' dir='ltr'>appendices</span> <span class='ocrx_word' id='word_1_395' title='bbox 1613 1917 1683 1952; x_wconf 87' lang='lat' dir='ltr'>sunt</span> <span class='ocrx_word' id='word_1_396' title='bbox 1699 1915 1786 1964; x_wconf 87' lang='lat' dir='ltr'>quafi</span> 
     </span>
     <span class='ocr_line' id='line_1_38' title="bbox 399 1967 1790 2022; baseline -0.006 -12"><span class='ocrx_word' id='word_1_397' title='bbox 399 1976 538 2011; x_wconf 85' lang='lat' dir='ltr'>totidem</span> <span class='ocrx_word' id='word_1_398' title='bbox 548 1974 723 2022; x_wconf 79' lang='lat' dir='ltr'>unguiculi.</span> <span class='ocrx_word' id='word_1_399' title='bbox 737 1974 891 2019; x_wconf 84' lang='lat' dir='ltr'>Cumque</span> <span class='ocrx_word' id='word_1_400' title='bbox 907 1972 1036 2008; x_wconf 85' lang='lat' dir='ltr'>brachia</span> <span class='ocrx_word' id='word_1_401' title='bbox 1047 1970 1219 2008; x_wconf 61' lang='lat' dir='ltr'>fleetuntur</span> <span class='ocrx_word' id='word_1_402' title='bbox 1232 2001 1241 2013; x_wconf 80' lang='lat'>‚</span> <span class='ocrx_word' id='word_1_403' title='bbox 1266 1971 1314 2005; x_wconf 85' lang='lat' dir='ltr'>hae</span> <span class='ocrx_word' id='word_1_404' title='bbox 1326 1973 1366 2005; x_wconf 86' lang='lat' dir='ltr'>ad</span> <span class='ocrx_word' id='word_1_405' title='bbox 1379 1970 1408 2004; x_wconf 90' lang='lat' dir='ltr'>se</span> <span class='ocrx_word' id='word_1_406' title='bbox 1427 1968 1543 2005; x_wconf 74' lang='lat' dir='ltr'>mutuo</span> <span class='ocrx_word' id='word_1_407' title='bbox 1563 1967 1737 2008; x_wconf 87' lang='lat' dir='ltr'>accedunt,</span> <span class='ocrx_word' id='word_1_408' title='bbox 1754 1971 1790 2002; x_wconf 85' lang='lat'>&amp;</span> 
     </span>
     <span class='ocr_line' id='line_1_39' title="bbox 398 2013 1783 2070; baseline -0.006 -10"><span class='ocrx_word' id='word_1_409' title='bbox 398 2024 499 2060; x_wconf 89' lang='lat' dir='ltr'>obvia</span> <span class='ocrx_word' id='word_1_410' title='bbox 514 2035 649 2070; x_wconf 72' lang='lat' dir='ltr'>quaeque</span> <span class='ocrx_word' id='word_1_411' title='bbox 662 2021 776 2057; x_wconf 74' lang='lat' dir='ltr'>fortius</span> <span class='ocrx_word' id='word_1_412' title='bbox 793 2023 946 2070; x_wconf 77' lang='lat' dir='ltr'>stringunt</span> <span class='ocrx_word' id='word_1_413' title='bbox 958 2052 967 2065; x_wconf 88' lang='lat'>‚</span> <span class='ocrx_word' id='word_1_414' title='bbox 978 2023 1158 2057; x_wconf 79' lang='lat' dir='ltr'>dummodo</span> <span class='ocrx_word' id='word_1_415' title='bbox 1177 2034 1214 2056; x_wconf 83' lang='lat' dir='ltr'>ea</span> <span class='ocrx_word' id='word_1_416' title='bbox 1235 2019 1292 2055; x_wconf 78' lang='lat' dir='ltr'>[int</span> <span class='ocrx_word' id='word_1_417' title='bbox 1305 2019 1414 2068; x_wconf 84' lang='lat' dir='ltr'>aspera</span> <span class='ocrx_word' id='word_1_418' title='bbox 1429 2031 1465 2054; x_wconf 89' lang='lat' dir='ltr'>ut</span> <span class='ocrx_word' id='word_1_419' title='bbox 1479 2030 1571 2066; x_wconf 87' lang='lat' dir='ltr'>rupes</span> <span class='ocrx_word' id='word_1_420' title='bbox 1581 2044 1591 2060; x_wconf 86' lang='lat'>‚</span> <span class='ocrx_word' id='word_1_421' title='bbox 1610 2028 1676 2051; x_wconf 88' lang='lat' dir='ltr'>non</span> <span class='ocrx_word' id='word_1_422' title='bbox 1692 2013 1783 2051; x_wconf 79' lang='lat' dir='ltr'>tersa.</span> 
     </span>
     <span class='ocr_line' id='line_1_40' title="bbox 399 2063 1786 2121; baseline -0.007 -12"><span class='ocrx_word' id='word_1_423' title='bbox 399 2077 515 2121; x_wconf 86' lang='lat' dir='ltr'>Itaque</span> <span class='ocrx_word' id='word_1_424' title='bbox 527 2071 854 2107; x_wconf 84' lang='lat' dir='ltr'>brachiisantrorsum</span> <span class='ocrx_word' id='word_1_425' title='bbox 871 2072 1036 2119; x_wconf 62' lang='lat' dir='ltr'>pmduffls</span> <span class='ocrx_word' id='word_1_426' title='bbox 1057 2071 1171 2119; x_wconf 84' lang='lat' dir='ltr'>seipsos</span> <span class='ocrx_word' id='word_1_427' title='bbox 1190 2081 1406 2119; x_wconf 80' lang='lat' dir='ltr'>promovent:</span> <span class='ocrx_word' id='word_1_428' title='bbox 1422 2068 1491 2103; x_wconf 83' lang='lat' dir='ltr'>fere</span> <span class='ocrx_word' id='word_1_429' title='bbox 1509 2079 1546 2102; x_wconf 90' lang='lat' dir='ltr'>ut</span> <span class='ocrx_word' id='word_1_430' title='bbox 1566 2066 1656 2102; x_wconf 86' lang='lat' dir='ltr'>navis</span> <span class='ocrx_word' id='word_1_431' title='bbox 1676 2063 1786 2098; x_wconf 81' lang='lat' dir='ltr'>averso</span> 
     </span>
     <span class='ocr_line' id='line_1_41' title="bbox 398 2112 1790 2170; baseline -0.007 -11"><span class='ocrx_word' id='word_1_432' title='bbox 398 2124 536 2159; x_wconf 86' lang='lat' dir='ltr'>flumine</span> <span class='ocrx_word' id='word_1_433' title='bbox 549 2122 674 2170; x_wconf 60' lang='lat' dir='ltr'>injectis</span> <span class='ocrx_word' id='word_1_434' title='bbox 692 2120 819 2156; x_wconf 83' lang='lat' dir='ltr'>funibus</span> <span class='ocrx_word' id='word_1_435' title='bbox 830 2126 863 2157; x_wconf 75' lang='grc' dir='ltr'>δε</span> <span class='ocrx_word' id='word_1_436' title='bbox 872 2121 1019 2156; x_wconf 88' lang='lat' dir='ltr'>anchoris</span> <span class='ocrx_word' id='word_1_437' title='bbox 1034 2122 1195 2155; x_wconf 85' lang='lat' dir='ltr'>interdum</span> <span class='ocrx_word' id='word_1_438' title='bbox 1213 2130 1435 2168; x_wconf 76' lang='lat' dir='ltr'>promovetur,</span> <span class='ocrx_word' id='word_1_439' title='bbox 1449 2117 1568 2153; x_wconf 73' lang='lat' dir='ltr'>Eadem</span> <span class='ocrx_word' id='word_1_440' title='bbox 1578 2115 1622 2151; x_wconf 85' lang='lat' dir='ltr'>est</span> <span class='ocrx_word' id='word_1_441' title='bbox 1635 2112 1725 2162; x_wconf 78' lang='lat' dir='ltr'>sepiae</span> <span class='ocrx_word' id='word_1_442' title='bbox 1735 2123 1790 2147; x_wconf 74' lang='lat' dir='ltr'>ta-</span> 
     </span>
     <span class='ocr_line' id='line_1_42' title="bbox 400 2170 1315 2220; baseline -0.003 -12"><span class='ocrx_word' id='word_1_443' title='bbox 400 2176 447 2208; x_wconf 87' lang='lat' dir='ltr'>tio</span> <span class='ocrx_word' id='word_1_444' title='bbox 456 2170 510 2208; x_wconf 81' lang='lat' dir='ltr'>uisi</span> <span class='ocrx_word' id='word_1_445' title='bbox 519 2172 609 2219; x_wconf 86' lang='lat' dir='ltr'>quod</span> <span class='ocrx_word' id='word_1_446' title='bbox 621 2170 638 2206; x_wconf 78' lang='grc' dir='ltr'>ὲ</span> <span class='ocrx_word' id='word_1_447' title='bbox 651 2172 731 2206; x_wconf 77' lang='lat' dir='ltr'>mari</span> <span class='ocrx_word' id='word_1_448' title='bbox 742 2173 775 2207; x_wconf 89' lang='lat' dir='ltr'>in</span> <span class='ocrx_word' id='word_1_449' title='bbox 784 2181 904 2205; x_wconf 81' lang='lat' dir='ltr'>terram</span> <span class='ocrx_word' id='word_1_450' title='bbox 922 2182 958 2205; x_wconf 90' lang='lat' dir='ltr'>ut</span> <span class='ocrx_word' id='word_1_451' title='bbox 966 2171 1106 2220; x_wconf 83' lang='lat' dir='ltr'>polypus</span> <span class='ocrx_word' id='word_1_452' title='bbox 1129 2182 1196 2206; x_wconf 91' lang='lat' dir='ltr'>non</span> <span class='ocrx_word' id='word_1_453' title='bbox 1209 2179 1315 2205; x_wconf 85' lang='lat' dir='ltr'>exeat.</span> 
     </span>
    </p>
   </div>
   <div class='ocr_carea' id='block_1_2' title="bbox 1000 2322 1126 2365">
    <p class='ocr_par' dir='ltr' id='par_1_7' title="bbox 1000 2322 1126 2365">
     <span class='ocr_line' id='line_1_43' title="bbox 1000 2322 1126 2365; baseline 0.008 -2"><span class='ocrx_word' id='word_1_454' title='bbox 1000 2322 1126 2365; x_wconf 51' lang='lat' dir='ltr'>‘offa</span> 
     </span>
    </p>
   </div>
  </div>
 </body>
</html>
