1878 2724
389 121 458 164 466
691 111 951 151 PHYSIGAE
991 109 1154 146 PARS
1189 110 1486 148 SECUNDA.

390 167 540 214 ingentes
562 163 673 198 electri
687 191 697 205 ,
718 162 770 196 seu
788 160 903 195 succini
921 158 1023 195 maffae
1048 171 1087 195 ex
1113 159 1266 196 arborum
1291 159 1388 195 succis
1403 160 1540 197 conflari
1557 172 1624 196 non
1644 161 1786 210 poffimt.

388 214 522 251 Deinde
533 212 700 258 quomodo
717 211 780 245 hoc
791 208 898 244 refinae
907 221 1006 258 genus
1021 211 1053 244 in
1064 222 1152 244 mare
1163 222 1200 244 ex
1211 210 1307 244 arbor
1321 209 1381 244 bus
1394 211 1429 244 dc
1437 209 1517 245 fluat
1529 239 1540 254 ‚
1555 212 1612 246 vix
1630 211 1783 260 explicari

388 274 465 312 pote
473 263 504 297 st.
520 262 569 295 Est
590 264 701 307 itaque
716 259 874 294 succinum
887 271 921 293 in
936 258 1140 294 muneralium
1157 257 1247 297 >censu
1265 260 1500 307 reponendum.
1519 262 1543 295 E
1563 259 1666 295 fundo
1687 262 1786 298 maris

389 310 538 348 Pruffiam
552 309 697 345 alluentis
709 313 742 345 &
753 309 856 344 &rivis
869 309 984 342 vicinis
1001 307 1116 342 ebullit
1128 308 1244 354 -,idque
1257 306 1319 342 sale
1330 336 1339 352 ,
1359 320 1395 342 ut
1406 308 1486 343 mihi
1503 309 1646 353 videtur,
1667 314 1701 346 ὃ(
1718 311 1784 358 agi-

390 362 516 396 tatione
528 360 623 394 maris
633 387 643 402 ,
659 371 696 393 ac
709 357 795 394 forte
812 359 908 392 etiam
921 357 1041 405 frigore
1061 355 1254 399 concrescit,
1271 363 1303 393 &
1316 369 1409 404 aquae
1419 360 1554 394 innatat.

425 408 490 443 Sed
501 437 510 451 ‚
531 411 682 454 inquiunt
693 435 702 447 ,
721 407 880 443 eleCltrum
895 405 974 453 saepe
989 406 1110 441 muscas
1122 435 1132 449 ,
1144 406 1295 441 formicas
1310 435 1320 449 ,
1341 410 1376 441 &
1398 405 1463 441 alia
1480 406 1676 443 animalcula
1691 407 1784 443 visci-

389 460 490 494 ditate
504 456 559 492 sua
572 457 738 505 implicata
753 455 891 491 exhibet
921 458 1032 502 Qam
1049 458 1210 491 rationem
1223 457 1355 491 Tacitus
1371 456 1411 490 de
1427 455 1573 491 moribus
1600 459 1788 494 Germano·
1838 451 1839 459 ἵ

389 520 460 542 rum
479 505 583 543 affert.
596 509 727 540 Succum
742 535 749 544 ,
758 507 863 553 inquit
872 533 883 549 ,
893 503 1043 539 arborum
1054 507 1107 552 effe
1117 507 1276 554 intelligas
1287 532 1297 547 ‚
1311 506 1389 550 quia
1399 515 1525 538 terrena
1533 506 1675 552 quadam
1685 517 1789 554 atque

390 559 485 591 etiam
499 555 646 590 volucria
654 557 814 589 animalia
822 556 1011 604 plerumque
1021 555 1212 588 interlucent
1224 580 1238 593 ,.
1246 566 1308 600 qut
1318 555 1484 602 implicata
1494 553 1620 589 humore
1637 569 1712 589 mox
1722 556 1788 590 du-

390 606 541 651 reftente.
555 601 693 638 materici
718 604 903 640 cluduntur.
934 603 1069 638 Accedit
1082 605 1180 638 etiam
1190 615 1365 652 permagna
1375 602 1489 638 succini
1504 616 1578 638 cum
1600 603 1706 640 resinis
1719 609 1788 648 ,ise

390 655 514 704 gummi
525 651 679 697 affinitas,
696 655 732 687 Si
741 664 909 689 naturam.
932 654 1040 699 inquit
1051 654 1207 696 Tacitus,
1222 654 1345 699 ficccim‘
1365 652 1491 686 admoto
1513 655 1588 701 igne
1601 664 1724 692 tentes,
1747 657 1791 689 'in

391 703 517 738 modum
530 704 608 737 taedae
622 703 807 737 accenditur
818 731 825 741 ‚
838 703 964 748 alitque
978 699 1146 746 flammam
1155 704 1308 750 pinguem
1319 728 1326 738 ,.
1337 713 1410 735 mox
1422 712 1458 735 ut
1473 704 1508 735 in
1516 704 1619 750 picem
1631 702 1786 747 refinam-

391 764 433 786 ve
454 752 606 798 lentefiit.
626 751 748 788 Plinius
762 763 893 800 quoque
913 750 1016 785 refert
1038 763 1081 786 ex
1113 751 1212 785 Indiis
1230 750 1406 786 εάνεόὶιπῃ
1426 750 1582 785 εῑεᾶῐιιιῑι
1603 749 1694 787 fuiffe
1712 764 1788 787 cum

391 804 524 838 cortice.

427 848 747 898 RestaArboresillas
758 861 835 897 quae*
843 847 1002 885 succinum
1028 861 1088 898 pro
1099 847 1248 896 lacrymis
1267 848 1406 884 fundunt
1420 877 1430 892 ,
1443 847 1466 884 ὲ
1475 852 1606 886 nemine
1615 848 1695 885 visas
1711 849 1789 886 fuis-

391 898 422 935 fe
432 928 442 943 ,
455 902 501 934 uti
511 912 571 934 nec
581 897 685 949 sylvas
708 899 746 933 ad
764 899 872 933 littora
884 901 980 933 maris
993 896 1200 933 Boruscotum
1212 926 1222 939 ‚
1256 900 1289 932 in
1309 910 1375 945 quo
1394 897 1555 934 succinum
1568 897 1721 948 expiscari
1741 899 1788 934 so-

391 948 480 992 lent,
494 947 645 984 consitas:
664 961 701 983 ac
718 947 822 982 succus
835 946 890 981 ille
908 946 1002 983 citit’is
1019 946 1255 990 concresceret,
1270 947 1370 994 quaxn
1391 949 1423 981 in
1440 960 1527 981 mare
1542 948 1652 983 delabi
1675 947 1789 996 polset.

392 1000 466 1034 Nec
486 998 565 1045 quid
578 996 687 1032 obstat
701 998 874 1040 quominus
892 995 1032 1039 muscas,
1051 1007 1106 1030 aut
1123 995 1184 1030 alia
1201 994 1393 1030 animalcula
1406 1023 1415 1037 ‚
1446 998 1516 1032 imo
1533 1003 1567 1035 &
1583 999 1719 1033 cortices
1737 1009 1790 1032 ar-

393 1045 509 1082 borum
522 1046 648 1081 succino
659 1046 765 1082 adhuc
777 1044 1080 1092 liqui'doinvoluta,
1105 1055 1143 1078 ac
1165 1044 1255 1080 velut
1268 1045 1390 1092 sepulta
1404 1044 1494 1080 fuiffe
1506 1047 1666 1082 fateamur
1683 1060 1692 1082 t
1710 1059 1790 1095 prae-

389 1095 501 1131 ‘sertim
518 1108 592 1130 cum
606 1094 766 1143 pisciculi,
786 1099 820 1130 δε
837 1093 969 1142 piscium
989 1107 1054 1129 ova
1067 1093 1182 1129 inserta
1195 1106 1294 1142 atque
1307 1093 1466 1142 implicita
1475 1094 1601 1131 succino
1614 1095 1790 1143 aliquando

393 1144 459 1180 visa
472 1142 562 1180 fuiffe
580 1144 726 1179 nonnulli
743 1143 909 1179 testentur.
924 1145 1014 1191 Qin
1032 1149 1065 1180 δι
1085 1141 1246 1178 succinum
1270 1145 1302 1179 in
1323 1142 1438 1191 Anglia
1451 1143 1475 1179 ὲ
1490 1144 1519 1179 se
1537 1144 1638 1181 vistim
1659 1145 1789 1180 testatur

390 1196 444 1229 vir
455 1196 489 1228 in
499 1192 635 1242 physicis
646 1190 869 1229 versatiffimus
881 1195 926 1230 D.
937 1196 1055 1228 Bocone
1064 1220 1075 1231 ‚
1090 1194 1122 1228 in
1135 1196 1223 1241 cujus
1239 1193 1349 1227 medio
1373 1192 1480 1240 liquot
1500 1206 1570 1229 erat
1582 1193 1734 1244 petroleo
1751 1192 1790 1228 fi.

390 1242 559 1279 minimus.

430 1294 552 1339 Neque
567 1292 796 1340 idnegaverim
807 1303 960 1339 magnam
980 1285 1041 1325 esse
1058 1293 1144 1326 inter
1160 1289 1324 1326 succinum
1335 1296 1388 1335 ‚&
1406 1289 1519 1326 refinas
1531 1289 1686 1327 arborum
1705 1289 1790 1326 fimi-

392 1340 569 1375 litudinem
585 1355 594 1377 ε
611 1354 684 1375 cnm
695 1353 733 1375 ex
745 1339 856 1374 iisdem
867 1340 936 1374 fere
950 1341 1113 1388 principiis
1129 1339 1325 1383 coaluerint,
1349 1352 1388 1374 ex
1409 1340 1484 1375 oleo
1498 1343 1649 1376 nimirum
1675 1346 1708 1378 &
1725 1341 1790 1378 sale

392 1401 466 1424 tum
478 1389 602 1425 nitroso
615 1419 624 1432 ‚
639 1401 705 1424 tum
719 1390 826 1424 acido.
851 1389 951 1426 Unde
973 1389 1083 1424 iisdem
1099 1401 1182 1437 pene
1196 1387 1298 1423 ufibus
1318 1391 1350 1424 in
1367 1389 1533 1425 Medicina
1551 1388 1700 1425 adhiberi
1718 1391 1791 1440 pos-

390 1438 465 1474 sunt
476 1467 486 1482 ,
498 1444 531 1475 &
542 1441 680 1474 maxime
691 1438 895 1473 distillationi
908 1449 963 1472 aut
974 1437 1043 1473 ruffi
1054 1440 1186 1475 tenui&
1197 1437 1287 1472 salsae.
1304 1441 1393 1474 Nam
1410 1437 1451 1473 fal
1466 1440 1572 1473 acidus
1593 1441 1649 1487 qui
1675 1441 1708 1474 in
1728 1439 1790 1476 sul..

390 1487 466 1522 fure
485 1517 494 1531 ,
521 1487 648 1523 succino
660 1517 668 1531 ,
690 1493 722 1524 δε
735 1485 832 1521 refina
847 1487 923 1521 inest
936 1515 945 1529 ‚
958 1487 1144 1522 uberiorem
1163 1486 1258 1522 salem
1273 1490 1329 1534 qui
1343 1489 1378 1523 in
1395 1487 1598 1523 distillatione
1621 1488 1671 1523 seu
1695 1488 1791 1525 rheu.

394 1548 484 1571 mate
503 1537 662 1572 exuberat
672 1566 682 1580 ,
701 1535 994 1584 omninoinfringit
1010 1565 1020 1580 ‚
1035 1541 1067 1573 ὃ(
1078 1536 1185 1572 oleosa
1198 1535 1242 1571 sui
1254 1548 1344 1584 parte
1361 1548 1434 1571 eum
1446 1536 1548 1580 diluit,
1558 1549 1596 1571 ac
1607 1548 1768 1585 temperat
1782 1553 1791 1576 :

392 1584 500 1633 licque
517 1589 687 1621 materiam
698 1588 880 1621 tenuiorem
890 1583 989 1620 efficit
1000 1585 1192 1621 craffiorem.
1218 1587 1302 1620 Cum
1323 1597 1432 1620 autem
1447 1584 1536 1620 tuffis
1553 1615 1563 1629 ,
1585 1598 1640 1621 aut
1658 1586 1792 1623 rheuma

395 1648 463 1670 non
474 1647 513 1669 ex
526 1639 621 1671 tenui
638 1641 670 1672 &
689 1633 765 1670 salso
777 1664 787 1677 ,
802 1634 853 1669 sed
869 1646 908 1669 ex
925 1634 1047 1670 viscoso
1058 1634 1194 1669 humore
1214 1633 1444 1683 proficiscitur,
1456 1633 1512 1669 ubi
1526 1636 1651 1671 acidum
1673 1648 1792 1686 coagu-

396 1683 527 1718 lationis
542 1687 736 1732 principium
746 1685 932 1718 dominatur
943 1713 951 1726 ,
963 1696 1034 1719 tum
1048 1696 1110 1718 nec
1120 1682 1243 1727 refinae,
1273 1696 1333 1718 nec
1346 1683 1483 1718 sulfurea
1496 1711 1505 1726 ‚
1530 1696 1586 1718 aut
1596 1683 1791 1721 bituminosa

396 1731 529 1781 prosunt
538 1763 547 1777 ‚
566 1733 618 1767 sed
629 1735 728 1782 magis
744 1731 852 1767 obeffe
865 1731 966 1767 solent
978 1746 986 1767 z
998 1745 1072 1767 nam
1081 1734 1268 1767 aciditatem
1278 1738 1311 1768 δε
1321 1730 1534 1767 viscositatem
1553 1732 1708 1782 sanguinis
1723 1746 1792 1771 non

396 1784 549 1817 minuunt
559 1812 569 1827 ‚
585 1782 635 1817 sed
649 1791 771 1832 augent
779 1782 878 1830 magis
893 1795 902 1816 :
918 1793 952 1816 ut
963 1782 1137 1830 prudenter
1151 1780 1306 1819 observat
1327 1781 1456 1818 1)οᾶοτ
1469 1780 1593 1830 Anglus
1614 1794 1689 1817 mox
1719 1781 1789 1818 lau-

397 1830 497 1866 datus.

425 1879 503 1927 Jam
514 1879 593 1914 nihil
609 1878 730 1913 necesse
746 1879 792 1912 est
805 1878 1011 1913 varia-eleari
1026 1889 1143 1926 genera
1154 1878 1350 1927 distinguere
1367 1892 1375 1914 :
1399 1879 1482 1921 adeo
1497 1889 1534 1913 ut
1547 1878 1631 1913 aliud
1645 1877 1682 1914 fit
1690 1882 1798 1922 mine-v

397 1927 463 1962 :ale
477 1957 486 1971 ‚
498 1933 532 1964 &
543 1927 627 1974 quali
638 1927 699 1962 flos
711 1927 875 1962 bituminis
893 1942 901 1961 ς
913 1927 997 1962 aliud
1013 1926 1198 1975 vegetabile
1212 1934 1245 1965 δε
1254 1927 1422 1964 refinosum
1433 1945 1443 1972 ·,
1456 1930 1585 1964 tertium
1596 1939 1635 1962 ex
1644 1940 1784 1978 utroque

401 1988 628 2021 temperatum.
639 1979 733 2011 Hanc
743 1978 831 2010 enim
844 1976 882 2010 ad
892 1975 1059 2010 arbitrium
1078 1975 1172 2025 fingit
1183 1977 1424 2013 distinfflonem
1439 1975 1611 2014 Libavius:
1628 1990 1702 2013 cum
1719 1980 1792 2015 nul-

400 2025 467 2061 lum
479 2022 515 2060 fi't
528 2024 582 2059 nisi
595 2026 681 2060 idem
691 2024 845 2060 minerale
855 2054 864 2067 ‚
879 2030 965 2072 cujus
980 2038 1015 2059 ut
1027 2025 1195 2061 bituminis
1209 2026 1338 2061 diversae
1357 2026 1473 2074 species
1485 2039 1701 2064 numerantur.
1719 2030 1792 2063 Pri-

401 2087 469 2109 mas
485 2075 617 2121 quidem
633 2075 771 2108 candi-:¹0
781 2073 930 2109 deferunt
946 2088 953 2110 ε
971 2074 1108 2109 estenim
1127 2074 1285 2124 puriffima
1299 2075 1469 2110 bituminis
1482 2079 1610 2124 portio,
1632 2081 1665 2112 &
1682 2078 1793 2113 odoris

400 2122 577 2172 gratissimi.
599 2123 677 2157 [llud
694 2125 813 2170 excipit
829 2122 950 2158 flavum
962 2152 971 2166 ‚
989 2123 1039 2157 seu
1051 2123 1228 2168 falernum,
1240 2126 1328 2171 quod
1348 2123 1512 2159 veteribus
1527 2137 1646 2173 magno
1664 2128 1696 2161 in
1716 2139 1792 2174 pre-

403 2174 450 2207 tio
461 2172 524 2207 fuit
540 2187 548 2208 ε
565 2171 702 2219 sequitur
717 2172 771 2206 suc
786 2176 877 2208 inum
896 2174 989 2206 variis
1005 2173 1186 2209 distinctum
1199 2173 1372 2208 co'oribus.
1402 2173 1449 2208 Est
1462 2174 1604 2221 denique
1624 2175 1792 2222 quoddam

401 2234 539 2269 opacum
553 2250 561 2264 ,
571 2228 603 2258 ὅ(
625 2220 802 2267 squalidum
816 2252 824 2265 ‚
836 2235 896 2257 nec
907 2221 1016 2255 colore
1028 2250 1037 2263 ‚
1055 2235 1112 2257 nec
1122 2223 1224 2258 odore
1236 2222 1331 2257 suave
1342 2251 1352 2265 ,
1362 2222 1449 2269 quod
1469 2222 1556 2256 nullo
1573 2222 1641 2258 fere
1653 2222 1791 2259 habetur

402 2270 486 2305 lom.
502 2270 626 2305 Verum
643 2270 693 2305 bic
704 2284 816 2319 magna
827 2275 928 2305 oritur
942 2271 1074 2315 quaestio
1082 2273 1122 2307 de
1137 2276 1168 2306 vi
1187 2272 1229 2306 el(
1242 2274 1338 2307 &rica
1351 2300 1359 2313 ‚
1375 2283 1446 2315 quae
1459 2270 1540 2306 solet
1552 2274 1635 2308 inter
1649 2271 1793 2310 occultas

402 2319 571 2366 qualitates
587 2318 754 2357 recenseri.
772 2324 824 2358 De
834 2321 894 2357 hac
910 2323 1023 2368 utique
1037 2321 1140 2369 paulo-
1147 2319 1276 2358 uberius
1296 2320 1455 2370 agendum
1472 2321 1526 2356 est.
