1878 2724
133 180 224 218 'enim
240 191 387 216 remanet
396 191 510 216 eorum
518 193 591 229 quae
601 193 677 216 ante
691 193 784 217 erant
799 179 974 219 sensibilia:
992 194 1072 231 ergo
1082 182 1281 218 elementum
1292 184 1327 218 in
1343 182 1429 218 aliud
1441 150 1527 233 qux

135 244 199 279 que
219 241 448 266 commutatur.
471 232 505 264 Si
523 231 601 277 quid
614 233 700 266 enim
714 232 853 278 impedit
870 242 1018 267 mutuam
1037 231 1360 276 transmutationem,
1383 233 1413 267 id
1429 247 1528 269 unum

136 280 181 314 est
200 281 354 323 maxime,
368 279 456 327 quod
466 279 663 314 elementum
679 278 715 314 sit
726 283 864 315 omnino
879 278 1127 328 incorruptibile
1139 295 1146 316 :
1158 280 1209 315 sed
1220 281 1380 328 quidquid
1398 284 1442 318 est
1459 282 1530 318 sen.-

133 327 225 363 sibile
240 347 249 371 5
263 329 351 362 idem
361 330 522 376 corrumpi
536 329 639 377 potest
651 334 683 365 δ(
696 331 843 377 generari
856 342 864 364 :
879 341 958 377 ergo
967 329 1048 364 nihil
1058 328 1164 365 obstat
1175 332 1350 377 quominus
1365 330 1530 368 elementa

134 379 167 413 in
181 377 212 412 se
230 378 258 412 se
274 389 388 412 mutuo
403 389 600 412 commeent.
624 378 787 424 Qamvis
811 391 884 426 quae
898 379 1045 413 dicuntur
1064 377 1213 427 symbola
1228 407 1238 422 ,
1264 390 1298 413 ut
1317 392 1399 427 aqua
1417 382 1472 416 a'e‘r
1495 387 1529 418 δε

133 428 216 475 ignis
232 454 242 469 ‚
269 439 339 474 quae
356 425 475 461 scilicet
499 428 531 461 in
555 426 713 473 qualitate
734 426 843 473 aliqua
860 430 1062 462 conveniunt
1082 455 1092 470 ,
1109 427 1234 462 facilius
1264 429 1298 464 in
1321 427 1352 464 se
1387 431 1530 465 invicem

132 487 378 511 commutentur
391 487 508 523 ‚quain
518 474 696 523 asymbola,
711 487 784 522 quae
796 474 966 523 *oppositas
985 475 1116 512 habent·
1123 476 1297 524 qualitates
1311 505 1322 520 ‚
1344 488 1380 512 ut
1398 480 1483 527 ignis
1496 485 1531 517 ὅ(

133 537 238 572 ειαιμιει.ν
516 570 519 573 ι
604 546 607 547 ⁷
957 570 960 571 ⁷

170 577 244 609 Pars
259 572 360 608 altera
372 571 581 609 conclusionis
593 573 692 607 etiam
703 571 810 620 liquet
822 586 830 607 :
841 585 916 608 nam
929 571 951 607 s1
971 571 1133 609 elementa
1153 587 1230 622 pura
1245 575 1443 623 speekntur,
1453 590 1526 614 cum

134 622 216 659 nihil
226 621 417 669 sint-praeter
431 621 555 670 Ρυηᾶει
565 620 693 669 physica
708 622 795 657 :haec
808 633 844 656 ut
859 622 983 666 dividi,
993 620 1031 656 sic
1047 623 1165 657 destrui
1175 636 1287 659 revera
1309 637 1374 659 non
1394 625 1531 672 possunt,

134 673 188 706 Sic
199 672 285 706 forte
298 672 380 717 ignis
400 683 466 705 non
477 673 676 720 extinguitur
685 669 741 706 nisi
753 670 837 706 illius
846 673 950 705 atomi
958 682 1055 706 antea
1067 673 1099 707 in
1108 685 1208 708 unum
1221 672 1366 708 colleCIae
1381 674 1532 724 dissipem.

130 730 200 760 tur:
212 731 280 754 tum
290 721 378 754 enirn
391 720 474 768 ignis
489 732 556 755 non
570 719 708 768 amplius
725 720 768 754 est
778 719 930 755 sensibilis
945 732 1102 768 :cumque
1141 720 1245 770 hyfica
1259 735 1308 757 res
1321 722 1400 770 ipsas
1414 735 1449 758 ut
1460 724 1531 760 sen-

132 766 242 803 sibiles
259 765 460 812 consideret,
483 771 570 804 reete
587 769 723 804 dicimus
738 771 848 816 ignem
869 770 1050 804 extinctum
1070 781 1087 803 e
1115 782 1154 815 e,
1175 783 1231 806 aut
1249 783 1432 820 corruptum
1450 803 1459 817 ‚
1473 774 1531 810 ubi

132 829 192 866 per
208 816 350 853 calorem
364 846 374 861 ,
388 829 445 853 aut
459 817 566 853 lucem
587 831 654 854 non
674 818 808 866 amplius
820 818 850 852 se
862 819 980 866 prodit.
995 820 1047 852 Sic
1060 830 1146 866 aqua
1166 823 1199 856 in
1212 833 1348 869 vapores
1363 833 1531 859 extenuata

133 868 169 901 in
181 868 291 901 ae'tem
311 878 529 903 commutatur
540 880 632 911 ‚cum
642 872 711 915 jam
729 866 765 902 sit
778 866 934 914 spirabilis
946 880 1036 910 ‚non
1051 867 1173 915 liquida
1184 881 1219 904 ut
1234 873 1317 917 prius
1333 885 1341 906 :
1361 869 1413 905 sed
1432 885 1534 921 vapo-

131 917 176 956 ris
197 915 359 964 particulae
369 916 522 950 alembici
538 917 694 964 capitello
709 916 855 952 colleCRae
867 918 901 952 in
914 923 1035 964 'aquam
1055 917 1202 954 redeunt.
1223 921 1274 954 Sic
1292 922 1346 954 a'e'r
1363 925 1530 957 marmoris

133 964 256 1013 frigore
275 963 421 1000 densatus
446 966 480 999 in
525 977 609 1000 uttas
632 978 723 1014 aquae
741 968 950 1002 convertitur
967 980 975 1002 :
995 966 1085 1013 quod
1115 971 1346 1017 vaporesaeri
1361 973 1532 1006 commixti

131 1024 272 1048 externo
289 1012 411 1062 frigore
427 978 610 1050 denAEntur.

170 1066 250 1111 Qo
277 1064 410 1109 quidem
425 1063 526 1098 modo
543 1063 689 1112 plerique
706 1062 876 1112 Chymici,
892 1066 949 1112 qui
969 1065 1211 1103 elementorum
1230 1064 1530 1106 transmutationem

131 1123 253 1160 negant
267 1139 276 1154 ‚
287 1123 361 1145 cum
373 1113 598 1159 Peripateticis
612 1112 777 1148 conciliari
791 1113 892 1147 facile
902 1113 1038 1161 possunt.
1048 1118 1142 1151 Nam
1153 1127 1269 1163 purum
1283 1115 1484 1154 elementum
1495 1122 1531 1155 in

132 1160 217 1195 aliud
229 1160 341 1194 itidem
356 1172 470 1208 purum
481 1173 549 1196 non
562 1163 887 1209 convertitunpurus
906 1174 961 1196 aer
975 1165 1007 1198 in
1026 1176 1142 1212 purum
1163 1166 1273 1211 ignem
1288 1176 1354 1199 non
1372 1178 1529 1212 mutatum

134 1209 259 1256 alioqui
271 1213 340 1256 jam
353 1209 410 1243 diu
426 1221 510 1243 totus
529 1222 583 1244 aer
594 1212 627 1244 in
637 1212 718 1258 ignis
734 1209 890 1258 pabulum
900 1210 1154 1259 abiisset5idque
1172 1216 1315 1248 maxime
1333 1242 1343 1255 ‚
1362 1213 1383 1248 si
1406 1215 1442 1250 sit
1471 1217 1532 1252 ali-

133 1269 199 1305 qua
214 1259 297 1303 ignis
310 1259 402 1305 regio
413 1256 565 1305 separata.
581 1259 647 1292 Sed
667 1270 774 1293 tamen
786 1257 953 1294 elementa
962 1273 1030 1295 non
1049 1259 1152 1295 solum
1171 1261 1294 1309 impu-‘a
1309 1289 1318 1303 ‚
1339 1263 1458 1299 &aliis
1481 1268 1530 1302 im.

133 1308 283 1341 termixta
295 1333 305 1348 ,
317 1304 494 1355 cujusmodi
504 1307 546 1341 est
563 1306 696 1342 flamma
709 1336 719 1350 ,
730 1307 974 1354 quaeest-fumus
986 1309 1132 1344 accensus
1146 1323 1153 1345 :
1171 1307 1223 1343 sed
1234 1311 1336 1344 etiam
1355 1323 1427 1358 qua:
1452 1327 1530 1363 pura

134 1355 303 1396 dicuntur,
328 1357 360 1389 in
373 1354 435 1389 alia
453 1368 527 1390 curn
542 1355 705 1391 elementa
720 1385 730 1399 ,
749 1368 816 1391 tum
835 1358 934 1392 mixta
950 1369 1086 1406 corpora
1106 1357 1251 1402 abeunt;
1269 1370 1374 1405 eaque
1392 1365 1482 1412 gigni
1494 1369 1538 1402 ἃς,

135 1405 299 1454 eorrumpi
310 1403 480 1449 dicuntur,
491 1417 647 1453 quatenus
658 1405 739 1442 fiunt
747 1403 902 1442 sensibilia
920 1435 930 1450 ,
943 1420 1016 1444 cum
1033 1420 1129 1443 antea
1146 1420 1215 1444 non
1229 1406 1352 1444 essent..

657 1505 839 1540 Solvuntur
863 1504 1057 1549 objefflones.
1069 1532 1071 1535 .

171 1604 258 1651 Opp.
272 1616 370 1639 Lnon
381 1604 484 1651 magis
493 1602 735 1638 elementorum
747 1614 914 1638 numerum
923 1607 1014 1638 exiis
1025 1605 1236 1651 ‘qualitatibus
1253 1618 1321 1653 quse
1331 1608 1417 1641 taetu
1427 1611 1529 1654 perci⁴

135 1652 280 1698 piuntur,
296 1652 406 1701 colligi
419 1649 504 1700 posse
518 1679 528 1693 ‚
544 1664 641 1699 quam
652 1663 691 1685 ex
701 1653 739 1685 iis
752 1663 822 1698 quae
839 1651 895 1686 sub
905 1653 1017 1695 oculos
1037 1655 1179 1696 cadun13
1199 1655 1282 1693 adeo
1295 1666 1331 1689 ut
1350 1669 1382 1691 v.
1406 1668 1455 1704 gr.
1480 1657 1527 1693 lu-

135 1711 212 1734 men
229 1706 264 1737 &
282 1700 408 1735 colotes
423 1712 489 1735 tam
504 1699 564 1735 sint
580 1702 691 1749 primae
706 1700 879 1746 qualitates
890 1730 900 1745 ,
911 1714 1008 1748 quam
1019 1701 1119 1744 calor,
1135 1715 1190 1737 aut
1204 1703 1312 1751 frigus.

171 1749 263 1798 Resp,
275 1749 449 1796 qualitates
462 1751 494 1784 in
506 1749 676 1784 element‘ss
689 1747 824 1796 speeiem
835 1760 879 1783 ut-
892 1751 932 1784 ad
941 1752 1196 1798 generationem
1209 1764 1314 1786 rerum
1335 1752 1529 1801 conspiranr3

137 1798 223 1845 quod
236 1800 349 1845 utique
361 1798 461 1832 calori
480 1801 635 1834 convenit
646 1827 655 1841 ,
675 1803 710 1834 δε
721 1798 855 1847 frigori3
873 1812 940 1834 non
957 1801 1038 1834 item
1053 1800 1165 1836 lumini
1179 1812 1234 1834 aut
1252 1800 1429 1837 coloribus.

166 1846 242 1888 Ins).
257 1847 430 1882 Elementa
444 1859 487 1883 ex
501 1846 593 1896 ipsius
605 1847 946 1883 materiaeconditione
959 1860 1078 1896 ,atque
1092 1861 1127 1884 ut
1140 1849 1210 1884 sunt
1226 1851 1258 1883 in
1271 1848 1311 1893 se,
1326 1855 1360 1886 &
1370 1849 1528 1898 absolute,

137 1894 481 1940 definiridebent‚non
495 1909 533 1931 ex
557 1896 670 1930 ordine
681 1897 721 1930 ad
735 1894 837 1931 sensus
849 1897 976 1932 nostros
1001 1911 1009 1933 :
1042 1910 1120 1946 ergo
1137 1911 1175 1934 ex
1193 1909 1285 1932 mom
1309 1902 1416 1947 potius
1435 1930 1444 1944 ,
1474 1915 1530 1938 aut

131 1943 241 1993 'figura
253 1973 261 1987 ,
273 1958 371 1993 quam
391 1957 431 1981 ex
448 1947 487 1981 iis
507 1944 694 1993 qalitatibus
710 1958 789 1994 quae-
802 1944 911 1981 sensus‘
929 1947 1051 1982 nostros
1065 1947 1186 1984 feriunt
1203 1976 1213 1991 ‚
1233 1960 1385 1983 numerus
1414 1962 1528 1988 eorum

129 1994 213 2029 ,iniri
224 1993 345 2030 debet..

176 2043 267 2090 Resp.
277 2070 279 2072 .
290 2055 342 2077 eas
355 2044 528 2090 qualitates
541 2043 675 2091 spectari
689 2057 756 2080 non
768 2043 922 2080 ur-sensus
942 2046 1073 2082 nostros
1086 2045 1227 2082 afficiunt
1238 2075 1249 2090 ‚
1259 2045 1313 2082 sed
1325 2047 1360 2085 tit
1372 2049 1528 2097 principia

140 2087 210 2124 sunt
221 2103 327 2126 rerum
336 2093 484 2135 amosa,
499 2095 547 2128 uti
555 2091 806 2141 saepediximus..
1512 2117 1515 2120 ·

212 2140 296 2188 Opp.
322 2154 349 2175 2-
369 2141 530 2177 elementa
553 2141 625 2177 sunt
641 2154 777 2192 corpora
795 2144 1068 2194 simplicia3e1go
1085 2149 1269 2195 corrumpi,
1287 2157 1341 2182 aut
1354 2146 1442 2194 gigni
1468 2158 1526 2181 ne-

143 2200 347 2236 queunt5aut
357 2192 388 2224 in
399 2188 461 2225 sese
475 2192 617 2225 invicem
629 2197 833 2232 commutari.
1512 2217 1513 2220 ¹

179 2239 270 2282 qup.
287 2238 359 2280 dist.
376 2250 453 2276 ant„
470 2242 551 2275 Sunt
567 2252 702 2287 corpora
717 2240 871 2291 simplicia
883 2273 894 2288 ‚
909 2245 944 2280 id·
955 2245 1000 2280 est
1017 2257 1088 2280 nonv
1099 2243 1169 2281 sunt
1192 2247 1293 2280 mixta
1308 2255 1442 2291 corpora
1456 2273 1465 2286 ,
1486 2247 1525 2281 G,

143 2285 216 2322 sunt
226 2286 379 2336 simplicia
391 2301 525 2337 corpora
535 2302 607 2337 quae
624 2301 662 2323 ex
681 2294 814 2326 materia
833 2299 867 2329 δε
886 2293 992 2328 forma
1006 2307 1073 2329 non
1094 2295 1243 2329 constant
1256 2322 1265 2336 ‚
1279 2305 1339 2339 qun
1346 2303 1436 2326 tenus
1457 2292 1527 2329 sunt

146 2334 300 2379 sensibilia
317 2365 327 2379 ,
338 2340 381 2373 N.
397 2337 525 2387 Corpus
540 2342 628 2373 enim
642 2351 740 2374 omne
751 2339 892 2376 sensibile
903 2371 913 2385 ,
930 2343 1017 2377 iclem
1035 2341 1317 2389 estcorruptibile,
1335 2341 1434 2387 idque
1453 2355 1525 2377 ma-

149 2396 226 2420 retia
240 2386 360 2467 constqat
375 2416 384 2430 ,
399 2391 432 2423 &
445 2380 567 2424 forma:
586 2390 733 2436 quamvis
744 2388 829 2425 forte
841 2392 1023 2435 inatomis,
1038 2391 1089 2426 seu
1099 2393 1132 2428 in
1149 2391 1279 2439 punffis
1290 2388 1525 2439 phyficisxnulla

341 2449 410 2471 om„
425 2438 445 2469 I
456 2438 477 2469 I
477 2464 494 2471 ,.
1332 2440 1366 2473 H
