1878 2724
354 148 420 193 304.⁴
631 141 912 180 PHYsicAE
950 140 1096 176 PARS
1139 139 1429 180 SECUNDA.

358 207 419 232 tuae
437 193 526 230 orbis
539 193 619 230 lunae
634 198 667 230 &
680 193 836 239 eclipticae
853 189 1099 225 interfectiones
1117 195 1151 225 in
1168 189 1280 226 iisdem
1298 193 1375 227 locis
1400 191 1474 228 fixae
1499 201 1741 242 permanereng-
1752 205 1766 240 ,·

357 243 492 294 eclipses
518 255 586 278 tum
612 242 695 276 lunae
715 270 724 284 ,
751 253 821 275 rum
843 239 916 275 solis
931 239 1058 289 semper
1075 240 1109 274 in
1125 237 1240 276 iisdem
1256 241 1337 278 locis
1357 241 1497 279 Zodia'ci
1511 244 1778 294 contingerent&

358 294 413 331 sed
435 294 476 328 de
501 294 539 327 iis
567 303 647 338 mox
666 290 843 341 agendum

875 390 909 425 C
929 391 959 427 Α
984 393 1009 428 Ρ
1034 393 1070 430 U
1089 392 1122 429 T
1154 393 1169 426 1
1189 393 1232 428 V.

823 489 878 525 De
895 488 1073 541 Eclipfibus
1086 490 1165 527 lunae
1178 490 1217 527 &⁹
1225 490 1315 538 filisa

428 589 611 638 Riusquarn
629 588 670 623 de
686 586 856 637 eclipsibus
871 587 1033 624 turnlunae
1049 619 1058 633 ,
1078 601 1148 625 tum
1161 588 1234 625 solis
1251 587 1436 626 differamus
1450 620 1458 634 ,
1473 603 1540 627 non
1551 590 1773 629 etitalienumr

360 595 423 679 P
429 652 589 690 perpauca
609 639 650 673 de
673 651 783 674 earum
800 637 1030 674 observatione
1051 645 1085 676 ὅ(
1103 640 1246 674 utilitate
1274 652 1314 675 ex
1332 639 1456 677 Clariis.
1474 640 1605 677 Caffino
1629 641 1778 690 ptaefarir

361 691 553 740 Exquidem
567 700 602 723 ut
612 690 772 737 praecipua
788 688 1002 723 Astronomiae
1015 717 1025 731 ,
1037 688 1303 738 Geographiae3&
1318 689 1554 739 Chronologiae
1567 686 1768 731 fundamen-

361 752 396 776 ta
406 739 530 788 semper·
545 737 662 773 habitae
675 737 755 773 sunt.
777 738 965 773 Astronomi
988 737 1237 773 observationes
1253 738 1272 774 ‘a
1291 737 1453 774 Chaldaeis
1480 738 1650 788 Babylone
1662 739 1772 775 fasta&

361 801 438 828 ante
452 801 555 824 annos
571 802 662 836 2400
674 790 855 823 etiamnum
869 785 1040 822 consulunt
1049 817 1059 831 ,
1075 786 1192 835 easque
1207 800 1282 823 cum
1304 789 1343 824 iis
1356 801 1430 835 quae
1439 788 1542 824 nostra
1552 800 1647 824 aetate
1660 791 1768 824 conti-

361 851 498 890 gerunt,
517 837 726 873 conferentes
736 867 746 881 ‚
765 837 838 872 hinc
850 837 993 871 medium
1008 866 1017 880 ,
1035 836 1088 872 seu
1099 836 1293 884 aequabilem
1310 837 1392 872 lunae
1407 834 1534 873 motum
1549 838 1708 888 colligunt
1724 850 1768 874 eo

361 889 499 938 quidem
512 885 777 934 accuratius‚quo
789 898 911 932 majore
932 889 1089 935 temporis
1105 886 1280 922 inter-,vasso
1297 888 1382 922 inter
1402 885 1432 922 fe
1450 887 1584 924 distant.

407 937 598 987 Geographi
609 949 649 972 ex
664 934 830 984 eclipfibus
844 934 945 978 lunae,
959 934 1107 970 locorum
1119 934 1339 984 longitudines
1352 965 1361 979 ,
1375 942 1409 973 &
1424 936 1590 972 distantias
1601 949 1769 986 utcunque

362 987 533 1037 colligunt.
547 987 634 1022 Cum
645 987 732 1021 enirn
747 982 868 1033 eclipsis
883 983 968 1019 lunae
981 983 1107 1032 ubique
1117 985 1234 1020 eodem
1245 997 1403 1034 temporis
1413 997 1587 1021 momento
1601 999 1770 1035 appaream

364 1036 386 1073 si
396 1050 485 1074 nona
499 1050 529 1072 V.
544 1048 588 1085 gr.
602 1035 622 1071 ἐι
639 1035 776 1071 meridie
795 1035 876 1069 hora
889 1034 1175 1083 Constantinopoli
1191 1046 1345 1083 appareat
1360 1063 1368 1076 ‚
1397 1039 1432 1072 δε
1447 1036 1565 1070 Romae
1583 1034 1664 1070 hora
1676 1038 1773 1072 octa-

363 1099 407 1123 va
421 1087 570 1122 videatur
581 1096 830 1134 ,argumentum
844 1084 904 1117 crit
916 1083 1241 1131 Constantinopolim
1261 1097 1287 1129 ¹5
1304 1083 1454 1132 gradibus
1471 1086 1574 1133 magis
1592 1085 1632 1119 ad
1643 1086 1768 1121 Orien-

366 1147 435 1172 tem
448 1147 582 1184 vergere
596 1137 697 1183 quiim
711 1136 869 1177 Romam,
879 1136 914 1169 &
928 1131 1090 1181 utriusque
1106 1133 1277 1169 meridiani
1291 1132 1345 1169 seu
1359 1133 1603 1183 longitudinum
1614 1132 1768 1171 differem

364 1188 444 1222 tiam
458 1184 520 1221 effe
536 1199 562 1234 15
575 1185 745 1233 graduum.

401 1238 603 1283 Qanquam
613 1233 783 1270 fatendum
800 1236 848 1270 est
861 1248 928 1271 non
939 1234 1022 1270 adeo
1035 1232 1218 1282 perspec'k'os
1231 1231 1291 1268 effe
1304 1231 1385 1268 lunae
1399 1243 1507 1268 motus
1519 1261 1530 1276 ,
1546 1243 1583 1268 ut
1595 1231 1769 1282 execlipfi..

365 1284 427 1321 bus
441 1285 590 1319 locorum
598 1282 819 1330 longitudines
836 1296 930 1319 certae
948 1290 982 1321 &
994 1281 1154 1329 exquifitae
1173 1281 1286 1316 haberi
1311 1280 1440 1328 poffint.
1455 1282 1549 1325 .Qo
1565 1285 1652 1317 enim
1676 1285 1771 1318 unius

389 1333 481 1368 radus
498 1344 588 1367 error
601 1334 800 1381 nonirrepar
811 1363 821 1378 ,
833 1332 957 1370 necesse
969 1332 1055 1367 estut
1066 1330 1185 1369 tabulae
1205 1342 1353 1366 motuum
1372 1331 1601 1366 Astronomicae
1617 1359 1628 1375 ,
1651 1336 1689 1368 &
1704 1330 1768 1366 o'b.

365 1347 566 1420 {tvationes
580 1380 652 1430 ipsae
668 1394 733 1416 uno
744 1385 875 1418 minuto
896 1395 963 1417 non
976 1380 1130 1416 aberrent
1147 1394 1157 1417 ε
1179 1393 1253 1416 cum
1269 1381 1334 1415 duo
1348 1381 1477 1416 minuta
1502 1383 1537 1416 in
1560 1379 1653 1416 lunae:
1673 1392 1769 1418 motu

366 1434 422 1469 uni
434 1432 504 1467 fere
519 1433 693 1479 aequatoris
704 1433 816 1478 gradui
830 1431 1054 1480 respondeant?
1349 1473 1353 1476 ‚

406 1482 472 1517 Sed
485 1481 565 1517 nulli
578 1482 679 1528 magis
688 1480 756 1515 usui
766 1480 826 1517 effe
843 1480 967 1528 poffiint
978 1476 1109 1527 eclipses
1123 1507 1133 1523 ,
1154 1478 1256 1527 quiam
1273 1476 1468 1514 definiendis
1483 1479 1699 1528 temporibus.
1714 1482 1770 1517 sic

368 1532 511 1568 statuere
531 1529 690 1578 possumus
702 1528 744 1564 ab
758 1543 844 1566 anno
858 1532 965 1578 primo
980 1530 1072 1578 regni
1083 1527 1335 1564 Nabonnaffaris
1354 1527 1452 1576 usque
1464 1529 1504 1562 ad
1517 1528 1595 1564 lunae
1606 1528 1746 1578 eclipfim
1756 1557 1768 1574 ,

368 1594 438 1630 quae
447 1580 563 1614 accidit
575 1593 612 1624 29
624 1577 785 1614 oerobxis
797 1582 873 1615 anni
889 1581 965 1625 1678
978 1607 987 1621 ‚
1001 1589 1102 1612 annos
1111 1584 1196 1623 2426
1208 1578 1421 1620 intercedere,
1435 1590 1506 1613 curn
1518 1591 1531 1622 3
1541 1576 1666 1615 diebus.
1675 1581 1766 1616 Nam

368 1629 490 1667 tabulae
501 1629 671 1664 Ptolemaei
686 1640 759 1675 quae
770 1630 811 1663 ad
820 1642 893 1665 eam
907 1626 1066 1677 epocham
1084 1626 1153 1662 sunt
1170 1626 1354 1663 construQae
1363 1649 1377 1669 ‚·
1389 1626 1472 1662 hanc
1486 1624 1625 1675 eclipfim
1638 1640 1649 1671 ·,
1662 1627 1771 1675 qualis

368 1681 422 1716 die
434 1694 470 1724 29
490 1677 649 1715 octobris
669 1680 745 1713 anni
760 1681 833 1724 1678
859 1679 998 1720 accidit,
1017 1677 1091 1720 die,
1116 1689 1163 1714 ιη
1174 1678 1242 1725 post
1257 1689 1379 1712 annum
1402 1683 1489 1723 2426
1513 1675 1769 1713 Nabonnaffaris

369 1735 404 1768 &
416 1729 532 1769 eadem
543 1727 624 1762 hoxa
633 1727 802 1763 exhibent:
814 1740 887 1763 cum
900 1726 1094 1762 differentia-
1101 1728 1401 1769 meridianornm‚&
1413 1725 1550 1761 aliarum
1559 1726 1770 1762 circumstan-

370 1780 486 1813 tiarum
497 1776 610 1811 habita
625 1776 670 1810 est
679 1778 772 1812 ratio.
792 1779 868 1813 Nec
880 1774 1155 1811 diffimiliratione
1171 1803 1181 1818 ,
1199 1786 1357 1820 quaeante
1371 1774 1500 1810 fuerunt
1514 1774 1646 1822 eclipses
1660 1803 1669 1816 ,
1684 1775 1769 1811 defi-

369 1828 433 1865 niti
444 1824 570 1874 possunt
586 1838 594 1860 z
610 1837 730 1871 magno
740 1826 872 1872 quidem
881 1834 1072 1873 argumento
1081 1834 1186 1857 certos
1197 1822 1330 1858 siderum
1349 1833 1474 1865 motus,
1493 1828 1526 1859 &
1540 1834 1688 1871 tempora
1702 1823 1769 1873 ipsa

369 1889 440 1914 non
462 1874 592 1909 aliunde
605 1873 718 1908 melius
741 1874 839 1921 quom
858 1886 896 1908 ex
918 1872 988 1920 ipsis
1016 1869 1183 1920 eclipfibus
1196 1871 1340 1920 dignosci
1353 1886 1361 1907 :
1374 1883 1445 1906 cum
1469 1883 1509 1906 ex
1528 1874 1670 1920 antiquis
1681 1875 1764 1908 Pto-

370 1925 480 1962 lernaei
498 1922 615 1959 rabulis
632 1923 710 1958 hora
721 1923 788 1973 ipsa
814 1921 966 1972 eclipseos
982 1933 1054 1971 quae
1068 1921 1183 1958 nosti-is
1210 1923 1374 1971 contingit
1384 1920 1601 1970 itempotibus
1613 1939 1626 1965 ·,
1646 1920 1768 1962 habea*

371 1985 436 2011 tur.
1765 1994 1768 2000 ·

415 2026 491 2062 Nec
502 2034 611 2060 tamen
621 2021 813 2072 eanifitum
825 2034 954 2072 tempus
974 2023 1136 2071 eclipfium
1146 2034 1218 2070 quae
1232 2020 1348 2057 futurae
1360 2020 1430 2057 sunt
1442 2051 1451 2065 ,
1470 2034 1510 2056 ex
1525 2023 1562 2057 iis
1583 2020 1703 2056 tabulis
1721 2022 1769 2056 ita

371 2073 524 2121 consequi
543 2072 723 2122 possumus,
742 2085 778 2107 ut
800 2072 969 2107 semihorae
979 2072 1081 2121 spatio
1098 2072 1290 2121 plerumque
1314 2084 1380 2107 non
1402 2071 1563 2107 aberrent·
1587 2070 1656 2106 Tot
1677 2072 1768 2106 enim

372 2123 443 2159 sunt
460 2125 491 2158 in
505 2123 585 2158 lunae
597 2121 741 2157 motibus
751 2122 918 2157 anomaliae
929 2151 938 2165 ,
951 2133 1004 2157 aur
1014 2122 1262 2170 irregularitates
1274 2133 1310 2156 ut
1327 2123 1381 2155 vix
1395 2121 1434 2156 ad
1447 2131 1548 2155 certas
1563 2118 1685 2166 regulas
1695 2121 1768 2155 exi'-

373 2175 407 2222 gi
424 2170 541 2220 possint
554 2186 561 2207 :
581 2184 768 2219 quanquam
783 2171 867 2207 lunae
883 2171 1008 2206 theoria
1017 2171 1117 2220 longe
1127 2172 1172 2206 est
1183 2171 1375 2218 perfectior,
1389 2176 1422 2207 &
1434 2167 1676 2204 observationes
1685 2167 1769 2204 mula

373 2234 409 2258 to
422 2220 492 2258 sunt
507 2222 718 2256 accuratiores
733 2223 769 2254 iis
785 2234 858 2265 qua:
874 2220 1069 2256 &veteribus
1083 2221 1326 2269 simtnsurpat-t.
1342 2221 1406 2255 Sed
1423 2230 1533 2254 tamen
1552 2217 1693 2253 multum
1705 2217 1767 2252 ad.»

371 2271 436 2308 huc
450 2271 536 2305 deest
546 2270 666 2305 ultimae
675 2270 888 2318 perfeffioni:
908 2282 1006 2317 atque
1020 2283 1055 2305 ur
1070 2270 1228 2305 sensibiles
1248 2282 1355 2305 motus
1365 2269 1402 2302 ad
1414 2279 1514 2302 certas
1534 2267 1619 2310 leges
1638 2265 1697 2302 fint
1713 2278 1766 2302 re-

371 2332 496 2356 vocatae
510 2337 518 2362 ς
533 2318 602 2355 sum
620 2320 673 2355 alii
691 2332 797 2355 motus
818 2319 1012 2356 insensibiles
1026 2323 1162 2367 quinon
1180 2318 1236 2355 nisi
1249 2320 1321 2368 post
1334 2319 1466 2365 longum
1486 2319 1648 2365 temporis.
1658 2319 1765 2352 inter4

374 2369 496 2407 vallum
515 2369 596 2405 fiunt
617 2369 788 2406 senfibiles.
1759 2388 1763 2396 ·

411 2420 501 2455 Luna
516 2418 658 2468 eclipsim
671 2422 795 2470 patitur
806 2448 818 2467 ,
829 2421 962 2470 quando
978 2431 1066 2457 terrae
1079 2419 1229 2457 umbram
1242 2419 1420 2468 ingreditur
1434 2432 1443 2455 :
1461 2417 1552 2466 quod
1563 2428 1632 2455 tum
1644 2415 1764 2452 accidie
1786 2454 1788 2456 ,

1681 2478 1757 2502 curn
