<?xml version="1.0" encoding="UTF-8"?>
<!DOCTYPE html PUBLIC "-//W3C//DTD XHTML 1.0 Transitional//EN"
    "http://www.w3.org/TR/xhtml1/DTD/xhtml1-transitional.dtd">
<html xmlns="http://www.w3.org/1999/xhtml" xml:lang="en" lang="en">
 <head>
  <title>
</title>
<meta http-equiv="Content-Type" content="text/html;charset=utf-8" />
  <meta name='ocr-system' content='tesseract 3.04.00' />
  <meta name='ocr-capabilities' content='ocr_page ocr_carea ocr_par ocr_line ocrx_word'/>
</head>
<body>
  <div class='ocr_page' id='page_1' title='image "./philosophiavetus02duhauoft_0292.png"; bbox 0 0 1878 2724; ppageno 0'>
   <div class='ocr_carea' id='block_1_1' title="bbox 380 115 1261 352">
    <p class='ocr_par' dir='ltr' id='par_1_1' title="bbox 380 115 1261 352">
     <span class='ocr_line' id='line_1_1' title="bbox 380 115 1222 162; baseline -0.01 0"><span class='ocrx_word' id='word_1_1' title='bbox 380 126 442 162; x_wconf 73' lang='lat'>280</span> <span class='ocrx_word' id='word_1_2' title='bbox 869 116 895 153; x_wconf 76' lang='lat'>1&gt;</span> <span class='ocrx_word' id='word_1_3' title='bbox 918 115 954 151; x_wconf 82' lang='lat' dir='ltr'>H</span> <span class='ocrx_word' id='word_1_4' title='bbox 977 115 1009 152; x_wconf 85' lang='lat' dir='ltr'>Y</span> <span class='ocrx_word' id='word_1_5' title='bbox 1034 119 1057 154; x_wconf 87' lang='lat' dir='ltr'><strong>S</strong></span> <span class='ocrx_word' id='word_1_6' title='bbox 1082 119 1098 153; x_wconf 93' lang='lat'>1</span> <span class='ocrx_word' id='word_1_7' title='bbox 1125 118 1156 154; x_wconf 93' lang='lat' dir='ltr'>C</span> <span class='ocrx_word' id='word_1_8' title='bbox 1181 120 1222 154; x_wconf 77' lang='lat' dir='ltr'>AE</span> 
     </span>
     <span class='ocr_line' id='line_1_2' title="bbox 934 215 1244 253; baseline 0.003 -2"><span class='ocrx_word' id='word_1_9' title='bbox 934 215 966 251; x_wconf 94' lang='lat' dir='ltr'>C</span> <span class='ocrx_word' id='word_1_10' title='bbox 988 216 1018 252; x_wconf 90' lang='lat' dir='ltr'>A</span> <span class='ocrx_word' id='word_1_11' title='bbox 1041 217 1065 252; x_wconf 85' lang='grc' dir='ltr'><strong>Ρ</strong></span> <span class='ocrx_word' id='word_1_12' title='bbox 1084 217 1119 253; x_wconf 87' lang='lat' dir='ltr'>U</span> <span class='ocrx_word' id='word_1_13' title='bbox 1141 216 1174 250; x_wconf 87' lang='lat' dir='ltr'>T</span> <span class='ocrx_word' id='word_1_14' title='bbox 1214 217 1244 253; x_wconf 88' lang='lat'>1.</span> 
     </span>
     <span class='ocr_line' id='line_1_3' title="bbox 911 312 1261 352; baseline 0.014 -5"><span class='ocrx_word' id='word_1_15' title='bbox 911 312 967 348; x_wconf 77' lang='lat' dir='ltr'>De</span> <span class='ocrx_word' id='word_1_16' title='bbox 982 313 1113 351; x_wconf 75' lang='lat' dir='ltr'>luminis</span> <span class='ocrx_word' id='word_1_17' title='bbox 1130 323 1261 352; x_wconf 74' lang='lat' dir='ltr'>natura.</span> 
     </span>
    </p>
   </div>
   <div class='ocr_carea' id='block_1_2' title="bbox 380 410 1782 810">
    <p class='ocr_par' dir='ltr' id='par_1_2' title="bbox 380 410 1778 512">
     <span class='ocr_line' id='line_1_4' title="bbox 380 410 1778 503; baseline 0.001 -53"><span class='ocrx_word' id='word_1_18' title='bbox 380 411 586 503; x_wconf 72' lang='lat' dir='ltr'>PRirnurn</span> <span class='ocrx_word' id='word_1_19' title='bbox 602 410 699 448; x_wconf 88' lang='lat' dir='ltr'>nobis</span> <span class='ocrx_word' id='word_1_20' title='bbox 716 410 756 448; x_wconf 90' lang='lat' dir='ltr'>de</span> <span class='ocrx_word' id='word_1_21' title='bbox 768 422 884 449; x_wconf 86' lang='lat' dir='ltr'>natura</span> <span class='ocrx_word' id='word_1_22' title='bbox 901 412 1030 450; x_wconf 85' lang='lat' dir='ltr'>luminis</span> <span class='ocrx_word' id='word_1_23' title='bbox 1047 442 1057 458; x_wconf 90' lang='lat'>,</span> <span class='ocrx_word' id='word_1_24' title='bbox 1079 424 1148 451; x_wconf 89' lang='lat' dir='ltr'>tum</span> <span class='ocrx_word' id='word_1_25' title='bbox 1164 412 1204 451; x_wconf 89' lang='lat' dir='ltr'>de</span> <span class='ocrx_word' id='word_1_26' title='bbox 1224 411 1311 450; x_wconf 89' lang='lat' dir='ltr'>illius</span> <span class='ocrx_word' id='word_1_27' title='bbox 1329 411 1530 460; x_wconf 80' lang='lat' dir='ltr'>reflexione,</span> <span class='ocrx_word' id='word_1_28' title='bbox 1553 415 1717 466; x_wconf 83' lang='lat' dir='ltr'>postremo</span> <span class='ocrx_word' id='word_1_29' title='bbox 1736 416 1778 452; x_wconf 86' lang='lat' dir='ltr'>de</span> 
     </span>
     <span class='ocr_line' id='line_1_5' title="bbox 446 462 939 512; baseline 0.002 -13"><span class='ocrx_word' id='word_1_30' title='bbox 446 463 532 499; x_wconf 87' lang='lat' dir='ltr'>illius</span> <span class='ocrx_word' id='word_1_31' title='bbox 549 462 746 498; x_wconf 62' lang='lat' dir='ltr'>refractione</span> <span class='ocrx_word' id='word_1_32' title='bbox 762 463 939 512; x_wconf 80' lang='lat' dir='ltr'>agendum.</span> 
     </span>
    </p>

    <p class='ocr_par' dir='ltr' id='par_1_3' title="bbox 381 510 1782 810">
     <span class='ocr_line' id='line_1_6' title="bbox 418 510 1780 562; baseline 0.002 -13"><span class='ocrx_word' id='word_1_33' title='bbox 418 516 502 550; x_wconf 90' lang='lat' dir='ltr'>Tres</span> <span class='ocrx_word' id='word_1_34' title='bbox 521 511 592 548; x_wconf 85' lang='lat' dir='ltr'>sunt</span> <span class='ocrx_word' id='word_1_35' title='bbox 610 513 776 561; x_wconf 83' lang='lat' dir='ltr'>praecipuae</span> <span class='ocrx_word' id='word_1_36' title='bbox 796 513 838 547; x_wconf 89' lang='lat' dir='ltr'>de</span> <span class='ocrx_word' id='word_1_37' title='bbox 850 525 964 549; x_wconf 81' lang='lat' dir='ltr'>natura</span> <span class='ocrx_word' id='word_1_38' title='bbox 978 511 1107 550; x_wconf 84' lang='lat' dir='ltr'>luminis</span> <span class='ocrx_word' id='word_1_39' title='bbox 1120 510 1306 550; x_wconf 68' lang='lat' dir='ltr'>sementim:</span> <span class='ocrx_word' id='word_1_40' title='bbox 1330 512 1401 550; x_wconf 89' lang='lat' dir='ltr'>sunt</span> <span class='ocrx_word' id='word_1_41' title='bbox 1420 515 1508 551; x_wconf 89' lang='lat' dir='ltr'>enim</span> <span class='ocrx_word' id='word_1_42' title='bbox 1524 516 1581 562; x_wconf 86' lang='lat' dir='ltr'>qui</span> <span class='ocrx_word' id='word_1_43' title='bbox 1599 514 1679 551; x_wconf 87' lang='lat' dir='ltr'>illud</span> <span class='ocrx_word' id='word_1_44' title='bbox 1696 514 1780 552; x_wconf 78' lang='lat' dir='ltr'>nihi!</span> 
     </span>
     <span class='ocr_line' id='line_1_7' title="bbox 381 560 1782 613; baseline 0.002 -15"><span class='ocrx_word' id='word_1_45' title='bbox 381 575 498 613; x_wconf 82' lang='lat' dir='ltr'>praeter</span> <span class='ocrx_word' id='word_1_46' title='bbox 510 561 701 610; x_wconf 77' lang='lat' dir='ltr'>qualitatem</span> <span class='ocrx_word' id='word_1_47' title='bbox 713 560 774 596; x_wconf 83' lang='lat' dir='ltr'>effe</span> <span class='ocrx_word' id='word_1_48' title='bbox 788 573 925 611; x_wconf 78' lang='lat' dir='ltr'>putent3</span> <span class='ocrx_word' id='word_1_49' title='bbox 950 562 1005 597; x_wconf 90' lang='lat' dir='ltr'>alii</span> <span class='ocrx_word' id='word_1_50' title='bbox 1023 561 1191 598; x_wconf 82' lang='lat' dir='ltr'>effluvium</span> <span class='ocrx_word' id='word_1_51' title='bbox 1213 564 1380 611; x_wconf 83' lang='lat' dir='ltr'>quoddam</span> <span class='ocrx_word' id='word_1_52' title='bbox 1401 562 1604 600; x_wconf 83' lang='lat' dir='ltr'>substantiale</span> <span class='ocrx_word' id='word_1_53' title='bbox 1619 592 1630 608; x_wconf 84' lang='lat'><strong>,</strong></span> <span class='ocrx_word' id='word_1_54' title='bbox 1650 565 1739 612; x_wconf 91' lang='lat' dir='ltr'>quod</span> <span class='ocrx_word' id='word_1_55' title='bbox 1758 564 1782 601; x_wconf 73' lang='grc' dir='ltr'>ὲ.</span> 
     </span>
     <span class='ocr_line' id='line_1_8' title="bbox 381 611 1782 662; baseline 0 -14"><span class='ocrx_word' id='word_1_56' title='bbox 381 624 518 660; x_wconf 88' lang='lat' dir='ltr'>corpore</span> <span class='ocrx_word' id='word_1_57' title='bbox 534 611 641 646; x_wconf 91' lang='lat' dir='ltr'>lucido</span> <span class='ocrx_word' id='word_1_58' title='bbox 660 612 779 660; x_wconf 82' lang='lat' dir='ltr'>jugiter</span> <span class='ocrx_word' id='word_1_59' title='bbox 793 623 923 656; x_wconf 88' lang='lat' dir='ltr'>manat,</span> <span class='ocrx_word' id='word_1_60' title='bbox 942 611 1114 647; x_wconf 86' lang='lat' dir='ltr'>definiunt.</span> <span class='ocrx_word' id='word_1_61' title='bbox 1147 611 1314 649; x_wconf 88' lang='lat' dir='ltr'>Postremo</span> <span class='ocrx_word' id='word_1_62' title='bbox 1337 616 1536 650; x_wconf 80' lang='lat' dir='ltr'>recentiores</span> <span class='ocrx_word' id='word_1_63' title='bbox 1562 613 1709 662; x_wconf 85' lang='lat' dir='ltr'>plerique</span> <span class='ocrx_word' id='word_1_64' title='bbox 1733 613 1782 649; x_wconf 86' lang='lat' dir='ltr'>lu-</span> 
     </span>
     <span class='ocr_line' id='line_1_9' title="bbox 382 661 1781 710; baseline 0.001 -14"><span class='ocrx_word' id='word_1_65' title='bbox 382 673 461 699; x_wconf 86' lang='lat' dir='ltr'>men</span> <span class='ocrx_word' id='word_1_66' title='bbox 477 662 627 696; x_wconf 88' lang='lat' dir='ltr'>motione</span> <span class='ocrx_word' id='word_1_67' title='bbox 636 661 776 708; x_wconf 85' lang='lat' dir='ltr'>quadarn</span> <span class='ocrx_word' id='word_1_68' title='bbox 790 688 796 698; x_wconf 88' lang='lat'>,</span> <span class='ocrx_word' id='word_1_69' title='bbox 817 661 1072 710; x_wconf 82' lang='lat' dir='ltr'>autimpulsione</span> <span class='ocrx_word' id='word_1_70' title='bbox 1087 661 1247 709; x_wconf 87' lang='lat' dir='ltr'>cujusdam</span> <span class='ocrx_word' id='word_1_71' title='bbox 1262 662 1408 698; x_wconf 82' lang='lat' dir='ltr'>aethereae</span> <span class='ocrx_word' id='word_1_72' title='bbox 1425 662 1602 698; x_wconf 76' lang='lat' dir='ltr'>substantia:</span> <span class='ocrx_word' id='word_1_73' title='bbox 1619 663 1781 698; x_wconf 83' lang='lat' dir='ltr'>contineri</span> 
     </span>
     <span class='ocr_line' id='line_1_10' title="bbox 381 709 1782 761; baseline 0.001 -16"><span class='ocrx_word' id='word_1_74' title='bbox 381 722 496 760; x_wconf 82' lang='lat' dir='ltr'>putant</span> <span class='ocrx_word' id='word_1_75' title='bbox 509 725 517 746; x_wconf 77' lang='lat' dir='ltr'><em>z</em></span> <span class='ocrx_word' id='word_1_76' title='bbox 530 721 629 757; x_wconf 90' lang='lat' dir='ltr'>atque</span> <span class='ocrx_word' id='word_1_77' title='bbox 641 721 678 745; x_wconf 91' lang='lat' dir='ltr'>ut</span> <span class='ocrx_word' id='word_1_78' title='bbox 692 721 755 759; x_wconf 85' lang='lat' dir='ltr'>ego</span> <span class='ocrx_word' id='word_1_79' title='bbox 765 709 904 745; x_wconf 80' lang='lat' dir='ltr'>arbitror</span> <span class='ocrx_word' id='word_1_80' title='bbox 913 738 923 754; x_wconf 93' lang='lat'><strong>,</strong></span> <span class='ocrx_word' id='word_1_81' title='bbox 942 709 1045 759; x_wconf 74' lang='lat' dir='ltr'>posset</span> <span class='ocrx_word' id='word_1_82' title='bbox 1054 712 1140 746; x_wconf 86' lang='lat' dir='ltr'>inter</span> <span class='ocrx_word' id='word_1_83' title='bbox 1153 722 1210 747; x_wconf 90' lang='lat' dir='ltr'>eos</span> <span class='ocrx_word' id='word_1_84' title='bbox 1228 713 1408 749; x_wconf 83' lang='lat' dir='ltr'>convenire</span> <span class='ocrx_word' id='word_1_85' title='bbox 1421 739 1432 761; x_wconf 71' lang='lat'>,</span> <span class='ocrx_word' id='word_1_86' title='bbox 1449 711 1471 748; x_wconf 87' lang='lat' dir='ltr'>fi</span> <span class='ocrx_word' id='word_1_87' title='bbox 1483 712 1524 747; x_wconf 86' lang='lat' dir='ltr'>de</span> <span class='ocrx_word' id='word_1_88' title='bbox 1537 711 1589 749; x_wconf 87' lang='lat' dir='ltr'>suo</span> <span class='ocrx_word' id='word_1_89' title='bbox 1601 713 1723 760; x_wconf 86' lang='lat' dir='ltr'>quique</span> <span class='ocrx_word' id='word_1_90' title='bbox 1733 715 1782 759; x_wconf 72' lang='lat' dir='ltr'>ju-</span> 
     </span>
     <span class='ocr_line' id='line_1_11' title="bbox 381 758 1019 810; baseline 0 -15"><span class='ocrx_word' id='word_1_91' title='bbox 381 771 418 796; x_wconf 85' lang='lat' dir='ltr'>re</span> <span class='ocrx_word' id='word_1_92' title='bbox 430 758 580 798; x_wconf 87' lang='lat' dir='ltr'>nonnihil</span> <span class='ocrx_word' id='word_1_93' title='bbox 591 759 820 797; x_wconf 81' lang='lat' dir='ltr'>concederent.</span> <span class='ocrx_word' id='word_1_94' title='bbox 835 761 886 796; x_wconf 86' lang='lat' dir='ltr'>Sit</span> <span class='ocrx_word' id='word_1_95' title='bbox 905 761 1019 810; x_wconf 82' lang='lat' dir='ltr'>itaque</span> 
     </span>
    </p>
   </div>
   <div class='ocr_carea' id='block_1_3' title="bbox 949 860 1254 907">
    <p class='ocr_par' dir='ltr' id='par_1_4' title="bbox 949 860 1254 907">
     <span class='ocr_line' id='line_1_12' title="bbox 949 860 1254 907; baseline 0 -13"><span class='ocrx_word' id='word_1_96' title='bbox 949 860 1064 895; x_wconf 83' lang='lat' dir='ltr'>Prima</span> <span class='ocrx_word' id='word_1_97' title='bbox 1082 860 1254 907; x_wconf 65' lang='lat' dir='ltr'>Conchfio,</span> 
     </span>
    </p>
   </div>
   <div class='ocr_carea' id='block_1_4' title="bbox 385 956 1791 2460">
    <p class='ocr_par' dir='ltr' id='par_1_5' title="bbox 385 956 1790 1046">
     <span class='ocr_line' id='line_1_13' title="bbox 416 956 1790 1010; baseline -0.001 -15"><span class='ocrx_word' id='word_1_98' title='bbox 416 957 546 996; x_wconf 82' lang='lat' dir='ltr'>Lumen</span> <span class='ocrx_word' id='word_1_99' title='bbox 555 960 700 998; x_wconf 87' lang='lat' dir='ltr'>accidens</span> <span class='ocrx_word' id='word_1_100' title='bbox 718 956 884 1010; x_wconf 78' lang='lat' dir='ltr'>quoddam</span> <span class='ocrx_word' id='word_1_101' title='bbox 896 956 939 995; x_wconf 85' lang='lat' dir='ltr'>est</span> <span class='ocrx_word' id='word_1_102' title='bbox 949 986 961 1004; x_wconf 88' lang='lat'>,</span> <span class='ocrx_word' id='word_1_103' title='bbox 975 969 1031 995; x_wconf 88' lang='lat' dir='ltr'>aut</span> <span class='ocrx_word' id='word_1_104' title='bbox 1044 958 1180 1008; x_wconf 80' lang='lat' dir='ltr'>qualitas</span> <span class='ocrx_word' id='word_1_105' title='bbox 1193 987 1204 1004; x_wconf 80' lang='grc'>,</span> <span class='ocrx_word' id='word_1_106' title='bbox 1220 956 1311 994; x_wconf 90' lang='lat' dir='ltr'>sirnul</span> <span class='ocrx_word' id='word_1_107' title='bbox 1330 962 1366 996; x_wconf 74' lang='grc' dir='ltr'>δε</span> <span class='ocrx_word' id='word_1_108' title='bbox 1382 958 1531 995; x_wconf 87' lang='lat' dir='ltr'>motione</span> <span class='ocrx_word' id='word_1_109' title='bbox 1546 959 1688 1007; x_wconf 82' lang='lat' dir='ltr'>quadam</span> <span class='ocrx_word' id='word_1_110' title='bbox 1701 964 1790 1001; x_wconf 58' lang='lat' dir='ltr'>corr}</span> 
     </span>
     <span class='ocr_line' id='line_1_14' title="bbox 385 1019 515 1046; baseline 0.015 -2"><span class='ocrx_word' id='word_1_111' title='bbox 385 1019 515 1046; x_wconf 77' lang='lat' dir='ltr'>tinetur.</span> 
     </span>
    </p>

    <p class='ocr_par' dir='ltr' id='par_1_6' title="bbox 386 1054 1785 1351">
     <span class='ocr_line' id='line_1_15' title="bbox 419 1054 1783 1107; baseline -0.001 -15"><span class='ocrx_word' id='word_1_112' title='bbox 419 1057 517 1094; x_wconf 83' lang='lat' dir='ltr'>Proh.</span> <span class='ocrx_word' id='word_1_113' title='bbox 530 1058 729 1106; x_wconf 74' lang='lat' dir='ltr'>conclusionis</span> <span class='ocrx_word' id='word_1_114' title='bbox 741 1070 812 1107; x_wconf 87' lang='lat' dir='ltr'>pars</span> <span class='ocrx_word' id='word_1_115' title='bbox 827 1060 924 1107; x_wconf 86' lang='lat' dir='ltr'>prior.</span> <span class='ocrx_word' id='word_1_116' title='bbox 932 1057 1015 1093; x_wconf 80' lang='lat' dir='ltr'>Illud</span> <span class='ocrx_word' id='word_1_117' title='bbox 1031 1058 1180 1093; x_wconf 87' lang='lat' dir='ltr'>accidens</span> <span class='ocrx_word' id='word_1_118' title='bbox 1190 1059 1254 1093; x_wconf 84' lang='lat' dir='ltr'>dici</span> <span class='ocrx_word' id='word_1_119' title='bbox 1268 1057 1349 1093; x_wconf 88' lang='lat' dir='ltr'>solet</span> <span class='ocrx_word' id='word_1_120' title='bbox 1358 1087 1369 1102; x_wconf 82' lang='lat'>,</span> <span class='ocrx_word' id='word_1_121' title='bbox 1391 1069 1448 1093; x_wconf 84' lang='lat' dir='ltr'>aut</span> <span class='ocrx_word' id='word_1_122' title='bbox 1463 1056 1600 1105; x_wconf 78' lang='lat' dir='ltr'>qualitas</span> <span class='ocrx_word' id='word_1_123' title='bbox 1612 1086 1621 1101; x_wconf 84' lang='lat'><em>‚</em></span> <span class='ocrx_word' id='word_1_124' title='bbox 1636 1055 1723 1105; x_wconf 89' lang='lat' dir='ltr'>quod</span> <span class='ocrx_word' id='word_1_125' title='bbox 1734 1054 1783 1090; x_wconf 84' lang='lat' dir='ltr'>al·</span> 
     </span>
     <span class='ocr_line' id='line_1_16' title="bbox 387 1105 1785 1156; baseline -0.003 -13"><span class='ocrx_word' id='word_1_126' title='bbox 387 1110 451 1143; x_wconf 81' lang='lat' dir='ltr'>teti</span> <span class='ocrx_word' id='word_1_127' title='bbox 459 1111 589 1155; x_wconf 83' lang='lat' dir='ltr'>corpori</span> <span class='ocrx_word' id='word_1_128' title='bbox 605 1110 823 1144; x_wconf 80' lang='lat' dir='ltr'>adventitium</span> <span class='ocrx_word' id='word_1_129' title='bbox 837 1108 900 1150; x_wconf 84' lang='lat' dir='ltr'>est,</span> <span class='ocrx_word' id='word_1_130' title='bbox 917 1119 978 1143; x_wconf 87' lang='lat' dir='ltr'>nec</span> <span class='ocrx_word' id='word_1_131' title='bbox 987 1105 1165 1151; x_wconf 81' lang='lat' dir='ltr'>solitarium</span> <span class='ocrx_word' id='word_1_132' title='bbox 1180 1106 1240 1143; x_wconf 86' lang='lat' dir='ltr'>esse</span> <span class='ocrx_word' id='word_1_133' title='bbox 1253 1106 1359 1156; x_wconf 81' lang='lat' dir='ltr'>potest</span> <span class='ocrx_word' id='word_1_134' title='bbox 1370 1135 1382 1150; x_wconf 88' lang='lat'>,</span> <span class='ocrx_word' id='word_1_135' title='bbox 1398 1119 1504 1155; x_wconf 89' lang='lat' dir='ltr'>neque</span> <span class='ocrx_word' id='word_1_136' title='bbox 1517 1107 1557 1140; x_wconf 90' lang='lat' dir='ltr'>ad</span> <span class='ocrx_word' id='word_1_137' title='bbox 1568 1108 1709 1155; x_wconf 87' lang='lat' dir='ltr'>corporis</span> <span class='ocrx_word' id='word_1_138' title='bbox 1726 1116 1785 1140; x_wconf 81' lang='lat' dir='ltr'>na-</span> 
     </span>
     <span class='ocr_line' id='line_1_17' title="bbox 388 1154 1784 1205; baseline -0.002 -14"><span class='ocrx_word' id='word_1_139' title='bbox 388 1166 491 1191; x_wconf 86' lang='lat' dir='ltr'>turam</span> <span class='ocrx_word' id='word_1_140' title='bbox 503 1160 645 1205; x_wconf 85' lang='lat' dir='ltr'>pertinet</span> <span class='ocrx_word' id='word_1_141' title='bbox 657 1187 668 1201; x_wconf 92' lang='lat'>,</span> <span class='ocrx_word' id='word_1_142' title='bbox 680 1169 778 1205; x_wconf 85' lang='lat' dir='ltr'>atque</span> <span class='ocrx_word' id='word_1_143' title='bbox 793 1155 877 1191; x_wconf 83' lang='lat' dir='ltr'>illius</span> <span class='ocrx_word' id='word_1_144' title='bbox 888 1167 1012 1192; x_wconf 86' lang='lat' dir='ltr'>meatus</span> <span class='ocrx_word' id='word_1_145' title='bbox 1024 1156 1180 1191; x_wconf 80' lang='lat' dir='ltr'>duntaxat</span> <span class='ocrx_word' id='word_1_146' title='bbox 1195 1168 1352 1204; x_wconf 86' lang='lat' dir='ltr'>permeat.</span> <span class='ocrx_word' id='word_1_147' title='bbox 1369 1157 1432 1191; x_wconf 87' lang='lat' dir='ltr'>Sed</span> <span class='ocrx_word' id='word_1_148' title='bbox 1446 1155 1515 1191; x_wconf 82' lang='lat' dir='ltr'>haec</span> <span class='ocrx_word' id='word_1_149' title='bbox 1526 1167 1638 1190; x_wconf 85' lang='lat' dir='ltr'>omma</span> <span class='ocrx_word' id='word_1_150' title='bbox 1649 1154 1784 1198; x_wconf 88' lang='lat' dir='ltr'>lumini,</span> 
     </span>
     <span class='ocr_line' id='line_1_18' title="bbox 386 1204 1785 1253; baseline 0 -15"><span class='ocrx_word' id='word_1_151' title='bbox 386 1217 421 1240; x_wconf 89' lang='lat' dir='ltr'>ut</span> <span class='ocrx_word' id='word_1_152' title='bbox 433 1205 533 1240; x_wconf 81' lang='lat' dir='ltr'>calori</span> <span class='ocrx_word' id='word_1_153' title='bbox 543 1208 754 1242; x_wconf 80' lang='lat' dir='ltr'>conveniunt,</span> <span class='ocrx_word' id='word_1_154' title='bbox 779 1207 818 1241; x_wconf 84' lang='lat' dir='ltr'>Er</span> <span class='ocrx_word' id='word_1_155' title='bbox 841 1219 862 1239; x_wconf 91' lang='grc' dir='ltr'>ο</span> <span class='ocrx_word' id='word_1_156' title='bbox 872 1204 983 1241; x_wconf 89' lang='lat' dir='ltr'>lumen</span> <span class='ocrx_word' id='word_1_157' title='bbox 997 1204 1114 1240; x_wconf 85' lang='lat' dir='ltr'>eodem</span> <span class='ocrx_word' id='word_1_158' title='bbox 1129 1209 1199 1253; x_wconf 84' lang='lat' dir='ltr'>jure</span> <span class='ocrx_word' id='word_1_159' title='bbox 1207 1218 1243 1240; x_wconf 89' lang='lat' dir='ltr'>ac</span> <span class='ocrx_word' id='word_1_160' title='bbox 1252 1205 1340 1240; x_wconf 78' lang='lat' dir='ltr'>calor</span> <span class='ocrx_word' id='word_1_161' title='bbox 1354 1210 1387 1242; x_wconf 74' lang='grc' dir='ltr'>δι</span> <span class='ocrx_word' id='word_1_162' title='bbox 1402 1205 1469 1240; x_wconf 87' lang='lat' dir='ltr'>aliae</span> <span class='ocrx_word' id='word_1_163' title='bbox 1478 1204 1667 1253; x_wconf 84' lang='lat' dir='ltr'>qualitates,</span> <span class='ocrx_word' id='word_1_164' title='bbox 1685 1206 1718 1238; x_wconf 87' lang='lat' dir='ltr'>in</span> <span class='ocrx_word' id='word_1_165' title='bbox 1728 1215 1785 1238; x_wconf 87' lang='lat' dir='ltr'>ac-</span> 
     </span>
     <span class='ocr_line' id='line_1_19' title="bbox 388 1250 1782 1301; baseline 0.001 -14"><span class='ocrx_word' id='word_1_166' title='bbox 388 1254 567 1289; x_wconf 69' lang='lat' dir='ltr'>cidentium</span> <span class='ocrx_word' id='word_1_167' title='bbox 582 1267 752 1290; x_wconf 81' lang='lat' dir='ltr'>numerum</span> <span class='ocrx_word' id='word_1_168' title='bbox 771 1254 809 1286; x_wconf 88' lang='lat' dir='ltr'>ad</span> <span class='ocrx_word' id='word_1_169' title='bbox 825 1252 907 1287; x_wconf 85' lang='lat' dir='ltr'>cribi</span> <span class='ocrx_word' id='word_1_170' title='bbox 925 1250 1092 1301; x_wconf 77' lang='lat' dir='ltr'>potest.Est</span> <span class='ocrx_word' id='word_1_171' title='bbox 1108 1256 1194 1288; x_wconf 89' lang='lat' dir='ltr'>enim</span> <span class='ocrx_word' id='word_1_172' title='bbox 1206 1253 1257 1289; x_wconf 89' lang='lat' dir='ltr'>lux</span> <span class='ocrx_word' id='word_1_173' title='bbox 1271 1257 1319 1288; x_wconf 91' lang='lat' dir='ltr'>vis</span> <span class='ocrx_word' id='word_1_174' title='bbox 1334 1255 1484 1301; x_wconf 80' lang='lat' dir='ltr'>quaedam</span> <span class='ocrx_word' id='word_1_175' title='bbox 1498 1252 1625 1288; x_wconf 68' lang='lat' dir='ltr'>astuosa</span> <span class='ocrx_word' id='word_1_176' title='bbox 1638 1251 1782 1300; x_wconf 68' lang='lat' dir='ltr'>subjecto</span> 
     </span>
     <span class='ocr_line' id='line_1_20' title="bbox 387 1298 1571 1351; baseline 0.003 -15"><span class='ocrx_word' id='word_1_177' title='bbox 387 1302 485 1336; x_wconf 79' lang='lat' dir='ltr'>alicui</span> <span class='ocrx_word' id='word_1_178' title='bbox 507 1304 636 1345; x_wconf 84' lang='lat' dir='ltr'>innixa,</span> <span class='ocrx_word' id='word_1_179' title='bbox 667 1315 738 1350; x_wconf 85' lang='lat' dir='ltr'>quae</span> <span class='ocrx_word' id='word_1_180' title='bbox 752 1300 882 1335; x_wconf 84' lang='lat' dir='ltr'>aliunde</span> <span class='ocrx_word' id='word_1_181' title='bbox 892 1298 983 1344; x_wconf 81' lang='lat' dir='ltr'>fluit,</span> <span class='ocrx_word' id='word_1_182' title='bbox 1005 1304 1166 1351; x_wconf 81' lang='lat' dir='ltr'>&amp;jugiter</span> <span class='ocrx_word' id='word_1_183' title='bbox 1187 1301 1206 1337; x_wconf 76' lang='grc' dir='ltr'>ὲ</span> <span class='ocrx_word' id='word_1_184' title='bbox 1225 1302 1280 1337; x_wconf 87' lang='lat' dir='ltr'>suo</span> <span class='ocrx_word' id='word_1_185' title='bbox 1296 1303 1390 1338; x_wconf 86' lang='lat' dir='ltr'>fonte</span> <span class='ocrx_word' id='word_1_186' title='bbox 1413 1303 1571 1339; x_wconf 84' lang='lat' dir='ltr'>dimanat.</span> 
     </span>
    </p>

    <p class='ocr_par' dir='ltr' id='par_1_7' title="bbox 387 1349 1791 2032">
     <span class='ocr_line' id='line_1_21' title="bbox 423 1349 1786 1400; baseline -0.001 -13"><span class='ocrx_word' id='word_1_187' title='bbox 423 1353 498 1387; x_wconf 84' lang='lat' dir='ltr'>Pars</span> <span class='ocrx_word' id='word_1_188' title='bbox 512 1351 614 1386; x_wconf 87' lang='lat' dir='ltr'>altera</span> <span class='ocrx_word' id='word_1_189' title='bbox 627 1349 834 1386; x_wconf 78' lang='lat' dir='ltr'>conclusionis</span> <span class='ocrx_word' id='word_1_190' title='bbox 845 1351 889 1385; x_wconf 89' lang='lat' dir='ltr'>est</span> <span class='ocrx_word' id='word_1_191' title='bbox 901 1351 1082 1386; x_wconf 88' lang='lat' dir='ltr'>Aristotelis</span> <span class='ocrx_word' id='word_1_192' title='bbox 1097 1380 1106 1394; x_wconf 91' lang='lat'><em>‚</em></span> <span class='ocrx_word' id='word_1_193' title='bbox 1125 1353 1181 1397; x_wconf 89' lang='lat' dir='ltr'>qui</span> <span class='ocrx_word' id='word_1_194' title='bbox 1204 1350 1315 1399; x_wconf 74' lang='lat' dir='ltr'>passim</span> <span class='ocrx_word' id='word_1_195' title='bbox 1328 1353 1425 1387; x_wconf 88' lang='lat' dir='ltr'>docet</span> <span class='ocrx_word' id='word_1_196' title='bbox 1441 1351 1551 1387; x_wconf 84' lang='lat' dir='ltr'>lumen</span> <span class='ocrx_word' id='word_1_197' title='bbox 1564 1357 1597 1389; x_wconf 89' lang='lat'>&amp;</span> <span class='ocrx_word' id='word_1_198' title='bbox 1611 1350 1689 1400; x_wconf 85' lang='lat' dir='ltr'>pers</span> <span class='ocrx_word' id='word_1_199' title='bbox 1703 1351 1786 1386; x_wconf 85' lang='lat' dir='ltr'>icui-</span> 
     </span>
     <span class='ocr_line' id='line_1_22' title="bbox 390 1364 1783 1448; baseline 0 -13"><span class='ocrx_word' id='word_1_200' title='bbox 390 1410 491 1435; x_wconf 81' lang='lat' dir='ltr'>tatem</span> <span class='ocrx_word' id='word_1_201' title='bbox 510 1398 609 1448; x_wconf 81' lang='lat' dir='ltr'>ipsam</span> <span class='ocrx_word' id='word_1_202' title='bbox 623 1400 664 1434; x_wconf 92' lang='lat' dir='ltr'>ab</span> <span class='ocrx_word' id='word_1_203' title='bbox 680 1400 819 1435; x_wconf 83' lang='lat' dir='ltr'>aetherea</span> <span class='ocrx_word' id='word_1_204' title='bbox 838 1398 1006 1435; x_wconf 85' lang='lat' dir='ltr'>substantia</span> <span class='ocrx_word' id='word_1_205' title='bbox 1023 1399 1188 1448; x_wconf 83' lang='lat' dir='ltr'>proficisci.</span> <span class='ocrx_word' id='word_1_206' title='bbox 1212 1401 1348 1447; x_wconf 78' lang='lat' dir='ltr'>Qando</span> <span class='ocrx_word' id='word_1_207' title='bbox 1361 1429 1370 1446; x_wconf 68' lang='lat'><strong>‚</strong></span> <span class='ocrx_word' id='word_1_208' title='bbox 1382 1402 1491 1448; x_wconf 86' lang='lat' dir='ltr'>inquit</span> <span class='ocrx_word' id='word_1_209' title='bbox 1504 1430 1514 1445; x_wconf 89' lang='lat'>,</span> <span class='ocrx_word' id='word_1_210' title='bbox 1539 1400 1597 1438; x_wconf 81' lang='lat' dir='ltr'>lib.</span> <span class='ocrx_word' id='word_1_211' title='bbox 1622 1401 1663 1435; x_wconf 87' lang='lat' dir='ltr'>de</span> <span class='ocrx_word' id='word_1_212' title='bbox 1677 1364 1783 1444; x_wconf 61' lang='lat' dir='ltr'>sensu,</span> 
     </span>
     <span class='ocr_line' id='line_1_23' title="bbox 390 1447 1784 1498; baseline -0.001 -14"><span class='ocrx_word' id='word_1_213' title='bbox 390 1454 424 1488; x_wconf 70' lang='grc' dir='ltr'>ὅ(</span> <span class='ocrx_word' id='word_1_214' title='bbox 438 1448 574 1484; x_wconf 72' lang='lat' dir='ltr'>sensibili</span> <span class='ocrx_word' id='word_1_215' title='bbox 587 1478 596 1491; x_wconf 93' lang='lat'>,</span> <span class='ocrx_word' id='word_1_216' title='bbox 607 1448 683 1493; x_wconf 81' lang='lat' dir='ltr'>inest</span> <span class='ocrx_word' id='word_1_217' title='bbox 695 1447 827 1496; x_wconf 73' lang='lat' dir='ltr'>aliquid</span> <span class='ocrx_word' id='word_1_218' title='bbox 839 1450 964 1497; x_wconf 79' lang='lat' dir='ltr'>igneum</span> <span class='ocrx_word' id='word_1_219' title='bbox 980 1452 1012 1482; x_wconf 84' lang='lat' dir='ltr'>in</span> <span class='ocrx_word' id='word_1_220' title='bbox 1025 1450 1192 1498; x_wconf 67' lang='lat' dir='ltr'>pmspicuo,</span> <span class='ocrx_word' id='word_1_221' title='bbox 1203 1451 1365 1497; x_wconf 52' lang='lat' dir='ltr'>prasentia</span> <span class='ocrx_word' id='word_1_222' title='bbox 1375 1449 1502 1496; x_wconf 82' lang='lat' dir='ltr'>quidem</span> <span class='ocrx_word' id='word_1_223' title='bbox 1514 1450 1603 1485; x_wconf 79' lang='lat' dir='ltr'>illius</span> <span class='ocrx_word' id='word_1_224' title='bbox 1612 1451 1717 1485; x_wconf 84' lang='lat' dir='ltr'><em>lumen</em></span> <span class='ocrx_word' id='word_1_225' title='bbox 1729 1448 1784 1493; x_wconf 85' lang='lat' dir='ltr'>est,</span> 
     </span>
     <span class='ocr_line' id='line_1_24' title="bbox 387 1496 1781 1547; baseline -0.001 -14"><span class='ocrx_word' id='word_1_226' title='bbox 387 1502 531 1547; x_wconf 77' lang='lat' dir='ltr'>privatio</span> <span class='ocrx_word' id='word_1_227' title='bbox 542 1497 617 1532; x_wconf 70' lang='lat' dir='ltr'>vero</span> <span class='ocrx_word' id='word_1_228' title='bbox 626 1497 762 1532; x_wconf 76' lang='lat' dir='ltr'>tenebrae.</span> <span class='ocrx_word' id='word_1_229' title='bbox 778 1498 866 1532; x_wconf 80' lang='lat' dir='ltr'>Hinc</span> <span class='ocrx_word' id='word_1_230' title='bbox 879 1497 994 1532; x_wconf 86' lang='lat' dir='ltr'>definit</span> <span class='ocrx_word' id='word_1_231' title='bbox 1004 1497 1113 1532; x_wconf 85' lang='lat' dir='ltr'>lumen</span> <span class='ocrx_word' id='word_1_232' title='bbox 1127 1498 1231 1531; x_wconf 55' lang='lat' dir='ltr'>astum</span> <span class='ocrx_word' id='word_1_233' title='bbox 1243 1525 1251 1536; x_wconf 92' lang='lat'><em>,</em></span> <span class='ocrx_word' id='word_1_234' title='bbox 1265 1499 1325 1544; x_wconf 81' lang='lat' dir='ltr'>sen</span> <span class='ocrx_word' id='word_1_235' title='bbox 1338 1509 1455 1532; x_wconf 74' lang='lat' dir='ltr'>motum</span> <span class='ocrx_word' id='word_1_236' title='bbox 1466 1500 1643 1546; x_wconf 69' lang='lat' dir='ltr'>perspicui,</span> <span class='ocrx_word' id='word_1_237' title='bbox 1670 1503 1704 1534; x_wconf 72' lang='grc' dir='ltr'>δε</span> <span class='ocrx_word' id='word_1_238' title='bbox 1723 1496 1781 1532; x_wconf 87' lang='lat' dir='ltr'>lib.</span> 
     </span>
     <span class='ocr_line' id='line_1_25' title="bbox 390 1545 1791 1595; baseline -0.003 -12"><span class='ocrx_word' id='word_1_239' title='bbox 390 1561 422 1583; x_wconf 90' lang='lat'>2.</span> <span class='ocrx_word' id='word_1_240' title='bbox 439 1548 479 1582; x_wconf 88' lang='lat' dir='ltr'>de</span> <span class='ocrx_word' id='word_1_241' title='bbox 496 1550 603 1582; x_wconf 84' lang='lat' dir='ltr'>anima</span> <span class='ocrx_word' id='word_1_242' title='bbox 615 1576 623 1591; x_wconf 88' lang='lat'>‚</span> <span class='ocrx_word' id='word_1_243' title='bbox 645 1557 755 1595; x_wconf 81' lang='lat' dir='ltr'>corpus</span> <span class='ocrx_word' id='word_1_244' title='bbox 770 1575 780 1586; x_wconf 85' lang='lat'><em>‚</em></span> <span class='ocrx_word' id='word_1_245' title='bbox 809 1548 935 1593; x_wconf 85' lang='lat' dir='ltr'>inquit,</span> <span class='ocrx_word' id='word_1_246' title='bbox 957 1559 1018 1581; x_wconf 88' lang='lat' dir='ltr'>non</span> <span class='ocrx_word' id='word_1_247' title='bbox 1031 1545 1070 1590; x_wconf 88' lang='lat' dir='ltr'>est</span> <span class='ocrx_word' id='word_1_248' title='bbox 1079 1548 1272 1594; x_wconf 79' lang='lat' dir='ltr'>perspicuum</span> <span class='ocrx_word' id='word_1_249' title='bbox 1289 1558 1442 1593; x_wconf 79' lang='lat' dir='ltr'>quatenus</span> <span class='ocrx_word' id='word_1_250' title='bbox 1455 1547 1495 1592; x_wconf 84' lang='lat' dir='ltr'>est</span> <span class='ocrx_word' id='word_1_251' title='bbox 1511 1558 1598 1593; x_wconf 76' lang='lat' dir='ltr'>aqua</span> <span class='ocrx_word' id='word_1_252' title='bbox 1609 1574 1617 1584; x_wconf 94' lang='lat'><em>,</em></span> <span class='ocrx_word' id='word_1_253' title='bbox 1636 1559 1691 1580; x_wconf 87' lang='lat' dir='ltr'>nec</span> <span class='ocrx_word' id='word_1_254' title='bbox 1703 1557 1791 1593; x_wconf 83' lang='lat' dir='ltr'>qua--</span> 
     </span>
     <span class='ocr_line' id='line_1_26' title="bbox 388 1594 1786 1642; baseline -0.001 -12"><span class='ocrx_word' id='word_1_255' title='bbox 388 1607 482 1631; x_wconf 73' lang='lat' dir='ltr'>tenus</span> <span class='ocrx_word' id='word_1_256' title='bbox 515 1594 556 1640; x_wconf 79' lang='lat' dir='ltr'>est</span> <span class='ocrx_word' id='word_1_257' title='bbox 576 1608 633 1630; x_wconf 79' lang='lat' dir='ltr'>aer</span> <span class='ocrx_word' id='word_1_258' title='bbox 652 1622 663 1634; x_wconf 79' lang='lat'><em>,</em></span> <span class='ocrx_word' id='word_1_259' title='bbox 679 1596 741 1640; x_wconf 82' lang='lat' dir='ltr'>sed</span> <span class='ocrx_word' id='word_1_260' title='bbox 764 1606 800 1630; x_wconf 87' lang='lat' dir='ltr'>ut</span> <span class='ocrx_word' id='word_1_261' title='bbox 829 1606 947 1629; x_wconf 82' lang='lat' dir='ltr'>natura</span> <span class='ocrx_word' id='word_1_262' title='bbox 989 1595 1129 1641; x_wconf 70' lang='lat' dir='ltr'>quadam</span> <span class='ocrx_word' id='word_1_263' title='bbox 1160 1597 1193 1629; x_wconf 85' lang='lat' dir='ltr'>in</span> <span class='ocrx_word' id='word_1_264' title='bbox 1223 1594 1272 1630; x_wconf 86' lang='lat' dir='ltr'>his</span> <span class='ocrx_word' id='word_1_265' title='bbox 1297 1597 1437 1642; x_wconf 77' lang='lat' dir='ltr'>utrsque</span> <span class='ocrx_word' id='word_1_266' title='bbox 1472 1597 1579 1630; x_wconf 79' lang='lat' dir='ltr'>eadem</span> <span class='ocrx_word' id='word_1_267' title='bbox 1601 1595 1675 1640; x_wconf 82' lang='lat' dir='ltr'>inest</span> <span class='ocrx_word' id='word_1_268' title='bbox 1697 1622 1708 1634; x_wconf 88' lang='lat'><em>,</em></span> <span class='ocrx_word' id='word_1_269' title='bbox 1746 1604 1786 1629; x_wconf 84' lang='lat' dir='ltr'>ut</span> 
     </span>
     <span class='ocr_line' id='line_1_27' title="bbox 388 1641 1785 1693; baseline -0.001 -14"><span class='ocrx_word' id='word_1_270' title='bbox 388 1647 422 1679; x_wconf 80' lang='lat' dir='ltr'>in</span> <span class='ocrx_word' id='word_1_271' title='bbox 445 1656 569 1679; x_wconf 70' lang='lat' dir='ltr'>aeterno-</span> <span class='ocrx_word' id='word_1_272' title='bbox 584 1645 638 1679; x_wconf 83' lang='lat' dir='ltr'>illo</span> <span class='ocrx_word' id='word_1_273' title='bbox 668 1647 784 1693; x_wconf 82' lang='lat' dir='ltr'>supero</span> <span class='ocrx_word' id='word_1_274' title='bbox 804 1654 931 1692; x_wconf 79' lang='lat' dir='ltr'>corpore</span> <span class='ocrx_word' id='word_1_275' title='bbox 959 1659 969 1677; x_wconf 90' lang='grc'>.·</span> <span class='ocrx_word' id='word_1_276' title='bbox 999 1642 1055 1677; x_wconf 86' lang='lat' dir='ltr'>ubi</span> <span class='ocrx_word' id='word_1_277' title='bbox 1078 1643 1244 1679; x_wconf 82' lang='lat' dir='ltr'>manifeste</span> <span class='ocrx_word' id='word_1_278' title='bbox 1267 1644 1526 1693; x_wconf 81' lang='lat' dir='ltr'>perspicuitatem</span> <span class='ocrx_word' id='word_1_279' title='bbox 1553 1649 1586 1681; x_wconf 88' lang='lat'>&amp;</span> <span class='ocrx_word' id='word_1_280' title='bbox 1609 1643 1719 1679; x_wconf 86' lang='lat' dir='ltr'>lumen·</span> <span class='ocrx_word' id='word_1_281' title='bbox 1740 1641 1785 1677; x_wconf 86' lang='lat' dir='ltr'>ab</span> 
     </span>
     <span class='ocr_line' id='line_1_28' title="bbox 392 1691 1786 1742; baseline 0.001 -14"><span class='ocrx_word' id='word_1_282' title='bbox 392 1694 512 1728; x_wconf 78' lang='lat' dir='ltr'>:ethere</span> <span class='ocrx_word' id='word_1_283' title='bbox 539 1692 608 1741; x_wconf 88' lang='lat' dir='ltr'>ipso</span> <span class='ocrx_word' id='word_1_284' title='bbox 640 1694 769 1728; x_wconf 86' lang='lat' dir='ltr'>deducit</span> <span class='ocrx_word' id='word_1_285' title='bbox 808 1706 817 1727; x_wconf 74' lang='lat' dir='ltr'><em>z</em></span> <span class='ocrx_word' id='word_1_286' title='bbox 853 1693 942 1740; x_wconf 89' lang='lat' dir='ltr'>quod</span> <span class='ocrx_word' id='word_1_287' title='bbox 967 1691 1106 1741; x_wconf 81' lang='lat' dir='ltr'>intelligi</span> <span class='ocrx_word' id='word_1_288' title='bbox 1140 1705 1206 1727; x_wconf 85' lang='lat' dir='ltr'>non</span> <span class='ocrx_word' id='word_1_289' title='bbox 1228 1694 1335 1742; x_wconf 75' lang='lat' dir='ltr'>potest</span> <span class='ocrx_word' id='word_1_290' title='bbox 1368 1695 1446 1728; x_wconf 86' lang='lat' dir='ltr'>citra</span> <span class='ocrx_word' id='word_1_291' title='bbox 1471 1693 1615 1740; x_wconf 84' lang='lat' dir='ltr'>aliquem</span> <span class='ocrx_word' id='word_1_292' title='bbox 1645 1705 1786 1730; x_wconf 82' lang='lat' dir='ltr'>motum.</span> 
     </span>
     <span class='ocr_line' id='line_1_29' title="bbox 389 1738 1786 1790; baseline -0.001 -13"><span class='ocrx_word' id='word_1_293' title='bbox 389 1742 526 1778; x_wconf 89' lang='lat' dir='ltr'>Nullum</span> <span class='ocrx_word' id='word_1_294' title='bbox 542 1744 632 1777; x_wconf 85' lang='lat' dir='ltr'>enim</span> <span class='ocrx_word' id='word_1_295' title='bbox 647 1754 761 1789; x_wconf 88' lang='lat' dir='ltr'>corpus</span> <span class='ocrx_word' id='word_1_296' title='bbox 777 1738 882 1783; x_wconf 59' lang='lat' dir='ltr'>lucetg</span> <span class='ocrx_word' id='word_1_297' title='bbox 896 1739 951 1775; x_wconf 87' lang='lat' dir='ltr'>nisi</span> <span class='ocrx_word' id='word_1_298' title='bbox 964 1742 1051 1775; x_wconf 83' lang='lat' dir='ltr'>idem</span> <span class='ocrx_word' id='word_1_299' title='bbox 1066 1753 1238 1776; x_wconf 87' lang='lat' dir='ltr'>moveatur</span> <span class='ocrx_word' id='word_1_300' title='bbox 1250 1770 1258 1784; x_wconf 82' lang='lat'><strong>,</strong></span> <span class='ocrx_word' id='word_1_301' title='bbox 1275 1745 1350 1776; x_wconf 84' lang='lat' dir='ltr'>utin</span> <span class='ocrx_word' id='word_1_302' title='bbox 1362 1745 1436 1790; x_wconf 83' lang='lat' dir='ltr'>igne</span> <span class='ocrx_word' id='word_1_303' title='bbox 1455 1741 1650 1777; x_wconf 74' lang='lat' dir='ltr'>notissimum</span> <span class='ocrx_word' id='word_1_304' title='bbox 1667 1742 1718 1776; x_wconf 84' lang='lat' dir='ltr'>est.</span> <span class='ocrx_word' id='word_1_305' title='bbox 1732 1743 1786 1776; x_wconf 83' lang='lat' dir='ltr'>Sic</span> 
     </span>
     <span class='ocr_line' id='line_1_30' title="bbox 391 1788 1786 1837; baseline 0.001 -13"><span class='ocrx_word' id='word_1_306' title='bbox 391 1789 471 1837; x_wconf 81' lang='lat' dir='ltr'>lapis</span> <span class='ocrx_word' id='word_1_307' title='bbox 486 1788 694 1825; x_wconf 80' lang='lat' dir='ltr'>Bononiensis</span> <span class='ocrx_word' id='word_1_308' title='bbox 706 1802 780 1824; x_wconf 87' lang='lat' dir='ltr'>cum</span> <span class='ocrx_word' id='word_1_309' title='bbox 794 1789 966 1825; x_wconf 78' lang='lat' dir='ltr'>calcimtus</span> <span class='ocrx_word' id='word_1_310' title='bbox 978 1789 1038 1823; x_wconf 86' lang='lat' dir='ltr'>fuit</span> <span class='ocrx_word' id='word_1_311' title='bbox 1050 1817 1060 1831; x_wconf 91' lang='lat'>‚</span> <span class='ocrx_word' id='word_1_312' title='bbox 1075 1794 1107 1824; x_wconf 92' lang='lat'><strong>&amp;</strong></span> <span class='ocrx_word' id='word_1_313' title='bbox 1121 1790 1214 1822; x_wconf 85' lang='lat' dir='ltr'>radiis</span> <span class='ocrx_word' id='word_1_314' title='bbox 1229 1789 1382 1824; x_wconf 83' lang='lat' dir='ltr'>solaribus</span> <span class='ocrx_word' id='word_1_315' title='bbox 1394 1789 1563 1835; x_wconf 80' lang='lat' dir='ltr'>expositus,</span> <span class='ocrx_word' id='word_1_316' title='bbox 1574 1790 1673 1824; x_wconf 63' lang='lat' dir='ltr'>nostu</span> <span class='ocrx_word' id='word_1_317' title='bbox 1688 1790 1786 1828; x_wconf 78' lang='lat' dir='ltr'>lucet.</span> 
     </span>
     <span class='ocr_line' id='line_1_31' title="bbox 389 1833 1785 1886; baseline -0.001 -14"><span class='ocrx_word' id='word_1_318' title='bbox 389 1840 443 1873; x_wconf 81' lang='lat' dir='ltr'>Sic</span> <span class='ocrx_word' id='word_1_319' title='bbox 453 1851 540 1873; x_wconf 85' lang='lat' dir='ltr'>mate</span> <span class='ocrx_word' id='word_1_320' title='bbox 551 1838 744 1886; x_wconf 83' lang='lat' dir='ltr'>tempestate</span> <span class='ocrx_word' id='word_1_321' title='bbox 761 1840 919 1886; x_wconf 75' lang='lat' dir='ltr'>agitatum</span> <span class='ocrx_word' id='word_1_322' title='bbox 934 1833 943 1881; x_wconf 64' lang='grc' dir='ltr'>ζ</span> <span class='ocrx_word' id='word_1_323' title='bbox 958 1836 1139 1871; x_wconf 77' lang='lat' dir='ltr'>saccharum</span> <span class='ocrx_word' id='word_1_324' title='bbox 1151 1836 1252 1885; x_wconf 85' lang='lat' dir='ltr'>ipsum</span> <span class='ocrx_word' id='word_1_325' title='bbox 1265 1867 1275 1881; x_wconf 88' lang='lat'>‚</span> <span class='ocrx_word' id='word_1_326' title='bbox 1293 1839 1368 1872; x_wconf 88' lang='lat' dir='ltr'>dum</span> <span class='ocrx_word' id='word_1_327' title='bbox 1379 1840 1479 1873; x_wconf 59' lang='lat' dir='ltr'>noae</span> <span class='ocrx_word' id='word_1_328' title='bbox 1490 1838 1586 1872; x_wconf 88' lang='lat' dir='ltr'>celeri</span> <span class='ocrx_word' id='word_1_329' title='bbox 1596 1849 1689 1873; x_wconf 87' lang='lat' dir='ltr'>motu</span> <span class='ocrx_word' id='word_1_330' title='bbox 1698 1851 1785 1874; x_wconf 89' lang='lat' dir='ltr'>com.</span> 
     </span>
     <span class='ocr_line' id='line_1_32' title="bbox 389 1882 1784 1936; baseline -0.001 -13"><span class='ocrx_word' id='word_1_331' title='bbox 389 1889 565 1928; x_wconf 84' lang='lat' dir='ltr'>minuitur,</span> <span class='ocrx_word' id='word_1_332' title='bbox 587 1887 702 1922; x_wconf 88' lang='lat' dir='ltr'>felium</span> <span class='ocrx_word' id='word_1_333' title='bbox 716 1886 772 1935; x_wconf 80' lang='lat' dir='ltr'>pili</span> <span class='ocrx_word' id='word_1_334' title='bbox 790 1882 1014 1921; x_wconf 82' lang='lat' dir='ltr'>vehementius</span> <span class='ocrx_word' id='word_1_335' title='bbox 1032 1888 1113 1921; x_wconf 88' lang='lat' dir='ltr'>moti</span> <span class='ocrx_word' id='word_1_336' title='bbox 1132 1887 1256 1922; x_wconf 83' lang='lat' dir='ltr'>radiant</span> <span class='ocrx_word' id='word_1_337' title='bbox 1271 1901 1282 1923; x_wconf 70' lang='grc' dir='ltr'><strong><em>ς</em></strong></span> <span class='ocrx_word' id='word_1_338' title='bbox 1298 1887 1383 1921; x_wconf 86' lang='lat' dir='ltr'>idem</span> <span class='ocrx_word' id='word_1_339' title='bbox 1404 1887 1443 1921; x_wconf 93' lang='lat' dir='ltr'>de</span> <span class='ocrx_word' id='word_1_340' title='bbox 1464 1887 1557 1936; x_wconf 83' lang='lat' dir='ltr'>lignis</span> <span class='ocrx_word' id='word_1_341' title='bbox 1575 1887 1730 1934; x_wconf 85' lang='lat' dir='ltr'>putridis,</span> <span class='ocrx_word' id='word_1_342' title='bbox 1748 1891 1784 1925; x_wconf 82' lang='lat'>&amp;</span> 
     </span>
     <span class='ocr_line' id='line_1_33' title="bbox 390 1935 1784 1986; baseline 0 -16"><span class='ocrx_word' id='word_1_343' title='bbox 390 1935 583 1983; x_wconf 79' lang='lat' dir='ltr'>quibusdam</span> <span class='ocrx_word' id='word_1_344' title='bbox 595 1935 732 1985; x_wconf 88' lang='lat' dir='ltr'>piscibus</span> <span class='ocrx_word' id='word_1_345' title='bbox 743 1948 817 1970; x_wconf 87' lang='lat' dir='ltr'>cum</span> <span class='ocrx_word' id='word_1_346' title='bbox 827 1935 1006 1982; x_wconf 81' lang='lat' dir='ltr'>putrescere</span> <span class='ocrx_word' id='word_1_347' title='bbox 1025 1937 1180 1983; x_wconf 83' lang='lat' dir='ltr'>incipiunt</span> <span class='ocrx_word' id='word_1_348' title='bbox 1190 1964 1200 1978; x_wconf 87' lang='lat'>,</span> <span class='ocrx_word' id='word_1_349' title='bbox 1216 1935 1421 1973; x_wconf 86' lang='lat' dir='ltr'>sentiendum</span> <span class='ocrx_word' id='word_1_350' title='bbox 1437 1936 1494 1973; x_wconf 89' lang='lat' dir='ltr'>est.</span> <span class='ocrx_word' id='word_1_351' title='bbox 1511 1938 1597 1973; x_wconf 88' lang='lat' dir='ltr'>Tum</span> <span class='ocrx_word' id='word_1_352' title='bbox 1609 1939 1696 1972; x_wconf 87' lang='lat' dir='ltr'>enim</span> <span class='ocrx_word' id='word_1_353' title='bbox 1707 1948 1784 1986; x_wconf 85' lang='lat' dir='ltr'>par.</span> 
     </span>
     <span class='ocr_line' id='line_1_34' title="bbox 394 1983 1202 2032; baseline -0.001 -12"><span class='ocrx_word' id='word_1_354' title='bbox 394 1996 441 2020; x_wconf 80' lang='lat' dir='ltr'>tes</span> <span class='ocrx_word' id='word_1_355' title='bbox 460 1983 584 2020; x_wconf 67' lang='lat' dir='ltr'>h2bent</span> <span class='ocrx_word' id='word_1_356' title='bbox 603 1984 698 2019; x_wconf 89' lang='lat' dir='ltr'>celeri</span> <span class='ocrx_word' id='word_1_357' title='bbox 718 1990 751 2020; x_wconf 69' lang='grc' dir='ltr'>ὃς</span> <span class='ocrx_word' id='word_1_358' title='bbox 772 1984 923 2018; x_wconf 77' lang='lat' dir='ltr'>intestino</span> <span class='ocrx_word' id='word_1_359' title='bbox 950 1996 1043 2019; x_wconf 86' lang='lat' dir='ltr'>motu</span> <span class='ocrx_word' id='word_1_360' title='bbox 1059 1986 1202 2032; x_wconf 86' lang='lat' dir='ltr'>agitatas.</span> 
     </span>
    </p>

    <p class='ocr_par' dir='ltr' id='par_1_8' title="bbox 390 2031 1784 2327">
     <span class='ocr_line' id='line_1_35' title="bbox 428 2031 1784 2083; baseline -0.001 -17"><span class='ocrx_word' id='word_1_361' title='bbox 428 2033 730 2081; x_wconf 61' lang='lat' dir='ltr'>Co.‹·fi·rm.1dipsum</span> <span class='ocrx_word' id='word_1_362' title='bbox 746 2031 852 2079; x_wconf 76' lang='lat' dir='ltr'>palam</span> <span class='ocrx_word' id='word_1_363' title='bbox 873 2032 909 2067; x_wconf 84' lang='lat' dir='ltr'>fit</span> <span class='ocrx_word' id='word_1_364' title='bbox 926 2045 965 2067; x_wconf 85' lang='lat' dir='ltr'>ex</span> <span class='ocrx_word' id='word_1_365' title='bbox 978 2033 1151 2068; x_wconf 81' lang='lat' dir='ltr'>adamante</span> <span class='ocrx_word' id='word_1_366' title='bbox 1169 2035 1258 2078; x_wconf 78' lang='lat' dir='ltr'>rudi,</span> <span class='ocrx_word' id='word_1_367' title='bbox 1269 2048 1335 2071; x_wconf 82' lang='lat' dir='ltr'>non</span> <span class='ocrx_word' id='word_1_368' title='bbox 1351 2035 1434 2070; x_wconf 73' lang='lat' dir='ltr'>terso</span> <span class='ocrx_word' id='word_1_369' title='bbox 1451 2065 1459 2077; x_wconf 80' lang='lat'>‚</span> <span class='ocrx_word' id='word_1_370' title='bbox 1483 2038 1539 2083; x_wconf 86' lang='lat' dir='ltr'>qui</span> <span class='ocrx_word' id='word_1_371' title='bbox 1559 2047 1643 2070; x_wconf 81' lang='lat' dir='ltr'>nunc</span> <span class='ocrx_word' id='word_1_372' title='bbox 1659 2034 1706 2069; x_wconf 84' lang='lat' dir='ltr'>est</span> <span class='ocrx_word' id='word_1_373' title='bbox 1722 2045 1784 2082; x_wconf 74' lang='lat' dir='ltr'>pe.;</span> 
     </span>
     <span class='ocr_line' id='line_1_36' title="bbox 391 2082 1784 2132; baseline 0.001 -15"><span class='ocrx_word' id='word_1_374' title='bbox 391 2095 448 2120; x_wconf 85' lang='lat' dir='ltr'>nes</span> <span class='ocrx_word' id='word_1_375' title='bbox 460 2094 582 2130; x_wconf 83' lang='lat' dir='ltr'>magnae</span> <span class='ocrx_word' id='word_1_376' title='bbox 592 2084 762 2117; x_wconf 80' lang='lat' dir='ltr'>Brintaniae</span> <span class='ocrx_word' id='word_1_377' title='bbox 773 2083 900 2126; x_wconf 57' lang='lat' dir='ltr'>Regem</span> <span class='ocrx_word' id='word_1_378' title='bbox 912 2110 920 2124; x_wconf 89' lang='lat'>‚</span> <span class='ocrx_word' id='word_1_379' title='bbox 940 2082 980 2115; x_wconf 90' lang='lat' dir='ltr'>de</span> <span class='ocrx_word' id='word_1_380' title='bbox 991 2094 1056 2129; x_wconf 88' lang='lat' dir='ltr'>quo</span> <span class='ocrx_word' id='word_1_381' title='bbox 1070 2094 1114 2117; x_wconf 82' lang='lat' dir='ltr'>tta</span> <span class='ocrx_word' id='word_1_382' title='bbox 1121 2084 1168 2117; x_wconf 70' lang='lat' dir='ltr'>sta</span> <span class='ocrx_word' id='word_1_383' title='bbox 1175 2095 1241 2120; x_wconf 91' lang='lat' dir='ltr'>rum</span> <span class='ocrx_word' id='word_1_384' title='bbox 1254 2083 1367 2132; x_wconf 80' lang='lat' dir='ltr'>scripsit</span> <span class='ocrx_word' id='word_1_385' title='bbox 1382 2088 1424 2121; x_wconf 91' lang='lat' dir='ltr'>D.</span> <span class='ocrx_word' id='word_1_386' title='bbox 1439 2085 1554 2123; x_wconf 73' lang='lat' dir='ltr'>Bovle.</span> <span class='ocrx_word' id='word_1_387' title='bbox 1565 2087 1592 2120; x_wconf 86' lang='lat' dir='ltr'>Is</span> <span class='ocrx_word' id='word_1_388' title='bbox 1602 2085 1688 2117; x_wconf 81' lang='lat' dir='ltr'>enim</span> <span class='ocrx_word' id='word_1_389' title='bbox 1697 2083 1784 2118; x_wconf 77' lang='lat' dir='ltr'>affii-</span> 
     </span>
     <span class='ocr_line' id='line_1_37' title="bbox 393 2121 1781 2181; baseline -0.001 -13"><span class='ocrx_word' id='word_1_390' title='bbox 393 2134 462 2168; x_wconf 66' lang='lat' dir='ltr'>&amp;us</span> <span class='ocrx_word' id='word_1_391' title='bbox 473 2144 540 2166; x_wconf 88' lang='lat' dir='ltr'>uon</span> <span class='ocrx_word' id='word_1_392' title='bbox 551 2131 734 2166; x_wconf 68' lang='lat' dir='ltr'>elefflicam</span> <span class='ocrx_word' id='word_1_393' title='bbox 748 2121 847 2166; x_wconf 65' lang='lat' dir='ltr'>trodo</span> <span class='ocrx_word' id='word_1_394' title='bbox 859 2159 867 2172; x_wconf 82' lang='lat'>,</span> <span class='ocrx_word' id='word_1_395' title='bbox 885 2142 920 2164; x_wconf 87' lang='lat' dir='ltr'>ut</span> <span class='ocrx_word' id='word_1_396' title='bbox 935 2133 1041 2165; x_wconf 81' lang='lat' dir='ltr'>caeteri</span> <span class='ocrx_word' id='word_1_397' title='bbox 1056 2131 1076 2165; x_wconf 89' lang='lat' dir='ltr'>f.</span> <span class='ocrx_word' id='word_1_398' title='bbox 1092 2144 1124 2166; x_wconf 85' lang='lat' dir='ltr'>re</span> <span class='ocrx_word' id='word_1_399' title='bbox 1134 2133 1318 2168; x_wconf 80' lang='lat' dir='ltr'>adamantes</span> <span class='ocrx_word' id='word_1_400' title='bbox 1333 2163 1341 2177; x_wconf 84' lang='lat'>‚</span> <span class='ocrx_word' id='word_1_401' title='bbox 1364 2133 1414 2168; x_wconf 85' lang='lat' dir='ltr'>sed</span> <span class='ocrx_word' id='word_1_402' title='bbox 1433 2128 1521 2181; x_wconf 87' lang='lat' dir='ltr'>quod</span> <span class='ocrx_word' id='word_1_403' title='bbox 1557 2134 1641 2166; x_wconf 68' lang='lat' dir='ltr'>aucis</span> <span class='ocrx_word' id='word_1_404' title='bbox 1651 2134 1781 2167; x_wconf 76' lang='lat' dir='ltr'>coutin-</span> 
     </span>
     <span class='ocr_line' id='line_1_38' title="bbox 391 2146 1782 2230; baseline 0 -16"><span class='ocrx_word' id='word_1_405' title='bbox 391 2183 440 2230; x_wconf 82' lang='lat' dir='ltr'>git</span> <span class='ocrx_word' id='word_1_406' title='bbox 455 2209 462 2222; x_wconf 87' lang='lat'>‚</span> <span class='ocrx_word' id='word_1_407' title='bbox 475 2182 579 2215; x_wconf 86' lang='lat' dir='ltr'>radios</span> <span class='ocrx_word' id='word_1_408' title='bbox 594 2180 722 2215; x_wconf 73' lang='lat' dir='ltr'>luminis</span> <span class='ocrx_word' id='word_1_409' title='bbox 737 2181 827 2214; x_wconf 60' lang='lat' dir='ltr'>instar</span> <span class='ocrx_word' id='word_1_410' title='bbox 840 2180 995 2227; x_wconf 85' lang='lat' dir='ltr'>lampadis</span> <span class='ocrx_word' id='word_1_411' title='bbox 1009 2179 1097 2214; x_wconf 81' lang='lat' dir='ltr'>vibra</span> <span class='ocrx_word' id='word_1_412' title='bbox 1104 2192 1126 2223; x_wconf 86' lang='lat' dir='ltr'>t,</span> <span class='ocrx_word' id='word_1_413' title='bbox 1136 2183 1205 2217; x_wconf 88' lang='lat' dir='ltr'>imo</span> <span class='ocrx_word' id='word_1_414' title='bbox 1215 2195 1250 2218; x_wconf 39' lang='lat' dir='ltr'>vx</span> <span class='ocrx_word' id='word_1_415' title='bbox 1263 2182 1272 2216; x_wconf 95' lang='lat' dir='ltr'>l</span> <span class='ocrx_word' id='word_1_416' title='bbox 1284 2184 1386 2225; x_wconf 63' lang='lat' dir='ltr'>digito</span> <span class='ocrx_word' id='word_1_417' title='bbox 1399 2182 1514 2230; x_wconf 76' lang='lat' dir='ltr'>pressus</span> <span class='ocrx_word' id='word_1_418' title='bbox 1524 2146 1672 2215; x_wconf 53' lang='lat' dir='ltr'>AEssmfflas</span> <span class='ocrx_word' id='word_1_419' title='bbox 1684 2183 1782 2216; x_wconf 75' lang='lat' dir='ltr'>emir-</span> 
     </span>
     <span class='ocr_line' id='line_1_39' title="bbox 390 2223 1781 2282; baseline 0 -17"><span class='ocrx_word' id='word_1_420' title='bbox 390 2232 444 2265; x_wconf 78' lang='lat' dir='ltr'>1it.</span> <span class='ocrx_word' id='word_1_421' title='bbox 455 2230 518 2264; x_wconf 87' lang='lat' dir='ltr'>Sed</span> <span class='ocrx_word' id='word_1_422' title='bbox 534 2230 629 2271; x_wconf 56' lang='lat' dir='ltr'>longe</span> <span class='ocrx_word' id='word_1_423' title='bbox 642 2233 796 2277; x_wconf 79' lang='lat' dir='ltr'>majorem</span> <span class='ocrx_word' id='word_1_424' title='bbox 812 2228 915 2263; x_wconf 88' lang='lat' dir='ltr'>lucem</span> <span class='ocrx_word' id='word_1_425' title='bbox 928 2228 1042 2276; x_wconf 76' lang='lat' dir='ltr'>spargit</span> <span class='ocrx_word' id='word_1_426' title='bbox 1052 2259 1060 2273; x_wconf 91' lang='lat'><strong><em>,</em></strong></span> <span class='ocrx_word' id='word_1_427' title='bbox 1072 2242 1145 2265; x_wconf 85' lang='lat' dir='ltr'>cum</span> <span class='ocrx_word' id='word_1_428' title='bbox 1156 2231 1236 2268; x_wconf 88' lang='lat' dir='ltr'>duro</span> <span class='ocrx_word' id='word_1_429' title='bbox 1245 2223 1372 2282; x_wconf 72' lang='lat' dir='ltr'>corpori</span> <span class='ocrx_word' id='word_1_430' title='bbox 1383 2231 1522 2267; x_wconf 62' lang='lat' dir='ltr'>affiidlus</span> <span class='ocrx_word' id='word_1_431' title='bbox 1535 2229 1597 2264; x_wconf 89' lang='lat' dir='ltr'>fuit</span> <span class='ocrx_word' id='word_1_432' title='bbox 1611 2258 1621 2272; x_wconf 90' lang='lat'>,</span> <span class='ocrx_word' id='word_1_433' title='bbox 1639 2241 1781 2278; x_wconf 82' lang='lat' dir='ltr'>eamque</span> 
     </span>
     <span class='ocr_line' id='line_1_40' title="bbox 390 2277 1120 2327; baseline 0.005 -16"><span class='ocrx_word' id='word_1_434' title='bbox 390 2278 492 2327; x_wconf 81' lang='lat' dir='ltr'>paulo</span> <span class='ocrx_word' id='word_1_435' title='bbox 505 2277 623 2314; x_wconf 66' lang='lat' dir='ltr'>diutius</span> <span class='ocrx_word' id='word_1_436' title='bbox 639 2281 759 2313; x_wconf 77' lang='lat' dir='ltr'>retinet</span> <span class='ocrx_word' id='word_1_437' title='bbox 770 2277 823 2313; x_wconf 85' lang='lat' dir='ltr'>vel</span> <span class='ocrx_word' id='word_1_438' title='bbox 841 2290 930 2323; x_wconf 80' lang='lat' dir='ltr'>aquae</span> <span class='ocrx_word' id='word_1_439' title='bbox 945 2278 1120 2315; x_wconf 80' lang='lat' dir='ltr'>immersus.</span> 
     </span>
    </p>

    <p class='ocr_par' dir='ltr' id='par_1_9' title="bbox 392 2325 1780 2427">
     <span class='ocr_line' id='line_1_41' title="bbox 436 2325 1780 2375; baseline 0 -15"><span class='ocrx_word' id='word_1_440' title='bbox 436 2327 587 2372; x_wconf 85' lang='lat' dir='ltr'>Confi›·m.</span> <span class='ocrx_word' id='word_1_441' title='bbox 604 2325 1171 2374; x_wconf 71' lang='lat' dir='ltr'>etiampotestinfigniexperimento</span> <span class='ocrx_word' id='word_1_442' title='bbox 1193 2328 1369 2364; x_wconf 79' lang='lat' dir='ltr'>barometri</span> <span class='ocrx_word' id='word_1_443' title='bbox 1383 2357 1393 2372; x_wconf 80' lang='grc'>,</span> <span class='ocrx_word' id='word_1_444' title='bbox 1412 2329 1497 2375; x_wconf 89' lang='lat' dir='ltr'>quod</span> <span class='ocrx_word' id='word_1_445' title='bbox 1517 2339 1583 2362; x_wconf 77' lang='lat' dir='ltr'>erat</span> <span class='ocrx_word' id='word_1_446' title='bbox 1604 2330 1635 2362; x_wconf 88' lang='lat' dir='ltr'>in</span> <span class='ocrx_word' id='word_1_447' title='bbox 1652 2326 1780 2363; x_wconf 76' lang='lat' dir='ltr'>Obser-</span> 
     </span>
     <span class='ocr_line' id='line_1_42' title="bbox 392 2376 1780 2427; baseline -0.001 -16"><span class='ocrx_word' id='word_1_448' title='bbox 392 2385 521 2411; x_wconf 74' lang='lat' dir='ltr'>vatotio</span> <span class='ocrx_word' id='word_1_449' title='bbox 530 2378 640 2427; x_wconf 80' lang='lat' dir='ltr'>Regio</span> <span class='ocrx_word' id='word_1_450' title='bbox 664 2391 671 2414; x_wconf 88' lang='lat'>:</span> <span class='ocrx_word' id='word_1_451' title='bbox 694 2376 747 2413; x_wconf 86' lang='lat' dir='ltr'>sed</span> <span class='ocrx_word' id='word_1_452' title='bbox 764 2388 839 2414; x_wconf 87' lang='lat' dir='ltr'>ante</span> <span class='ocrx_word' id='word_1_453' title='bbox 854 2387 976 2413; x_wconf 86' lang='lat' dir='ltr'>annum</span> <span class='ocrx_word' id='word_1_454' title='bbox 990 2376 1192 2415; x_wconf 60' lang='lat' dir='ltr'>confraaum</span> <span class='ocrx_word' id='word_1_455' title='bbox 1214 2379 1269 2414; x_wconf 84' lang='lat' dir='ltr'>est.</span> <span class='ocrx_word' id='word_1_456' title='bbox 1291 2381 1380 2416; x_wconf 84' lang='lat' dir='ltr'>Nam</span> <span class='ocrx_word' id='word_1_457' title='bbox 1396 2376 1544 2414; x_wconf 72' lang='lat' dir='ltr'>succussus</span> <span class='ocrx_word' id='word_1_458' title='bbox 1562 2377 1780 2426; x_wconf 81' lang='lat' dir='ltr'>hydrargyrus</span> 
     </span>
    </p>

    <p class='ocr_par' dir='ltr' id='par_1_10' title="bbox 1744 2437 1779 2460">
     <span class='ocr_line' id='line_1_43' title="bbox 1744 2437 1779 2460; baseline 0 -2"><span class='ocrx_word' id='word_1_459' title='bbox 1744 2437 1779 2460; x_wconf 85' lang='lat' dir='ltr'>m</span> 
     </span>
    </p>
   </div>
   <div class='ocr_carea' id='block_1_5' title="bbox 1858 498 1878 912">
    <p class='ocr_par' dir='ltr' id='par_1_11' title="bbox 1858 498 1878 912">
     <span class='ocr_line' id='line_1_44' title="bbox 1858 498 1878 912; baseline 0 1812"><span class='ocrx_word' id='word_1_460' title='bbox 1858 498 1878 912; x_wconf 95' lang='lat' dir='ltr'> </span> 
     </span>
    </p>
   </div>
  </div>
 </body>
</html>
