1878 2724
568 121 637 159 DE
670 120 1024 158 Miz-remus.
1422 135 1473 172 ,ῃ

619 220 676 255 De
698 231 780 255 aura
791 220 949 267 serotina.

90 318 202 356 -Cum
216 320 319 354 tenuis
331 318 446 354 halitus
461 317 577 354 diurno
585 317 692 354 calore
709 319 841 354 evectus
850 318 921 367 post
933 317 1003 354 solis
1014 316 1160 353 occasum
1172 316 1304 361 decidit,
1314 326 1382 352 rum
1394 330 1466 353 aura

83 367 219 403 serotina
226 369 339 404 dicitur
350 397 359 412 ,
371 367 479 403 multis
493 366 678 416 perniciosa,
688 369 725 402 iis
736 367 909 416 prasertim
918 366 1036 415 quibus
1052 366 1151 402 laxior
1166 365 1207 400 est
1223 364 1375 401 fibrarum
1387 379 1466 403 con.

85 427 191 452 textus
203 445 214 460 ,
227 421 260 454 &
269 419 338 466 pori
351 419 539 465 apertiores,
549 417 668 455 AEstate
677 417 811 464 quidem
823 415 944 452 tardius
965 415 1039 465 post
1057 413 1128 450 (olis
1138 414 1284 451 occasum
1295 414 1468 461 delabitur,

82 464 181 513 quam
198 471 336 510 vere‚&
348 477 522 501 autumno:
537 468 614 513 quia
631 465 763 501 modico
779 465 900 513 frigore
914 475 994 514 opus
1009 464 1076 508 est,
1101 475 1137 500 ut
1152 475 1254 512 vapor
1276 467 1339 499 acri
1362 464 1465 501 halitu

82 515 250 562 permistus
269 514 460 551 concrescat.
479 516 601 550 Hieme
623 525 731 549 autem
745 526 811 550 non
828 513 900 550 satis
918 514 964 549 est
980 513 1093 548 caloris
1108 524 1145 548 nt
1160 512 1401 549 exhalationem
1422 515 1463 550 il-

82 563 146 599 lam
159 562 273 599 sursum
287 563 426 599 attollat.
438 565 459 597 F
463 563 549 599 laute
564 575 663 599 vento
671 561 851 611 dissipatur,
872 562 984 611 pluvio
993 561 1076 597 coelo
1085 574 1160 597 aura
1177 561 1315 598 serotina
1329 575 1395 597 non
1407 564 1465 597 de-

80 612 161 646 cidit
174 624 267 647 :nam
282 615 313 647 in
324 612 466 661 pluviam
475 611 559 648 abit.
570 611 636 647 Sub
648 612 840 660 aequinoCtia
853 610 1023 660 malignior
1036 611 1082 646 est
1095 640 1104 655 ,
1119 616 1153 648 &
1164 612 1307 646 maxime
1323 613 1357 647 in
1366 614 1405 646 iis
1414 611 1464 647 lo-

34 671 39 676 ·
82 661 126 695 cis
137 689 146 703 ,
159 672 198 695 ex
212 660 329 708 quibus
343 661 460 697 halitus
474 661 646 697 minerales
665 661 862 697 evehuntur:
873 652 948 696 na'm
964 672 1147 710 temperato
1160 659 1266 694 calore
1277 672 1394 709 magna
1406 673 1463 695 va-

78 720 192 757 porum
203 713 296 757 copia
308 710 466 745 attollitur
477 739 486 753 ‚
507 712 647 746 maxime
660 710 694 745 in
703 709 786 744 -locis
803 709 994 758 palustribus
1011 723 1019 746 ε
1038 711 1095 758 qui
1115 721 1188 743 curn
1199 708 1376 744 acrioribus
1387 721 1461 745 cor-

78 757 209 806 pusculis
221 758 386 795 abundent
400 770 411 803 ,·
428 758 523 796 facile
532 758 665 794 subeunt
677 761 789 806 capitis
799 771 895 807 poros
911 775 920 803 3
933 759 1078 794 dentium
1094 756 1261 792 doloribus
1276 784 1286 801 ,
1299 763 1334 794 δε
1346 757 1462 793 humo-

77 817 148 841 tum'
157 806 421 844 distillationibus
431 810 521 844 viam
539 810 698 856 aperiunt.
710 809 800 843 Hinc
816 807 1003 857 sanguinem
1017 817 1253 853 nonnunquam
1264 809 1457 855 exprimunt,

76 853 220 892 somnum
229 868 455 906 arcent‚caput
464 857 602 906 fatigant
612 885 623 902 ‚
634 869 674 892 ac
689 856 906 906 respirationis
922 866 1041 905 organa
1059 854 1259 905 potiffimum
1279 855 1409 893 laedunt.

683 954 739 988 De
761 967 840 991 rore.

84 1063 88 1079 1
116 1052 196 1087 Non
206 1050 360 1088 diffimilis
374 1053 417 1089 est
426 1055 505 1088 roris
520 1052 610 1102 ipsius
627 1054 710 1086 ratio
726 1066 735 1088 t
753 1053 799 1086 est
812 1054 1052 1101 quippevapor
1064 1052 1224 1088 noeturno
1239 1053 1360 1103 frigore
1376 1065 1456 1089 con-

70 1099 384 1136 cretus.1nsenfibilis
396 1104 483 1138 enirn
492 1114 582 1149 aquae
592 1100 755 1150 particulae
768 1101 943 1148 tranquillo
961 1102 1100 1135 maxime
1119 1105 1153 1138 δε
1164 1100 1275 1137 sereno
1283 1102 1370 1137 coelo
1384 1102 1458 1137 her-

71 1145 187 1184 barum
196 1148 285 1184 foliis
295 1150 512 1186 adhaerescunt
523 1179 533 1194 ,
550 1148 739 1187 &collectae
757 1149 837 1185 fiunt
850 1147 1018 1185 sensibiles.
1043 1151 1133 1184 Hinc
1159 1148 1231 1184 loca
1246 1152 1384 1186 aridiora
1404 1163 1455 1186 ros

72 1195 294 1246 nullustegit:
313 1200 401 1246 quod
413 1198 587 1235 ibihumor
596 1196 683 1235 defit.
700 1198 810 1234 Flante
823 1207 945 1241 vento,
964 1197 1020 1233 vel
1036 1197 1123 1233 coelo
1143 1197 1258 1234 nubilo
1283 1212 1454 1249 perparum

71 1247 155 1279 toris‘
165 1246 285 1282 decidit
296 1262 305 1284 z
317 1260 394 1283 narn
407 1258 522 1283 ventus
532 1259 688 1296 vaporem
706 1246 851 1296 dissipat:
869 1247 980 1296 pluvio
993 1246 1080 1281 coelo
1090 1245 1110 1281 fi
1131 1249 1203 1294 quis
1223 1260 1325 1297 vapor
1341 1250 1454 1283 educi-

72 1303 138 1337 tur,
155 1293 206 1329 hic
224 1295 396 1332 filamentis
404 1295 916 1344 exhalationumimplicituseurn
934 1294 1021 1330 nube
1032 1295 1249 1331 confunditur.
1266 1296 1454 1332 Actioribus

69 1342 258 1390 corpusculis
268 1357 320 1379 ros
330 1345 473 1381 abundat
490 1360 499 1382 ε
517 1346 590 1382 hinc
608 1345 751 1394 segetum
764 1344 880 1394 rubigo
892 1373 902 1388 ,
915 1357 989 1379 curn
1006 1357 1056 1379 ros
1070 1344 1153 1393 spica
1169 1357 1320 1394 exceptus
1340 1347 1456 1381 ardore

70 1388 143 1425 solis
159 1393 319 1440 putrescit.
338 1397 417 1429 Fieri
427 1397 525 1430 etiam
543 1395 648 1443 potest
663 1404 699 1429 ut
714 1397 835 1429 nitrum
850 1392 1082 1429 subtiliffirnum
1099 1396 1132 1429 in
1153 1405 1224 1428 rore
1239 1398 1450 1431 contineatur.

69 1438 370 1478 Unde-insectorum
381 1445 598 1492 procreationi
610 1442 748 1478 multum
765 1442 902 1479 confert.
913 1443 1048 1479 Nitrum
1060 1445 1182 1491 quippe
1203 1443 1453 1479 foecunditarem

69 1494 304 1539 oerrae<&aquis
315 1495 472 1539 impertit.
489 1497 594 1535 Vere,
605 1497 638 1529 &
649 1502 805 1527 autumno
817 1504 870 1526 ros
881 1491 926 1527 est
943 1490 1075 1525 uberior
1087 1519 1096 1532 ‚
1118 1493 1222 1527 nimio·
1233 1495 1322 1527 enim
1336 1494 1451 1527 ardore

68 1536 140 1571 solis
155 1539 272 1575 humor
285 1541 495 1584 consumitur3
510 1541 618 1576 hieme
631 1552 744 1588 parum
757 1541 897 1575 humoris
908 1540 1065 1575 evehitur.
1080 1542 1195 1576 Pruina
1205 1542 1249 1575 est
1259 1553 1309 1575 ros
1320 1542 1450 1587 quidam

67 1595 224 1628 acerrimo
237 1589 357 1635 frigore
367 1590 554 1638 congelatus
573 1603 581 1625 :
597 1588 657 1624 hac
665 1589 924 1624 cuniculos-brevi
938 1586 1070 1636 saginari
1079 1588 1194 1624 volunt
1213 1617 1223 1633 ‚
1242 1590 1332 1637 quod
1354 1589 1451 1625 instat

68 1638 201 1675 rorisfit
222 1637 357 1680 nin-osa,
375 1637 530 1674 &dulcis.

82 1690 184 1735 ·Qiae
195 1699 349 1721 autumno
360 1685 526 1722 filamen'ta
541 1688 633 1723 instar
651 1686 724 1721 telae
744 1698 864 1722 araneae
883 1686 1045 1730 volitant,
1062 1691 1096 1723 ὃ(
1114 1685 1302 1734 capillitium
1324 1691 1448 1722 veneris

66 1748 186 1773 vocant
196 1765 206 1780 ,
217 1735 298 1771 nihil
309 1735 458 1771 videntur
472 1735 534 1772 effe
546 1748 661 1786 praeter
674 1734 1024 1783 nebularumreliquias
1037 1734 1143 1770 calore
1157 1733 1229 1770 solis
1245 1733 1423 1773 exficcatas.

676 1834 733 1867 De
747 1833 875 1882 pluvia.

60 1933 167 1981 -Jam
186 1932 262 1968 illud
282 1936 447 1969 neminem
461 1933 544 1980 fugit
554 1931 696 1981 plirviam
709 1943 748 1966 ex
765 1943 924 1980 vaporum
941 1933 1168 1974 concretione,
1182 1929 1252 1966 fere
1262 1941 1298 1967 ut
1313 1932 1346 1967 in
1355 1940 1446 1979 aquae

64 1980 266 2026 distillatione
279 1985 449 2028 cernimuS,
469 1983 623 2030 generari.
648 1979 775 2016 Sublati
788 1983 875 2026 enirn
886 1992 1020 2028 vapores
1035 1982 1068 2015 in
1086 1977 1255 2016 sublimem
1269 1993 1375 2016 aerem
1389 1981 1447 2016 fri-

64 2039 144 2077 gore
154 2029 344 2073 densantur,
359 2034 435 2067 &in
451 2030 590 2080 guttulas
605 2029 725 2065 abeunt
736 2029 897 2078 ‚primum
908 2026 1124 2071 insensibiles,
1151 2027 1204 2063 sed
1226 2031 1309 2064 inter
1326 2030 1445 2065 caden-

65 2079 142 2112 dum
151 2077 283 2113 subinde
291 2091 446 2127 augentur
457 2108 467 2123 ,
491 2080 568 2114 dum
585 2078 654 2113 aliae
668 2078 736 2113 aliis
751 2078 978 2113 consociantur.
1007 2080 1115 2125 Atque
1133 2088 1177 2112 eae
1192 2075 1263 2114 sunt
1278 2083 1419 2127 majores·
1433 2107 1443 2121 ‚

64 2125 181 2173 quoex
190 2127 374 2162 sublimiori
382 2127 669 2162 locodelabuntur.
695 2129 784 2162 Hinc
799 2127 907 2162 media
918 2127 1019 2161 aestate
1027 2125 1181 2161 uberrimi
1195 2127 1329 2173 quidem
1348 2139 1442 2174 vapo-

65 2186 114 2209 res
133 2174 247 2211 sursum
261 2176 450 2212 attolluntur
463 2205 473 2220 ‚
489 2175 541 2211 sed
560 2174 631 2210 solis
650 2174 814 2210 ardoribus
830 2174 1033 2223 diminutor,
1051 2187 1111 2210 nec
1127 2175 1221 2210 facile
1239 2186 1394 2223 coguntur
1410 2177 1442 2209 in

64 2222 205 2271 pluviam
216 2253 227 2268 ,
250 2224 306 2261 nifi
320 2237 419 2260 vento
438 2225 601 2273 frigidiore
613 2224 791 2259 densentur.
820 2225 943 2259 Contra
960 2224 1067 2259 hieme
1090 2223 1280 2271 plerumque
1294 2223 1379 2257 calor
1394 2223 1440 2256 est

64 2271 220 2316 debilior,
242 2273 341 2322 quam
352 2285 388 2308 ut
400 2286 539 2322 vapores
549 2272 686 2317 attollat.
704 2273 820 2306 AEstate
833 2272 935 2307 nubes
947 2271 1046 2307 multo
1058 2270 1126 2306 sunt
1135 2269 1335 2305 sublimiores
1350 2285 1356 2306 :
1367 2270 1441 2305 hinc

64 2327 306 2371 gut‘tae‘majores
322 2323 441 2358 cadunt
453 2323 575 2359 :hieme
588 2332 703 2355 aurem
713 2321 765 2355 vel
780 2321 882 2355 statim
897 2333 997 2369 vapor
1012 2323 1111 2354 etiarn
1129 2320 1160 2354 in
1172 2317 1282 2354 infima
1294 2321 1374 2352 aeris
1390 2331 1441 2352 re-

63 2369 339 2416 gioneconetescit
350 2388 359 2416 3
371 2373 445 2409 hinc
455 2376 585 2408 minutae
594 2369 726 2420 guttulae
739 2369 804 2414 3vel
820 2368 840 2404 fi
852 2369 947 2405 altius
956 2368 1136 2411 ascendant,
1146 2370 1177 2404 in
1189 2370 1298 2403 nivem
1309 2366 1442 2403 abeunt.
