1878 2724
428 110 784 148 TRACTATUS
819 110 1078 149 TERTIUS.
1382 136 1442 171 209

62 163 271 204 nes-*calorem
283 159 374 197 illuni
382 160 543 198 referunt:
553 161 637 197 adeo
647 173 684 197 ut
697 163 732 196 in
742 171 831 195 tanta
846 163 1038 209 opinionum
1051 163 1207 199 varietate
1218 163 1446 211 difficillimum

63 214 231 257 videatur,
247 211 336 259 quod
351 223 429 247 vero
442 209 479 246 fit
501 213 684 258 proximum
694 211 867 245 decernere
884 224 892 246 ε
909 216 943 247 &
956 223 1067 247 tamen
1080 223 1129 246 res
1144 211 1244 261 fiquae
1258 214 1295 250 fit
1309 215 1372 251 alia
1384 249 1394 264 ,
1412 225 1445 260 i„

63 261 270 311 Philosophia
288 259 426 296 naturali
435 259 642 308 diligentiore
657 259 865 308 indagatione
875 259 973 308 digna
985 259 1080 296 nobis
1098 261 1231 301 videtur.
1238 264 1321 299 Cum
1334 277 1444 308 autem

61 309 214 360 exemplo
226 309 320 345 calcis
334 309 480 358 vulgares
497 307 683 357 Philosophi
697 311 745 343 uti
759 307 905 352 soleant,
918 320 954 343 ut
969 309 1214 358 antiperistafim
1232 312 1318 348 suam
1340 314 1441 356 stabi,

60 359 253 407 liant‚quid
263 356 304 393 de
321 358 384 393 hoc
404 357 623 394 celeberrimo
640 358 837 407 ignorantiae*
855 356 944 406 asylo
964 357 1241 407 sentiendumfit‚
1254 363 1442 411 primoloco

58 408 279 457 aperiendum.
307 408 357 443 Sit
378 409 507 455 itaque-

560 507 673 543 Prima
695 501 870 553 Conclusio.

59 602 226 692 CAlor
234 607 290 653 qui
308 607 341 641 in
357 604 443 641 calce
453 614 497 640 ex
508 601 661 640 affiifione
674 615 764 651 aquae
780 606 939 641 excitatur
950 631 960 644 ,
977 617 1045 641 non
1062 607 1164 641 oritur
1180 617 1220 642 ex
1239 610 1442 658 antiperista-

143 653 164 690 fi
174 683 184 696 ‚
198 654 250 689 vel
261 667 303 691 ex
315 654 423 690 hostili
431 653 573 701 quadam
583 654 754 689 inimicitia
762 656 846 688 inter
855 655 976 689 calcem
989 659 1022 690 δε
1038 665 1158 701 aquam
1171 669 1179 691 ε
1190 667 1289 705 atque
1298 660 1384 697 idem
1399 663 1439 698 de

56 703 203 752 reliquis,
216 715 287 751 quat
299 702 451 751 potentia
460 701 566 747 calida
577 702 724 737 dicuntur
735 730 745 746 ‚
759 703 913 751 Judicium
932 702 1102 739 ferendum
1116 705 1174 740 estc

92 747 189 788 Proh.
205 752 300 787 concl.
316 765 339 788 ι.
358 751 461 800 Qiod
474 758 535 786 nec
555 750 635 785 calci
661 778 671 794 ‚
691 763 753 786 nec
766 753 982 798 cuiquamzrei
1003 755 1198 800 cognitionis
1219 761 1368 805 experti,
1388 768 1440 797 aut

55 801 170 836 odium
181 803 361 850 ingenitum
371 800 408 835 sit
426 813 500 835 cum
508 798 682 835 aliisrebus
692 828 703 843 ‚
719 811 774 835 aut
784 799 863 834 illud
877 802 1044 849 ingenium
1054 829 1065 843 ‚
1076 813 1144 848 quo
1159 806 1244 839 vires
1257 806 1325 842 suas
1346 808 1439 845 colli-

55 861 126 898 gat,
151 861 186 885 ut
198 849 326 886 hostem
339 849 427 885 suum
446 847 603 884 debellet.
623 848 905 885 Nec-videovunde
917 852 1044 886 animus
1058 849 1112 885 ille
1122 851 1203 887 calci
1218 881 1228 897 ,
1254 867 1312 890 aut
1339 860 1439 894 cuivis

54 899 103 932 rei
118 897 222 933 sensus
251 901 375 947 experti
389 896 583 946 in‘periculoi
597 901 699 948 major
712 897 872 934 =accedatz
888 910 969 933 cum.
979 897 1134 934 videlicet
1149 899 1192 936 ab
1205 902 1297 939 hoste
1311 905 1439 942 obfide.

54 957 116 984 tur.
136 947 301 983 Postremo
314 946 337 982 si
351 945 475 996 quae-ssfit
486 948 768 983 inrrerumnaturae
774 949 986 982 contrarietas
995 950 1206 985 &inimieina
1216 979 1231 995 ,⁴
1244 966 1311 990 non
1319 967 1356 990 ea
1367 955 1438 992 effi.

52 997 97 1031 cit
113 1007 149 1031 ut
165 995 550 1052 quicquam-abeoquod
560 994 616 1031 fibi
628 995 780 1031 infestum
791 995 1063 1044 estv,.adjuvetur›:
1075 999 1143 1032 imo
1155 1011 1203 1034 res
1211 1013 1345 1051 quaeque
1356 1004 1439 1040 alte.

52 1056 120 1080 ram
133 1043 191 1079 fibi
205 1046 371 1080 inimicam
393 1045 592 1094 deprimit&
606 1044 746 1092 frangit,
764 1056 834 1080 non
850 1047 933 1080 vires
945 1044 993 1080 illi
1003 1057 1059 1081 aut
1069 1049 1215 1083 animum
1224 1051 1327 1088 addit.
1354 1056 1438 1089 Prae-

54 1104 142 1128 terea
154 1092 176 1128 fi
193 1093 280 1128 calor
294 1092 493 1128 insituscalci
504 1093 695 1141 adeofrigus
703 1105 792 1141 aquae
809 1093 999 1137 exhorreat-5
1015 1107 1051 1129 ut
1066 1095 1150 1130 illius
1171 1097 1324 1135 affiifione
1346 1103 1439 1139 velut

53 1137 259 1177 excandescat
269 1171 279 1186 ,
293 1154 352 1177 cur.
362 1144 389 1177 is
404 1142 663 1184 adeo‘irritatur,
676 1153 749 1176 cum
764 1153 847 1188 aqua
864 1141 989 1177 fervida
1005 1142 1085 1177 calci
1108 1143 1302 1185 afflinditur?
1324 1153 1437 1198 Qare

51 1202 173 1240 magnae
185 1189 248 1225 illa:
264 1190 518 1240 antiperistaseos
529 1220 540 1235 ,
556 1190 608 1226 seu
617 1189 919 1226 circumobseffionis
931 1218 942 1233 ‚
964 1202 1003 1226 ut
1026 1190 1046 1226 s
1064 1193 1230 1239 nipathiae,
1247 1201 1282 1233 &
1310 1203 1437 1248 antipa..

52 1239 131 1275 thiae-
145 1251 246 1275 voces
256 1240 453 1275 audientium
467 1251 558 1275 aures
586 1237 766 1289 percellunt
777 1263 789 1283 ,
805 1238 958 1275 sedvnulla
976 1250 1027 1274 tes
1062 1241 1087 1274 is
1100 1240 1215 1277 -subest
1231 1244 1363 1282 vocibus
1374 1276 1384 1292 ‚
1400 1255 1436 1286 ὃς,

51 1287 161 1324 nihilo*
186 1289 346 1325 doetiotes
363 1301 423 1325 nos
442 1288 622 1327 efficiunt.--
908 1330 911 1334 ,

98 1338 217 1374 Eadem
231 1339 299 1374 fere
312 1339 355 1373 est
371 1342 454 1374 ratio
465 1338 557 1374 alcali
570 1368 580 1383 ,
599 1345 633 1377 &
645 1336 756 1383 acidi,
776 1351 847 1388 quae
870 1337 929 1375 fibi
944 1351 1011 1375 non
1025 1341 1069 1374 ita
1084 1338 1145 1376 effe
1164 1341 1289 1379 infensa
1302 1373 1312 1388 ,
1328 1356 1363 1381 ut
1377 1345 1434 1382 fibi

50 1385 411 1436 persuadentChymici
424 1417 434 1432 ,
448 1393 514 1436 jam
537 1386 628 1436 supra
646 1388 855 1425 ostendimus.
874 1388 1009 1425 Deinde
1027 1399 1063 1423 ut
1084 1392 1118 1425 in
1140 1389 1228 1426 calce
1250 1391 1286 1428 fit
1301 1397 1433 1441 quidam

50 1434 94 1470 fil
103 1428 286 1484 sulphureus
298 1465 308 1480 ‚
326 1448 379 1471 aut
389 1436 502 1479 alcali,
518 1448 628 1472 tamen
649 1437 850 1473 vixsacidum
869 1436 966 1471 salem
986 1438 1020 1471 in
1040 1437 1282 1476 eat-delitescere
1303 1443 1435 1490 probari

50 1485 155 1533 potest
169 1500 177 1521 :
189 1484 374 1534 sulphureos
384 1516 394 1529 ,
404 1490 437 1523 ὅ(
451 1485 520 1520 salis
531 1485 653 1521 feraces
668 1485 730 1522 effe
741 1486 891 1533 calcarios
901 1485 1026 1534 iapides
1036 1486 1111 1521 hinc
1121 1491 1333 1534 >conjicimus3
1345 1494 1434 1540 quod

49 1532 107 1568 ubi
127 1533 341 1577 calcina2ntur3·
356 1533 698 1583 fumum-sulphureum
713 1540 747 1571 δε
762 1534 916 1570 foetidum
932 1533 1105 1578 exhalent,v
1123 1536 1330 1574 fertilitatem
1347 1553 1432 1587 quo·-

51 1593 116 1628 que
131 1584 224 1617 terris
244 1583 445 1618 concilient:
459 1582 512 1617 sed
525 1582 632 1619 neseio
644 1595 684 1619 an
705 1582 748 1618 sal
762 1583 844 1618 illius
856 1582 965 1617 acidus
980 1584 1106 1618 ratione
1121 1583 1185 1619 ulla
1199 1600 1210 1629 3
1226 1598 1288 1622 ,aut
1302 1591 1433 1636 expeti*

52 1641 165 1666 mento
185 1631 390 1665 demonstrari
404 1642 514 1679 queati·
531 1654 533 1657 -
817 1674 820 1677 Δ
1218 1675 1221 1677 ,

86 1680 229 1714 Plurima
243 1690 413 1727 opponunt
425 1682 479 1727 qui
491 1679 727 1728 antiperistafim
736 1680 937 1724 defendunt,
947 1693 1086 1729 quaeque
1104 1679 1327 1730 conglobatim
1350 1686 1431 1722 aff&

48 1738 154 1764 remus
167 1743 175 1764 :
189 1728 402 1776 quodem-um
415 1739 475 1763 una
487 1729 555 1765 fere
573 1735 606 1765 &
621 1729 738 1763 eadem
748 1728 784 1764 fit
798 1728 923 1765 solutio.
945 1735 975 1763 10
986 1728 1057 1764 loca
1080 1728 1285 1766 subterranea
1303 1735 1432 1782 rigente

49 1776 170 1825 hyeme
194 1774 254 1812 effe
268 1775 440 1820 calidiora‚·
456 1778 566 1814 aestate
583 1777 767 1826 frigidiora.
784 1787 816 1814 20
832 1778 948 1813 mediae
964 1780 1046 1812 aeris
1066 1781 1206 1827 regionis
1234 1793 1430 1830 perpetuum

48 1825 149 1874 frigus
165 1855 176 1870 ,
194 1826 357 1875 grandinis
383 1828 417 1861 in
433 1825 545 1862 infima
566 1828 699 1875 regione
715 1826 998 1875 congelationem,
1017 1828 1118 1862 etiam
1138 1829 1174 1863 in
1192 1829 1299 1864 media
1320 1833 1430 1869 aestate

50 1876 186 1910 eandem
199 1874 338 1923 probare
362 1874 611 1924 antiperistafim.
630 1877 852 1923 Namcuique
871 1878 916 1910 rei
927 1878 1077 1911 innatum
1094 1876 1160 1919 est',
1175 1888 1209 1911 ut
1221 1877 1253 1912 se-
1276 1880 1435 1917 adversus·

49 1923 209 1957 infensum
220 1924 342 1958 hostem
355 1935 491 1960 tueatur.
514 1928 590 1969 30in
603 1922 712 1959 Ruffia
728 1930 761 1961 &
775 1927 808 1959 in
824 1922 893 1958 aliis
907 1922 1125 1973 frigidioribus
1137 1924 1216 1960 locis
1225 1925 1336 1973 paffim
1354 1929 1428 1966 fon-

50 1976 97 2004 tes
114 1978 301 2014 occurrunt,
317 1976 377 2019 qui
388 1974 544 2009 acerrimo
559 1974 671 2023 frigori
687 1971 828 2009 resistunt
838 1988 853 2017 3>
867 1979 901 2011 δε
919 1984 1023 2009 tantus
1039 1975 1072 2009 in
1088 1973 1177 2009 cellis
1196 1977 1326 2012 vinariis
1342 1979 1429 2015 calor

51 2019 99 2053 est
111 2048 121 2062 ,
138 2029 172 2053 ut
186 2017 330 2054 sudorem
340 2023 470 2058 exciter.

78 2068 168 2114 Resp.
181 2069 213 2102 in
233 2066 281 2101 his
293 2096 303 2111 ,
316 2073 350 2105 δε
364 2069 434 2103 aliis
451 2068 559 2119 afferri
570 2082 636 2105 non
650 2070 772 2106 causam
781 2083 841 2121 pro
862 2072 963 2110 causa.
982 2074 1085 2121 Qod
1105 2075 1195 2109 enirn
1212 2073 1253 2110 de
1273 2074 1429 2112 subterra-

49 2119 117 2151 neis
131 2115 208 2150 locis
227 2129 409 2164 opponunt,
419 2116 520 2153 sensus
532 2118 684 2165 judicium
697 2122 732 2155 in
751 2121 814 2155 hoc
831 2122 969 2158 multum
985 2135 1042 2158 nos
1062 2121 1149 2157 fallit
1163 2123 1270 2170 :quod
1293 2125 1397 2159 aestate
1410 2126 1427 2161 ὲ

48 2165 124 2200 loco
138 2164 313 2200 fervidiore
325 2167 358 2200 in
372 2165 443 2200 loca
456 2179 525 2213 quae
533 2165 637 2201 {rsoiis
651 2169 724 2203 aestu
745 2169 813 2204 sunt
825 2173 944 2206 tutiora
964 2174 1150 2220 migremus·
1174 2172 1272 2208 Unde
1284 2171 1425 2207 thermo-

49 2225 189 2249 metrum
213 2216 245 2248 in
259 2213 487 2250 Observatorii
497 2217 593 2262 Regii
605 2214 698 2262 specu
707 2218 890 2254 adhibitum
908 2221 1048 2256 eundem
1059 2221 1129 2255 fere
1143 2231 1215 2254 toto
1228 2231 1324 2254 anno·
1337 2219 1425 2254 calor

48 2264 87 2297 ris
99 2262 244 2298 exhibuit
252 2264 393 2312 gradum.
410 2266 462 2299 Sic
479 2265 585 2299 aestate
596 2262 729 2300 flabello
741 2279 812 2308 ,aut
827 2267 961 2303 follibus
978 2281 1032 2303 aer
1048 2267 1230 2302 verberatus
1252 2279 1309 2302 nos
1329 2267 1425 2303 refri-

47 2321 140 2359 gerat
155 2325 162 2346 :
178 2310 302 2347 tametsi
315 2312 411 2347 folles
424 2313 615 2360 exquisitum
627 2313 895 2351 thermometrum
904 2317 958 2351 diu
966 2317 1137 2364 pei-flantes
1147 2344 1157 2359 ‚
1169 2315 1328 2362 liquorem
1339 2316 1422 2352 ther⁵

48 2360 414 2444 memetroqeonclulstim
434 2374 495 2399 nec
513 2361 662 2399 attollere
680 2366 864 2412 potuerint,
884 2377 946 2403 nec
962 2365 1153 2412 deprimere.
1171 2365 1290 2449 lxgc‘liue
1311 2375 1421 2405 tamen

244 2423 304 2446 om.
361 2412 388 2443 I.
