1878 2724
605 116 770 154 PARS
803 117 1038 156 TERTiA.
1446 117 1503 161 669

106 169 236 218 quai-na
246 167 426 217 peritonaeo
439 176 507 203 tum
520 177 702 210 mutuatur,
713 179 786 202 cum
799 171 888 215 jecur
901 169 1087 217 ingreditur.
1111 176 1145 202 2⁰
1168 170 1267 204 Venae
1289 178 1375 202 cavae
1392 168 1503 215 ingens

107 227 212 253 ramus
226 218 420 266 propagines
430 228 487 265 per
501 228 604 252 rotam
614 217 728 268 jecoris
742 215 947 251 substantiam
961 216 1088 252 diffusas
1102 217 1217 259 mittit,
1229 229 1301 265 quae
1318 215 1502 263 sanguinem

107 265 130 303 ὁ,
149 279 242 314 porta
260 278 426 314 acceptum
443 266 484 300 ad
502 278 557 300 cor
574 265 742 301 revehunt.
775 272 803 311 3⁰
821 265 872 300 1².st
894 278 947 300 vas
965 266 1132 313 quoddam
1161 267 1296 315 jecinori
1318 267 1502 313 proprium,

105 316 199 363 quod
208 327 302 364 porus
318 314 457 349 biliarius
468 316 603 350 vocitari
613 313 703 354 solet.
716 316 820 361 Hujus
831 316 1024 363 propagines
1043 326 1115 349 cum
1129 327 1219 349 venae
1231 326 1330 362 portae
1339 343 1349 357 ,
1363 319 1396 349 &
1413 325 1500 347 arte-

107 364 330 412 riaeheparicae
347 363 473 398 ramulis
484 393 494 407 ,
511 364 625 398 eadem
644 361 766 411 capfiila
780 361 865 410 quali
880 365 1045 399 communi
1062 362 1231 400 involucro
1249 362 1372 410 ubique
1385 373 1500 411 regun-

113 423 164 448 tur
174 443 183 457 ,
195 419 228 450 δε
241 414 327 449 ardre
336 425 408 448 cum
422 415 458 446 iis
469 412 668 447 cohaerentes
687 411 786 447 bilem
799 410 899 459 ipsa-m
912 414 1087 461 excipiunt.

129 465 307 510 .roirca
315 461 367 496 hic
377 461 424 496 est
439 463 612 509 praecipuus
631 461 755 509 hepatis
768 459 837 496 usus
850 489 859 504 ,
872 459 1031 510 sanguinis
1045 464 1196 498 nimirum
1206 460 1395 509 percolatio,
1408 464 1439 496 δ(
1453 457 1503 493 bi-

112 511 151 546 lis
160 513 362 560 expurgatio.
373 512 460 546 Nam
469 510 548 545 illud
558 510 603 545 est
614 508 891 552 verisimillimum,
901 512 986 545 inter
996 510 1066 545 vasa
1077 523 1146 558 quae
1157 509 1296 546 afferunt
1306 507 1504 558 sanguinem,

112 565 150 598 &
165 572 202 594 ea
214 572 286 607 quae
298 572 372 595 eum
389 559 429 592 ad
442 571 498 593 cor
516 559 676 595 revehunt
687 588 696 602 ‚
709 557 929 595 minutissimas
940 559 1108 607 glandulas
1128 558 1188 595 effe
1211 560 1393 607 interjectas
1406 585 1417 600 ,
1448 569 1505 605 per

113 621 194 657 quas
209 608 332 657 sanguis
342 607 523 656 percolatur
533 636 542 651 ,
555 613 588 645 ὃ(
597 607 639 643 ab
651 619 859 643 excremento
873 606 990 642 bilioso
1004 620 1198 658 expurgatur
1212 621 1220 643 :
1232 609 1314 642 adeo
1325 619 1361 642 ut
1369 611 1458 654 jecur
1469 604 1505 639 fi:

113 657 209 693 instar
232 659 410 704 pancreatis
435 656 585 706 glandula
608 657 753 704 quaedam
767 656 1030 705 conglomerata,
1047 656 1100 692 seu
1122 655 1297 705 composita
1312 668 1351 690 ex
1371 653 1504 691 infinitis

113 706 271 756 glandulis
283 708 366 741 inter
380 705 410 740 se
427 718 484 753 per
499 705 596 741 exiles
606 704 812 741 membranas
822 734 831 749 ‚
848 710 883 742 &
895 704 967 739 vasa
980 709 1152 742 connexis:
1165 718 1235 752 quae
1248 704 1443 740 membranae
1457 702 1504 737 la-

114 757 219 790 xiores
231 753 341 790 suntin
350 754 512 803 plerisque
521 753 656 803 piscibus
666 784 676 798 ‚
693 767 759 803 quo
770 760 859 803 jecur
869 753 993 789 facilius
1008 753 1096 789 flesti
1109 754 1203 806 poffit
1218 769 1226 791 :
1244 766 1357 802 eaeque
1367 752 1506 802 glandu-

116 803 153 839 lae
166 806 197 839 in
209 803 333 838 elixato
344 805 486 854 jecinore
494 802 603 839 saltem
617 801 825 851 microscopio
835 803 1042 852 deteguntur.

154 854 286 888 Dixerit
296 852 413 899 aliquis
424 882 433 896 ,
445 852 532 887 nulla
542 851 637 887 rubet
645 851 798 900 glandula
809 880 818 894 ‚
834 852 887 886 sed
899 864 1012 886 ornnes
1028 851 1098 886 sunt
1109 852 1253 886 candidae
1266 880 1276 894 ‚
1289 862 1343 886 aut
1357 851 1521 893 cinereaes

117 900 221 937 moles
231 902 329 935 eriam
342 900 467 948 hepatis
482 905 585 948 major
593 900 640 934 est
653 899 753 947 quam
768 911 803 934 ut
819 899 979 947 glandulae
999 912 1122 935 nomen
1139 899 1361 935 fibi'vindicet.

154 950 241 997 Resp.
251 951 326 984 Nec
340 948 461 984 molem
473 977 482 992 ,
496 960 555 984 nec
568 947 712 983 colorem
723 947 848 983 obstare
865 950 1039 995 quominus
1066 948 1165 996 hepar
1185 947 1219 983 fit
1241 960 1317 982 vera
1338 946 1507 996 glandula:

116 1010 191 1034 cum
212 998 342 1046 thymus
356 999 392 1033 in
408 997 539 1033 thorace
555 998 746 1032 constitutus
761 1025 772 1039 ‚
797 995 969 1044 praesertim
989 998 1021 1031 in
1036 996 1219 1045 junioribus
1237 995 1456 1031 animantibus
1471 994 1507 1031 fit

119 1049 275 1082 maximus
285 1075 293 1089 ,
306 1047 354 1080 uti
366 1050 400 1083 &
410 1054 562 1094 pauci-eas
575 1074 584 1088 ‚
600 1044 621 1079 si
630 1057 702 1080 cum
713 1047 750 1079 iis
761 1057 832 1091 quae
843 1047 875 1080 in
884 1044 993 1092 palato
1004 1050 1037 1081 δι
1051 1057 1121 1080 cute
1135 1044 1203 1080 sunt
1218 1047 1392 1080 innumera:
1403 1073 1411 1086 ,
1428 1056 1510 1079 con-

117 1095 272 1131 ferantur.
280 1096 370 1131 Nam
381 1107 440 1143 pro
451 1093 597 1128 vasorum
611 1094 834 1142 magnitudine
847 1121 857 1137 ,
878 1099 912 1130 δε
926 1096 1138 1143 propaginum
1153 1107 1288 1129 numero
1301 1092 1428 1129 necesse
1445 1093 1510 1128 fuit

120 1155 156 1179 ut
167 1143 268 1179 lobuli
279 1144 404 1192 hepatis
417 1141 520 1178 ‘effent
533 1142 737 1191 multiplices.
749 1145 822 1179 Nec
838 1141 928 1177 color
941 1143 1068 1190 hepatis
1080 1143 1174 1178 ruber
1186 1142 1233 1178 illi
1250 1145 1377 1178 nativus
1389 1141 1444 1185 est,
1457 1142 1510 1177 sed

121 1193 140 1230 ὲ
153 1192 305 1241 sanguine
317 1204 389 1236 ,aut
400 1192 468 1227 aliis
481 1191 670 1227 humoribus
686 1192 805 1240 prodit.
833 1195 869 1226 In
884 1191 969 1226 foetu
984 1191 1094 1226 album
1109 1221 1118 1235 ,
1143 1194 1174 1227 in
1190 1191 1349 1241 plerisque
1365 1193 1510 1226 animan-

122 1240 210 1277 tibus
221 1241 342 1276 flavum
354 1229 495 1276 cstnitur
507 1254 515 1276 :
529 1240 701 1276 substantia
718 1247 785 1289 ejus
802 1240 908 1276 mollis
923 1241 964 1275 est
979 1268 988 1283 ‚
1003 1246 1036 1277 ὅ(
1047 1240 1184 1275 friabilis
1197 1269 1207 1284 ,
1226 1252 1261 1275 ut
1282 1241 1411 1288 thymus
1423 1269 1431 1283 ,
1455 1251 1510 1275 aut

147 1302 276 1325 ancreas
296 1304 304 1326 :
318 1289 431 1325 iisdem
441 1302 572 1338 quoque
584 1289 705 1325 morbis
715 1290 814 1338 hepar
828 1285 1011 1332 obnoxium
1021 1290 1065 1324 est
1075 1318 1083 1332 ,
1097 1289 1212 1337 quibus
1228 1290 1359 1337 reliquae
1371 1289 1510 1338 glandu-

136 1341 273 1376 ae.Nam
283 1344 349 1388 ejus
361 1339 459 1374 lobuli
472 1338 611 1387 persaepe
623 1338 745 1374 scatent
761 1338 922 1374 vermibus
933 1368 943 1382 ,
960 1341 1016 1386 qui
1027 1342 1058 1373 in
1070 1341 1141 1387 pori
1159 1338 1279 1373 biliarii
1295 1338 1425 1373 ramulis
1446 1338 1510 1373 fre·

125 1400 265 1436 quenter
275 1399 445 1423 occurrunt
457 1415 467 1431 ,
479 1399 515 1422 ut
531 1389 657 1423 restatur
668 1388 814 1424 Thomas
826 1387 1011 1423 Cornelius.
1035 1387 1123 1438 Qi
1137 1393 1171 1425 &
1181 1389 1213 1423 hi
1227 1386 1329 1423 lobuli
1343 1386 1434 1422 succo
1447 1399 1512 1423 tar-

124 1449 216 1472 tareo
231 1437 390 1472 interdum
405 1448 551 1480 tument,
566 1439 648 1472 utin
665 1437 740 1472 colli
759 1436 915 1486 glandulis
938 1436 1129 1485 plerumque
1152 1437 1278 1472 accidit.
1301 1437 1391 1471 Hinc
1407 1439 1509 1471 eriam

125 1485 220 1522 multi
236 1484 374 1534 se'hepar
388 1499 426 1521 ex
437 1485 572 1522 infinitis
589 1486 745 1534 glandulis
758 1484 970 1533 compositum
987 1483 1140 1520 invenilse
1160 1486 1311 1521 testantur
1329 1500 1337 1521 :
1357 1485 1442 1532 quod
1461 1485 1513 1519 sci-

126 1535 205 1569 licet
218 1534 300 1569 illius
321 1533 443 1578 lobuli‚
468 1538 524 1582 qui
541 1533 585 1569 ob
601 1537 810 1583 exiguitatem
825 1535 926 1569 videri
939 1547 1004 1570 non
1019 1533 1138 1578 solent,
1164 1547 1226 1582 prae
1245 1546 1398 1569 concreto
1422 1533 1514 1568 succo

127 1587 264 1631 majores
283 1583 362 1619 faeti
383 1583 437 1618 sub
455 1584 564 1618 oculos
577 1584 744 1627 caderent,
768 1595 803 1618 ut
823 1586 854 1618 in
869 1585 1046 1631 pancreatis
1060 1582 1220 1630 glandulis
1245 1582 1322 1632 saepe
1340 1582 1514 1619 usuvenit.

141 1662 144 1663 γ
165 1634 229 1667 Sed
241 1662 250 1676 ‚
260 1634 382 1679 inquies
398 1660 403 1669 ,
417 1633 582 1680 quodnam
596 1633 643 1668 est
654 1632 737 1669 illius
750 1632 907 1683 glandula:
928 1644 983 1668 vas
1000 1634 1216 1669 excretorium
1231 1644 1359 1680 3neque
1374 1634 1461 1668 enim
1481 1633 1514 1666 id

129 1681 215 1716 deest
238 1681 307 1716 aliis
328 1680 496 1730 glandulis,
967 1705 983 1720 0

163 1730 209 1763 Re
217 1732 254 1778 7³.
266 1734 332 1765 Vas
346 1730 423 1778 illud
435 1730 495 1766 eise
505 1729 678 1766 vesiculam
692 1729 776 1766 fellis
797 1744 870 1766 cum
882 1730 936 1766 suo
949 1730 1034 1765 collo
1050 1759 1059 1774 ,
1075 1735 1108 1767 &
1127 1741 1240 1778 porum
1248 1729 1417 1766 biliarium
1430 1759 1439 1773 ‚
1458 1730 1516 1778 qui

130 1781 163 1814 in
188 1779 340 1814 intestina
369 1778 430 1814 sese
448 1791 612 1815 exonerat.
634 1783 712 1816 Non
725 1781 810 1826 quod
823 1779 922 1815 bilem
934 1779 995 1815 effe
1007 1791 1246 1815 excrementum
1255 1780 1368 1814 inutile
1378 1778 1516 1813 arbitre-

131 1840 203 1863 mur
216 1842 223 1863 :
235 1841 309 1863 cum
319 1828 404 1863 nulla
420 1841 506 1877 pene
517 1828 666 1877 glandula
676 1828 789 1864 inutile
802 1829 942 1865 secernat
953 1840 1219 1864 exorementum:
1235 1828 1288 1863 sed
1297 1828 1374 1863 bilis
1393 1840 1462 1875 qux
1481 1829 1516 1862 in

131 1876 282 1924 sanguine
293 1877 336 1912 est
346 1875 533 1923 supervacua
545 1906 555 1920 ‚
577 1877 616 1911 ad
631 1877 710 1912 alios
724 1876 790 1912 usus
802 1877 976 1913 adhibetur
989 1894 997 1919 ;
1011 1888 1109 1925 atque
1123 1876 1180 1911 illa
1192 1889 1228 1912 ut
1240 1876 1339 1926 vulgo
1356 1878 1495 1911 creditur
1509 1904 1518 1919 ‚

129 1924 252 1959 alvinas
263 1926 357 1960 faeces
371 1925 422 1960 sua
433 1928 605 1962 acrimonia
616 1925 767 1976 prvellit
782 1943 790 1970 i
808 1929 986 1975 pancreatis
994 1926 1120 1961 succum
1132 1928 1271 1961 inertem
1282 1932 1315 1962 &
1327 1926 1450 1961 lentum
1463 1925 1521 1960 suo

131 1972 194 2008 sale
204 1972 350 2008 lixivioso
360 2002 368 2016 ‚
382 1979 415 2010 &
426 1973 535 2020 spiritu
545 1975 672 2008 volatili
685 1978 810 2009 exacuit
820 2003 830 2018 ,
849 1988 885 2009 ac
893 1975 979 2023 chyli
992 1975 1014 2010 Ξι
1024 1974 1150 2008 faecibus
1161 1974 1372 2010 secretionem
1384 1987 1520 2022 promo-

133 2033 202 2057 vet.
214 2023 289 2056 Huc
299 2022 383 2056 adde
400 2020 471 2055 bilis
493 2021 656 2056 beneficio
676 2022 807 2069 chylum
832 2025 1009 2065 attenuari,
1022 2022 1184 2056 defaecari
1196 2051 1205 2066 ,
1221 2028 1257 2060 &
1277 2022 1519 2057 ferm'entauoni

133 2072 236 2119 magis
249 2071 404 2105 idoneum
426 2069 497 2105 fieri
509 2069 688 2118 priusquam
699 2082 796 2104 venas
809 2070 926 2105 laekeas
938 2069 1054 2105 subeat.
1081 2070 1181 2107 Unde
1197 2084 1237 2106 ex
1248 2073 1396 2120 jecinoris
1414 2083 1521 2105 turno-

133 2132 186 2162 re,
203 2131 259 2154 aut
271 2117 651 2168 pertinaciobstruffione
662 2148 672 2162 ‚
688 2121 828 2167 primum
837 2119 969 2155 morbus
983 2121 1086 2168 regius
1099 2148 1109 2162 ,
1143 2118 1195 2155 seu
1209 2122 1323 2156 icterus
1339 2149 1348 2163 ‚
1366 2119 1464 2168 vulgo
1487 2121 1521 2152 lae

130 2169 263 2215 jauniffe
274 2196 282 2207 ‚
301 2167 614 2216 tum-hydropssaepe
627 2170 727 2202 oritur
743 2179 860 2214 :atque
878 2170 911 2202 in
930 2170 967 2202 iis
978 2171 1120 2215 jecinora
1130 2174 1162 2205 ὃ(
1172 2170 1247 2203 dura
1266 2198 1275 2212 ‚
1289 2174 1322 2205 &
1336 2168 1449 2216 lapillis
1461 2168 1522 2203 ob·

135 2216 192 2252 fita
209 2230 276 2252 non
293 2229 365 2252 raro
381 2219 599 2253 inveniuntur,
615 2218 661 2252 Ac
676 2216 755 2264 saepe
769 2219 879 2252 vitiata
893 2217 1048 2264 sanguinis
1067 2230 1225 2265 compage
1246 2217 1349 2253 succus
1368 2229 1523 2252 tartareus

134 2265 300 2314 glandulas
311 2265 452 2300 occludit
462 2294 472 2308 ,
489 2277 544 2300 aut
555 2264 621 2300 bile
631 2265 670 2299 ad
683 2266 865 2300 duodenum
875 2267 1058 2300 intestinum
1067 2279 1133 2300 non
1145 2265 1330 2309 delabente,
1350 2266 1475 2300 crudior
1488 2265 1525 2300 fit

136 2314 264 2362 chyl-us,
278 2315 360 2351 &ad
376 2313 661 2350 fermentationem
673 2327 738 2348 non
753 2313 943 2362 compositus
970 2329 977 2349 :
1002 2314 1091 2361 quod
1109 2317 1223 2349 vitium
1243 2317 1276 2349 in
1289 2314 1473 2363 sanguinem
1491 2320 1527 2351 δε

137 2362 306 2411 lympham
317 2375 493 2412 permanat.
504 2365 591 2401 Hinc
600 2363 659 2399 seri
670 2365 775 2411 major
786 2367 892 2413 copia,
903 2362 1049 2400 vasorum
1061 2361 1212 2413 disruptio
1223 2370 1298 2406 ‚aut
1307 2362 1444 2411 lymphae
1454 2377 1532 2402 mo-

138 2421 189 2448 tus
203 2413 388 2461 impeditus,
1152 2453 1155 2455 A
1207 2414 1260 2461 Pp
1274 2425 1294 2461 p
1308 2425 1327 2461 p
1353 2414 1386 2460 iij
