1878 2724
327 142 431 228 quam
444 181 466 222 ὲ
477 178 642 216 stomacho
667 176 739 214 sunt
756 180 893 217 excitati
908 192 1000 219 :cum
1011 178 1119 218 similis
1130 179 1263 217 effectus
1274 176 1476 218 anit-otianae
1485 209 1497 225 ,
1513 192 1546 218 v.
1559 178 1602 217 dn
1615 179 1738 227 tabae,

330 230 469 267 decocto
478 260 487 274 ‚
499 230 595 277 capiti
605 225 755 263 adhibito
767 229 932 277 prodierit.
957 233 1008 266 Ac
1019 231 1106 269 forte
1114 243 1152 266 ea
1163 231 1210 266 est
1225 241 1288 266 una
1297 230 1382 267 ratio
1392 243 1432 266 ex
1443 229 1554 266 multis
1564 244 1632 280 quae
1641 232 1738 268 affer-

329 281 355 315 ri
370 279 515 328 possunt,
524 290 577 313 cur
589 279 697 314 minus
708 281 789 313 masi
800 277 911 316 affineti
925 280 1038 317 tandiu
1049 312 1059 326 ‚
1070 287 1105 321 δι
1121 295 1188 318 non
1205 279 1268 317 fine
1281 292 1400 331 magna
1412 282 1581 316 anxietate
1599 286 1632 319 δε
1644 280 1738 316 dolo-

328 340 364 363 :e
371 341 505 365 vomere
514 328 655 372 soleant,
670 328 761 377 quod
774 329 955 378 perturbati
969 343 1034 380 prae
1046 333 1227 371 avitatione
1245 329 1370 372 spiritus
1383 331 1527 379 primum
1541 332 1575 366 in
1592 329 1748 375 cerebro,-

330 389 400 413 rum
409 380 441 414 in
453 378 633 415 ventriculo
644 376 742 415 fibras
755 392 892 415 nerveas
909 381 1100 418 conveilarit
1115 395 1122 417 z
1143 381 1229 417 unde
1244 375 1303 432 ciui
1317 381 1479 430 vertigine
1491 377 1652 425 laborant,
1667 380 1744 429 ple-

328 438 468 477 rumque
489 430 510 463 ii
542 430 709 464 vomit-uit
724 440 759 463 vit
1747 447 1750 450 ⁴

364 479 440 515 Nec
450 477 587 514 dubium
604 478 651 514 est
661 480 739 525 quin
749 490 785 513 ea
797 481 936 515 vomitio
945 492 1016 528 quae
1026 481 1060 516 in
1073 481 1156 515 mari
1168 479 1254 515 adeo
1271 479 1426 528 frequens
1440 482 1595 524 cernitur,
1606 479 1645 514 ad
1657 478 1741 516 sani-

328 538 432 563 tatem
446 528 588 563 muitum
601 528 773 564 conferat:
787 541 862 565 cum
876 531 1091 566 ventriculum
1106 530 1245 566 humore
1257 528 1410 578 pituitoso
1426 530 1588 566 interdum
1602 528 1738 574 viscoso,

327 589 428 625 quem
443 579 613 627 purgantia
627 576 792 626 expellere
807 592 874 614 non
882 578 1012 628 potsunt
1023 609 1035 624 2
1051 583 1120 616 imo
1134 584 1169 617 δε
1183 578 1421 615 obstruffiones
1435 578 1595 616 viscerum
1608 608 1617 622 ‚
1634 585 1668 617 &
1686 592 1745 616 eas

327 629 471 663 maxime
482 640 554 675 quae
570 630 603 662 in
617 626 748 663 biliariis
758 628 909 664 duCtibus
922 628 1020 665 altius
1030 628 1188 674 infident,
1201 631 1340 665 omnino
1352 629 1516 677 expediat,
1532 628 1671 665 serosurn
1682 629 1748 664 hu-

326 688 455 712 morem
466 682 499 714 &
516 678 802 713 excrementitium
812 676 973 727 sanguinis
984 691 1043 727 per
1051 681 1184 714 arterias
1197 690 1271 727 quae
1286 680 1319 714 in
1330 681 1439 714 tunica
1451 691 1573 715 nervea
1583 680 1744 715 ventricu-

325 724 349 761 li
365 727 632 764 &intestinorum
651 725 719 763 sunt
737 725 940 771 densiffimae2,
960 740 1130 778 expurget.
1145 729 1249 766 Unde
1271 728 1414 764 vidimus
1431 728 1608 764 nonnullos
1627 730 1684 776 qui
1707 739 1749 763 ut·
1765 752 1772 757 -

324 777 481 824 pertinaci
493 787 651 824 quartana
664 775 872 812 solverentur
883 806 898 820 ,
911 776 942 812 se
951 781 1034 813 mari
1045 791 1062 812 a
1090 780 1170 813 irato
1180 790 1249 814 non
1267 776 1331 813 fine
1349 775 1487 813 succeffu
1503 777 1749 815 commiserunt.-

327 826 495 861 Humores
506 827 595 861 enim
607 824 628 860 fi
637 823 757 860 alicubi
773 827 981 876 restagnent;
996 825 1017 862 fi
1028 791 1183 863 viigcidum
1194 826 1350 876 phlegma
1366 829 1400 862 in
1416 824 1507 875 plicis
1522 827 1682 863 stomachi
1691 829 1745 863 in-

328 874 449 910 haereat
460 904 471 918 ‚
479 873 500 910 si
514 875 633 910 humor
647 886 775 909 amarus
791 877 825 910 in
835 888 876 910 eo
885 874 1022 910 fluctuet
1031 905 1039 919 ,
1049 876 1139 911 utiiis
1149 877 1195 910 est
1212 877 1364 911 vomitio.
1380 878 1455 911 Imo
1463 876 1672 921 Herculei‚ut
1683 890 1748 912 νο.-

330 935 407 959 cant
416 923 549 967 morbi,
562 929 595 960 &
606 925 628 958 ii
639 925 784 958 maxime
794 926 851 971 qui
862 923 1033 959 cerebrum
1046 929 1080 960 ευ,
1101 923 1276 959 nervosum
1293 936 1393 971 genus
1408 926 1593 969 invadunr‚·
1607 928 1662 961 vix
1679 926 1746 961 alia

328 975 459 1009 ratione
472 972 690 1022 profligantur.
715 971 875 1007 Concuffa
892 974 982 1008 enim
996 972 1069 1008 vasa
1079 972 1257 1022 ‚glandulae
1267 978 1300 1010 ὅ(
1311 974 1405 1008 nervi
1414 971 1522 1008 sordes
1537 973 1745 1022 quibusinfi-

329 1024 456 1058 ciuntur
470 1052 481 1066 ,
492 1022 665 1057 humorem
676 1023 833 1069 imprimis
844 1019 1018 1065 biliosum,
1035 1026 1071 1059 &
1085 1021 1186 1056 serum
1200 1032 1273 1055 acre
1283 1032 1359 1064 ,aut
1374 1020 1437 1055 alia
1454 1020 1616 1071 sanguinis
1631 1035 1746 1060 exere-

330 1083 444 1108 menta
455 1084 526 1120 quae
539 1073 572 1106 in
586 1082 683 1119 caput
694 1069 757 1105 sese
768 1072 930 1119 recipiunt
939 1099 950 1115 ,
968 1073 1098 1120 penitus
1110 1080 1281 1107 evacuant.
1303 1070 1366 1105 Sed
1377 1072 1486 1106 cautio
1501 1071 1688 1108 adhibenda
1701 1086 1744 1110 ne

329 1121 525 1157 constitutio
539 1122 682 1170 corporis
699 1117 737 1156 fit
760 1124 902 1157 tenerior
913 1150 924 1165 ,
939 1118 1117 1157 &mollior
1128 1146 1140 1162 ,
1157 1117 1245 1155 fibrae
1262 1119 1433 1155 ventriculi
1447 1118 1586 1156 laxiores
1600 1138 1610 1166 3
1625 1134 1667 1157 ne
1686 1123 1745 1160 ha-

331 1171 420 1207 bitus
430 1173 574 1220 corporis
582 1170 709 1220 gracilis
722 1187 731 1214 3
747 1183 788 1205 ne
808 1169 843 1206 sit
859 1167 1023 1219 dispositio
1034 1167 1165 1218 phrifica
1180 1183 1191 1205 .·
1210 1180 1279 1204 tum
1293 1170 1382 1204 enim
1397 1172 1572 1206 emeticum
1595 1171 1745 1209 adhiberi

331 1234 400 1258 non
428 1219 529 1257 debet
544 1249 555 1265 ,
578 1232 615 1256 ac
632 1232 675 1257 ne
693 1231 764 1256 tum
789 1221 926 1270 quidem
945 1232 1020 1257 cum
1037 1218 1162 1270 sanguis
1187 1216 1390 1262 effervescit,
1408 1230 1464 1255 aut
1480 1219 1562 1256 crisis
1588 1223 1746 1272 expecta·

336 1283 400 1307 tur.
1742 1285 1745 1288 ·

372 1320 567 1356 Verumista
586 1320 720 1368 quidem
730 1319 858 1356 obiter:
882 1332 992 1370 neque
1004 1322 1094 1357 enim
1109 1331 1213 1355 artem
1233 1319 1405 1365 medendi,
1428 1319 1482 1355 sed
1504 1319 1610 1356 causas
1634 1333 1744 1360 rerum

333 1370 567 1420 persequimur.
583 1370 685 1407 Unde
701 1382 742 1405 ne
756 1372 973 1406 enieticorum
991 1371 1125 1419 quidem
1133 1381 1252 1420 genera
1267 1369 1429 1405 recensere
1441 1368 1614 1408 volumus:
1631 1371 1662 1407 id
1676 1385 1747 1408 ma-

335 1424 386 1470 gis
405 1421 446 1455 ad
464 1419 642 1455 institutum
665 1420 811 1456 nostrum
831 1423 1012 1469 pertineret
1024 1450 1034 1464 .-
1055 1422 1090 1455 in
1107 1419 1215 1454 causas
1235 1421 1398 1466 inquirere
1417 1448 1427 1463 ,
1443 1431 1515 1467 quae
1531 1421 1670 1456 invitam
1683 1433 1746 1459 vo.

334 1472 510 1505 mitionem
530 1471 563 1505 in
582 1468 678 1506 nobis
701 1470 895 1519 plerumque
917 1467 1077 1506 efficiunt.
1092 1471 1185 1518 Saepe
1203 1468 1254 1504 san
1268 1512 1276 1517 ,
1288 1470 1326 1503 iis
1340 1470 1497 1518 impurior
1513 1482 1570 1519 per
1587 1472 1720 1506 arterias
1733 1499 1746 1517 ‚

335 1531 390 1555 aut
404 1519 476 1554 vasa
491 1518 616 1554 biliaria
627 1522 862 1555 excrementios
882 1519 1035 1556 humores
1047 1549 1057 1564 ‚
1067 1521 1123 1567 qui
1137 1531 1243 1555 nervo
1257 1530 1310 1553 am
1326 1518 1501 1554 ventriculi
1519 1518 1747 1558 membranam

336 1569 513 1613 veilicant,
527 1581 581 1604 ant
594 1569 701 1604 adusta
723 1575 756 1607 δι
775 1581 887 1605 amara
907 1581 1114 1605 excrementa
1141 1580 1299 1604 exonerat
1317 1569 1390 1603 :cui
1411 1567 1500 1604 malo
1516 1567 1596 1618 saepe
1611 1570 1696 1605 acidi
1709 1569 1748 1606 li.

337 1632 453 1667 quotes
464 1648 473 1663 ,
493 1630 529 1654 ut
544 1618 647 1653 serum
663 1619 754 1655 facus
765 1649 775 1663 ,
786 1630 840 1654 aut
852 1631 945 1667 aquae
952 1618 1085 1654 acidulae
1097 1618 1269 1653 medentur
1281 1647 1290 1662 ,
1302 1618 1379 1653 dum
1390 1616 1576 1666 sanguinem
1588 1630 1646 1655 aut
1659 1629 1746 1656 tem-

336 1681 474 1718 perant,
494 1679 548 1703 aut
565 1667 769 1713 fundunt,&
786 1672 857 1717 ejus
872 1679 1083 1704 excrementa
1100 1668 1167 1703 alio
1185 1667 1398 1705 transferunt.
1413 1669 1503 1717 Saepe
1521 1669 1675 1704 materies
1689 1682 1750 1719 pu.

339 1719 420 1754 trida
437 1724 470 1756 ὅ(
480 1719 620 1753 emetica
640 1717 684 1753 ob
694 1730 887 1767 corruptum
902 1717 1060 1754 stomachi
1072 1717 1270 1753 fermentum
1282 1719 1426 1766 gignitur
1438 1745 1450 1760 ,
1469 1718 1522 1752 cui
1531 1716 1748 1769 detergenda,

338 1774 372 1806 &
388 1767 546 1817 digestiva
555 1780 590 1803 ut
605 1780 725 1805 vocant
735 1781 804 1815 quae
816 1766 878 1802 sale
893 1767 988 1803 aicali
1004 1767 1192 1809 abundant,
1224 1779 1260 1802 ut
1275 1765 1470 1804 absinthium
1481 1796 1491 1811 ‚
1512 1766 1602 1803 ocuh
1619 1770 1749 1814 cancri,

335 1817 442 1868 pu!vis
451 1817 540 1853 aloes
558 1845 564 1853 .
585 1819 868 1855 commendantur.
886 1818 952 1853 Sed
965 1818 1006 1852 de
1019 1819 1126 1867 primo
1138 1816 1259 1852 affeetu
1275 1817 1448 1853 ventriculi
1473 1828 1611 1854 tantum.

373 1868 542 1903 Secundus
559 1867 714 1903 stomachi
732 1873 766 1904 ἔτ
787 1868 1012 1902 intestinorum
1035 1866 1171 1901 affe&us
1187 1867 1235 1900 est
1259 1868 1411 1914 purgatio
1426 1878 1499 1912 quae
1516 1867 1694 1902 vomitioni
1707 1878 1746 1903 ea

341 1917 476 1965 quidem
496 1918 624 1950 ratione
633 1916 677 1950 est
687 1917 862 1958 contraria,
878 1916 968 1963 quod
987 1917 1125 1949 vomiric
1141 1915 1162 1950 a
1174 1913 1298 1949 finistris
1313 1913 1489 1949 ventriculi
1510 1913 1600 1950 fibris
1615 1928 1749 1952 contra·-

339 1966 400 2001 stis
414 1971 448 2003 &
461 1965 709 2013 quodammodo
719 1962 879 2000 convulfis
894 1976 967 1999 orta
977 1992 987 2008 ‚
1000 1963 1116 1999 sursum
1128 1975 1184 2012 per
1197 1963 1419 2012 oesophagum‚
1432 1975 1547 1999 contra
1557 1964 1749 2003 consuetum

339 2028 461 2053 naturae
471 2014 621 2050 ordinem
636 2016 756 2049 nitatur
767 2030 778 2057 ·‚
788 2015 820 2049 in
832 2015 1024 2063 purgatione
1039 2015 1182 2063 primurn
1199 2012 1288 2049 fibrae
1299 2014 1418 2048 dextrae
1427 2016 1517 2063 juxta
1535 2014 1687 2064 pylorum
1705 2017 1750 2051 ir.

340 2068 443 2101 ritatae
467 2064 642 2100 humorem
667 2066 803 2100 noxium
826 2076 883 2113 per
901 2064 1050 2099 intestina
1074 2064 1277 2113 protrudant.
1295 2066 1384 2111 Saepe
1399 2075 1511 2098 tamen
1533 2076 1598 2099 una
1609 2063 1750 2102 alteram

339 2113 560 2162 subsequitur:
573 2126 648 2149 cum
663 2116 752 2149 enim
767 2126 839 2162 quae
851 2115 882 2150 in
893 2113 1059 2149 stomacho
1069 2125 1124 2149 aut
1137 2116 1249 2162 genita
1260 2114 1304 2149 est
1318 2115 1456 2149 materia
1466 2142 1475 2148 .
1484 2124 1543 2148 ant
1550 2113 1681 2150 aliunde
1691 2115 1751 2154 ad,-

342 2166 438 2201 vecta
451 2164 536 2199 iuius
551 2162 648 2199 fibras
664 2166 805 2199 nimium
818 2163 908 2199 laedit
919 2193 928 2207 ‚
953 2175 1015 2199 nec
1032 2163 1165 2198 tolerari
1178 2164 1299 2198 diutius
1318 2163 1447 2212 potest,
1462 2161 1571 2198 statim
1590 2175 1650 2212 per
1668 2163 1750 2201 oeso-

341 2215 485 2263 phagum
500 2243 509 2257 ‚
532 2212 585 2248 seu
596 2225 651 2262 per
662 2211 853 2249 breviorem
869 2216 958 2249 viam
978 2214 1123 2261 ejicitur3
1141 2211 1231 2248 simui
1246 2212 1370 2262 spiritus
1388 2213 1506 2247 irritati
1528 2210 1625 2249 fibras
1646 2214 1750 2250 modo

341 2263 478 2303 sinistras
492 2293 500 2305 ,
511 2264 612 2298 modo
628 2263 757 2298 dextras
774 2263 972 2299 contrahunt
983 2292 992 2306 ,
1008 2268 1042 2299 δε
1054 2265 1189 2299 noxium
1204 2263 1375 2300 humorem
1389 2263 1436 2298 stis
1451 2262 1559 2309 deque
1570 2263 1751 2312 expellunt.

342 2315 427 2350 Cum
443 2313 531 2362 chyli
549 2312 693 2360 reliquiae
708 2313 837 2362 placido
858 2311 1012 2349 ‘ibrmrm
1027 2325 1123 2350 motu
1137 2327 1196 2364 per
1214 2312 1392 2350 intervalla
1407 2314 1750 2360 temporunie‘iciun;‚

340 2374 411 2417 tur2
434 2366 584 2411 puruatio
595 2363 641 2397 est
653 2365 791 2399 omnino
805 2363 955 2400 naturalis
969 2378 978 2401 :
996 2362 1050 2398 sed
1064 2376 1138 2399 cum
1151 2377 1260 2400 motus
1274 2364 1321 2399 est
1332 2364 1537 2405 concitatior,
1549 2368 1583 2400 δε
1598 2329 1688 2399 fibrae
1698 2364 1752 2399 in.

341 2413 401 2449 test
411 2415 542 2450 inorum
552 2413 686 2450 celerius
701 2413 934 2453 contrahuntur
944 2444 955 2462 ,
969 2425 1038 2452 tum
1050 2426 1157 2451 motus
1175 2414 1232 2453 ille
1240 2415 1436 2452 excretorius
1450 2414 1583 2463 proprie
1603 2413 1754 2499 pgrgatio

1641 2473 1754 2507 iciturq
