1878 2724
81 176 268 209 varietatem
283 170 428 205 colorum
441 168 609 218 &globulis
618 172 746 206 secundi
757 171 909 206 elementi
922 174 1003 206 circa
1013 171 1101 206 suum
1112 183 1255 208 centrum
1267 130 1457 223 gyrantibff}

80 225 217 270 repetit,
235 232 302 255 tem
317 218 388 254 satis
404 217 568 253 obscuram
580 225 700 267 majore
713 219 904 254 obscuritate
918 220 1068 256 involvit.
1084 221 1219 256 Globuli
1240 226 1343 265 enim,
1370 235 1405 257 ut
1425 228 1455 258 ei

78 272 222 313 videtur,
233 268 252 304 ἐι
266 279 403 316 corpore
420 267 527 302 lucido
537 268 626 303 reQa
646 267 769 316 impulsi
781 267 910 302 luminis
924 268 1044 303 sensum
1063 268 1215 306 efficiunt.
1231 272 1294 305 Sed
1307 271 1362 305 ubi
1373 273 1454 307 circa

62 312 166 352 'suum
186 329 334 353 centrum
343 314 487 351 velocius
514 327 722 363 torquentur,
742 328 796 351 aut
810 315 946 360 tardius,
966 321 1069 352 varios
1094 319 1218 353 colores
1237 321 1424 368 imprimunt
1445 334 1452 355 :

75 365 189 401 album
211 365 264 401 vel
282 364 402 400 flavum
420 364 562 400 colorem
579 366 730 401 inducunt
742 394 751 408 ,
777 364 852 400 ct'im
869 364 924 411 illa
938 368 1059 401 rotatio
1072 366 1140 402 fere
1158 368 1288 415 aequalis
1305 368 1350 402 est
1364 371 1452 404 reelo

74 410 281 463 globulorum
295 413 444 461 impulsui
457 431 466 457 3
479 412 534 448 ubi
547 413 796 450 circumvolutio
812 412 1018 462 globulorum
1028 415 1162 451 celerior
1183 417 1225 450 est
1238 417 1337 463 quiin]
1348 419 1452 452 reolus

75 475 186 497 eorum
205 461 370 511 impulsus,
392 473 461 496 tum
475 461 564 497 color
573 460 670 496 ruber
679 464 831 510 emergit:
842 470 954 497 contra
967 466 1079 498 evenit
1091 466 1123 498 in
1141 464 1274 499 caeruleo
1284 494 1292 508 ,
1306 471 1338 502 ὃς
1350 468 1451 514 nigro.

74 511 230 546 Sedillud
243 514 295 546 vix
311 511 500 545 crediderim
518 510 621 545 radios
637 510 761 546 luminis
773 539 783 553 ,
795 521 850 545 aut
863 514 968 558 potius
986 511 1136 560 globulos
1153 513 1278 548 secundi
1293 513 1450 550 elementi

73 561 154 594 circa
165 560 251 596 suum
264 571 408 594 centrum
433 570 520 594 tanta
539 561 726 606 pernicitate
735 561 860 593 moveri
869 557 971 606 polle,
988 572 1023 594 ur
1038 562 1158 596 reeiam
1174 562 1302 596 luminis
1315 564 1451 599 emiffio-

73 619 149 642 nem
160 637 169 651 ,
183 620 252 655 quae
263 611 295 643 in
307 619 477 643 momento
488 607 650 656 perficitur
662 636 672 651 ‚
685 608 780 656 longe
795 607 954 656 superent.
972 611 1084 658 Qare
1097 612 1133 644 iis
1146 610 1240 646 missis
1252 623 1323 658 quae
1337 623 1406 648 tota
1417 616 1449 649 in

73 659 263 703 conjedhiris
278 656 348 692 sunt
362 655 462 704 pofita
475 686 484 699 ,
499 657 539 691 ad
554 658 690 691 certiora
707 659 880 693 veniamus.

42 730 47 736 .
109 705 300 753 3.Qaedam
317 717 353 740 ut
370 707 576 752 experientiae
588 705 867 753 principia-statuit
892 711 938 743 D.
955 708 1165 742 Marionem
1187 710 1322 756 traditam
1349 722 1447 758 quem

71 766 172 802 nuper
181 753 282 788 emifit
296 755 328 788 in
342 753 507 801 publicum
517 782 527 796 ,
541 766 676 801 quaeque
686 766 837 802 magnam
851 757 886 789 iis
901 768 970 804 quae
982 755 1098 791 dicluri
1107 755 1210 790 sumus
1224 787 1234 801 ‚
1254 758 1358 793 lucem
1369 759 1447 795 affi-

71 813 151 838 rent.
165 805 205 837 Su
231 804 440 850 ponititaque
457 802 532 836 lucis
545 803 668 838 radium
681 815 817 849 eumque
828 801 962 839 solidum
975 804 1076 851 qualis
1090 817 1147 852 per
1156 804 1303 841 foramen
1313 807 1447 843 cubicu-

70 850 94 885 li
106 850 195 886 clausi
204 816 305 886 iiibite
325 851 531 898 intelligitur,
545 863 582 885 ex
593 851 702 886 medio
714 853 822 885 rariori
837 854 870 887 in
892 852 1037 896 densius,
1056 864 1091 887 ut
1114 865 1156 887 ex
1176 866 1249 889 aere
1271 858 1305 890 in
1329 868 1445 903 aquam

70 897 204 947 oblique
216 900 414 935 incidentem
431 899 470 934 fic
484 899 605 943 stanni,
627 906 661 937 &
674 898 799 935 inflecti
813 929 822 942 ,
834 911 869 935 ut
878 914 948 950 pars
962 900 1043 936 illius
1061 904 1193 937 interior
1213 902 1269 938 fiat
1282 915 1446 950 concava,

67 951 210 984 exterior
225 961 369 988 convexa
389 963 396 986 :
414 961 486 985 curn
497 929 601 984 verfus
614 948 876 998 perpendiculum
892 950 1063 999 frangatur.
1085 953 1176 987 Utin
1190 951 1290 1002 figura
1302 953 1446 1001 apposita

1008 1011 1139 1034 cernere
1163 1001 1205 1034 est
1225 1002 1349 1036 radium
1372 1002 1446 1038 soli-

1014 1047 1090 1082 dum
1105 1050 1296 1092 ERGH,
1318 1060 1444 1086 exaere

1013 1097 1044 1129 in
1056 1108 1113 1131 vas
1124 1109 1207 1144 aqua
1218 1097 1350 1146 plenum
1367 1101 1445 1134 inci-

1013 1143 1155 1182 dentem.
1184 1150 1249 1181 Vas
1273 1158 1382 1182 autern
1408 1150 1444 1184 in

1012 1191 1147 1229 obscuro
1177 1194 1324 1231 cubiculo
1359 1196 1444 1244 posi·

1009 1251 1076 1276 turn
1095 1255 1153 1290 pet
1177 1253 1272 1279 tenue
1298 1243 1444 1281 foramen

1009 1288 1112 1325 lucem
1143 1294 1290 1340 excipiar.
1326 1295 1442 1341 Itaque

1007 1339 1112 1374 radius
1126 1341 1240 1375 fractus
1255 1342 1316 1375 erit
1327 1342 1348 1375 F
1360 1344 1390 1384 1,
1402 1344 1447 1377 H.

1001 1387 1041 1423 L.
1057 1389 1158 1435 Qod
1171 1387 1191 1423 fi
1207 1402 1321 1438 corpus
1330 1389 1450 1428 album·

1005 1437 1038 1470 in
1056 1437 1158 1472 fundo
1180 1438 1254 1472 vasis
1268 1440 1318 1475 IL
1337 1451 1449 1487 appo-›

1005 1495 1098 1519 natur
1112 1515 1122 1529 ‚
1154 1496 1222 1520 tum
1243 1488 1274 1521 id
1299 1487 1438 1534 liquebit

1000 1536 1199 1581 experientia
1210 1563 1218 1577 ,
1240 1536 1361 1570 radium
1374 1536 1449 1570 fra«.

998 1582 1084 1616 ἂιιιη
1111 1594 1253 1618 concava
1276 1583 1319 1617 sui
1345 1595 1436 1631 parte

66 1628 103 1659 in
115 1623 239 1657 colores
254 1620 428 1656 debiliores
446 1620 534 1655 abire
555 1621 654 1657 :adeo
673 1632 707 1657 ut
721 1619 870 1655 caeruleus
886 1624 917 1658 in
928 1624 942 1656 I
954 1634 1108 1677 appareat
1119 1659 1128 1672 ,
1139 1636 1171 1667 ὅ(
1184 1633 1218 1665 iu
1232 1644 1379 1667 convexa
1391 1633 1434 1668 sui

57 1683 157 1720 ,parte
172 1682 272 1720 prope
285 1672 311 1704 L
321 1670 416 1706 ruber
425 1680 478 1704 aut
492 1668 594 1707 flavus
613 1671 775 1705 videatur:
787 1680 883 1717 atque
899 1672 963 1707 haec
974 1678 1021 1712 est
1034 1679 1178 1715 constans
1196 1692 1312 1715 namrae
1326 1680 1387 1720 lex,

223 1728 226 1730 ’
969 1741 1000 1773 4.
1042 1729 1077 1761 Si
1102 1729 1205 1762 radius
1231 1728 1360 1764 luminis
1393 1744 1433 1766 ex

925 1779 998 1809 aere
1015 1777 1048 1811 in
1066 1789 1181 1823 aquam
1194 1779 1358 1812 incurrens
1382 1781 1432 1814 in-

924 1828 1072 1859 curvetut
1082 1825 1126 1860 ob
1147 1824 1389 1870 reftaffionem,
1399 1834 1434 1866 &

922 1871 1085 1908 coloribus
1102 1876 1242 1923 tingatur
1252 1903 1261 1917 ‚
1277 1886 1312 1910 ut
1326 1876 1431 1911 radius

909 1917 973 1954 EF
995 1924 1070 1957 DH
1089 1920 1207 1957 solidus
1224 1951 1233 1965 ,
1261 1923 1381 1958 fraribus
1399 1928 1432 1961 iu

919 1966 978 2003 ΡΗ
991 1972 1175 2006 incurvatur
1189 1999 1197 2013 ‚
1216 1977 1249 2008 δέ
1263 1974 1295 2006 in
1307 1972 1430 2008 colores

918 2020 1026 2053 vai-ios
1041 2020 1216 2068 degenerat
1230 2023 1262 2055 in
1273 2023 1315 2055 M
1329 2024 1428 2057 ltcum

919 2061 935 2096 ὲ
950 2065 1068 2114 scypho
1085 2080 1166 2116 aqua
1186 2068 1284 2116 pleno
1310 2071 1337 2104 A
1351 2071 1372 2103 B
1388 2071 1429 2111 C,

918 2117 1080 2162 egreditur
1096 2119 1127 2152 in
1139 2123 1294 2159 aerem&
1313 2120 1427 2152 iterum

906 2162 1076 2211 frangitur
1091 2167 1122 2199 in
1148 2167 1187 2199 M
1206 2168 1217 2198 1
1235 2169 1264 2199 G
1280 2168 1306 2199 L
1320 2194 1328 2207 ‚
1352 2178 1425 2199 cum

918 2212 951 2244 in
965 2212 1088 2247 easdem
1101 2225 1205 2260 partes
1231 2215 1428 2256 incurvetur,

889 2292 893 2294 ,
918 2259 1059 2303 eosdem,
1072 2260 1124 2294 sed
1141 2262 1313 2296 vividiores
1326 2259 1426 2295 servat

919 2309 1042 2344 colores
1055 2311 1088 2343 in
1103 2310 1133 2341 G
1150 2310 1176 2341 L
1195 2321 1202 2341 ε
1221 2308 1302 2341 adeo
1323 2320 1356 2342 ut
1369 2321 1427 2343 co-

919 2356 967 2395 lor
984 2356 1078 2392 ruber
1103 2355 1138 2390 sit
1158 2358 1309 2405 vegetior
1324 2359 1354 2391 in
1372 2359 1396 2392 L
1414 2386 1424 2401 ‚
