1878 2724
376 176 412 210 54
425 172 447 208 4
877 156 904 191 P
917 153 961 191 Ἠ
980 153 1012 190 Y
1031 153 1051 189 S
1066 152 1083 188 Ῐ
1103 151 1132 189 C
1150 154 1189 188 AE

385 209 458 244 aliae
478 218 553 241 aves
566 205 775 256 proferuntur
796 232 806 247 ,
830 214 866 239 ut
878 203 1094 252 aequilibrium
1107 204 1222 252 capitis
1237 207 1274 240 &
1287 203 1387 238 totius
1403 202 1546 252 eorporis
1564 205 1680 255 exigit.

428 271 457 304 ς,
470 258 549 292 Non
562 267 713 291 movetur
733 255 800 288 avis
819 255 851 288 in
865 266 939 288 aere
952 265 988 288 ut
1002 255 1092 288 navis
1101 255 1134 287 in
1146 264 1244 300 aqua.
1257 254 1335 288 Haec
1346 253 1434 287 enim
1452 255 1547 288 remis
1566 254 1697 301 impulsa
1721 267 1781 293 an-

386 305 519 343 trorsum
540 303 642 339 fertur
656 332 665 347 ‚
692 303 769 338 dum
784 303 865 337 remi
883 314 973 350 aquae
987 303 1171 337 innituntur
1185 330 1195 345 ,
1217 312 1289 349 quae
1305 300 1345 336 fic
1357 299 1464 336 resistit
1474 329 1483 345 ,
1505 314 1543 337 ac
1561 300 1581 337 sr
1595 303 1783 351 quiesceret.

385 358 505 401 Neque
515 365 588 387 aves
601 352 732 387 vibrant
745 351 808 386 alas
825 349 929 386 varsus
941 352 1090 394 caudam,
1102 362 1137 386 ut
1154 354 1235 385 remi
1247 363 1366 399 aquam
1378 349 1482 385 versus
1498 354 1632 401 puppim
1673 354 1782 403 ropel-

387 404 460 439 lunt
469 431 477 444 ‚
499 401 550 436 sed
563 414 616 436 eas
629 401 775 436 deorsum
789 400 968 437 inflectunt.
991 401 1103 435 Cauda
1116 412 1242 435 motum
1253 402 1361 436 avium
1378 399 1492 435 {ursum
1503 413 1556 436 aut
1570 403 1646 436 deor
1662 415 1715 438 um
1730 404 1782 438 in-

387 451 495 487 flectit
507 479 517 494 ,
528 464 596 486 non
605 450 802 486 dextrorsum
812 462 867 485 aut
879 449 1084 485 sinistrorsum
1096 479 1104 492 ,
1120 461 1179 484 nec
1192 448 1404 498 gubernaculi
1418 451 1503 484 vices
1521 449 1609 494 obit,
1636 462 1673 485 ut
1686 451 1784 500 vulgo

388 501 546 536 creditum
562 500 605 534 est
619 513 626 535 :
638 513 704 535 non
716 501 802 535 enim
814 500 853 534 ad
867 499 1130 548 perpendiculum
1141 498 1223 533 secat
1233 510 1340 533 aerem
1355 498 1446 533 instar
1459 501 1616 536 temonis:
1632 498 1683 534 sed
1694 500 1783 536 hori-

390 548 555 586 zontalem
569 547 663 584 [itum
679 548 831 592 obtinet·,
851 560 990 595 cumque
1009 550 1082 584 avis
1101 548 1140 581 ad
1155 546 1255 582 latera
1277 547 1306 582 se
1327 547 1463 582 infleffit
1478 575 1487 590 ,
1505 548 1640 584 caudam
1654 551 1686 584 in
1699 549 1784 584 dire.

391 601 480 635 &um
492 597 662 646 expansam
674 600 794 633 retinet
811 612 819 634 :
833 599 919 633 unde
929 603 964 634 &
976 598 1075 632 cauda
1092 594 1221 631 abscissa
1242 595 1453 633 nihilominus
1468 595 1530 631 huc
1552 597 1628 633 illuc
1645 597 1786 634 volitant

392 659 482 683 aves.
494 649 555 683 Hae
566 649 696 694 quidem
709 649 739 682 in
751 648 860 682 medio
871 660 944 682 aere
953 676 963 690 ,
981 657 1016 682 ut
1034 648 1125 682 navis
1136 648 1168 680 in
1179 658 1261 691 aqua
1272 675 1282 690 ‚
1290 648 1324 680 in
1336 656 1448 681 centro
1459 642 1612 682 nimirum
1622 649 1786 696 gravitatis

391 697 561 733 librantur.
576 699 683 745 Atque
693 708 727 731 ut
736 699 827 732 navis
839 698 936 731 remis
946 695 984 731 ad
996 696 1141 730 dextram
1150 694 1245 730 citius
1255 697 1382 745 agitatis
1401 723 1411 738 ,
1426 696 1508 729 circa
1520 708 1665 731 centrum
1679 699 1786 745 gravi-

391 749 466 782 tatis
479 746 627 781 revoluta
642 749 674 781 in
689 758 813 794 partem
823 744 975 780 sinistram
989 744 1162 781 inflectitur
1177 743 1235 780 :fic
1248 747 1315 779 avis
1329 745 1404 779 dum
1416 743 1465 778 ala
1478 744 1590 779 dextra
1610 744 1787 795 subjeetum

389 807 503 830 aerem
513 808 599 844 pene
611 794 675 830 sola
685 795 826 844 impellit
844 794 948 830 versus
962 794 1095 829 caudam
1109 822 1119 838 ‚
1135 792 1301 842 parsillius
1314 795 1456 829 anterior
1465 791 1670 830 sinistrorsum
1682 794 1788 832 θεῶ-

392 856 441 880 tur
455 859 462 881 :
475 856 512 879 ut
525 857 599 879 cum
609 856 755 880 natantes
770 843 861 879 flexo
871 843 1004 879 brachio
1018 843 1133 878 dextro
1143 872 1152 886 ,
1164 848 1197 880 &
1210 855 1308 879 manu
1321 839 1463 892 expansa
1480 855 1599 890 aquam
1613 843 1716 880 versus
1728 857 1788 893 pe-

393 894 449 928 des
465 893 663 942 impellimus
675 922 684 937 ,
699 905 769 928 tum
779 892 985 928 sinistrorsum
998 890 1275 928 defleetimus.sic
1284 890 1442 926 columbae
1456 891 1514 926 ubi
1526 891 1648 928 cursum
1665 895 1698 928 in
1717 893 1788 929 fini-

393 943 490 977 stram
509 954 635 990 partem
652 941 838 986 inflectunt,
852 942 936 977 alam
946 942 1094 975 dextram
1109 939 1205 975 altius
1218 939 1500 984 attolluntfortius
1510 940 1657 986 vibrant,
1671 954 1708 977 ac
1718 956 1788 977 rno-
1840 956 1845 962 ··

393 1002 430 1026 tu
445 990 582 1039 obliquo
599 1003 707 1026 aerem
722 991 830 1028 versus
845 991 978 1026 caudam
993 988 1179 1026 verberant.
1198 991 1288 1025 Hinc
1299 989 1380 1025 latus
1395 990 1542 1024 dextrum
1553 990 1644 1039 super
1656 990 1788 1039 planum

392 1040 600 1075 horizontale
613 1040 782 1084 attollitur,
794 1046 827 1077 &
838 1039 987 1075 sinistrum
996 1038 1077 1073 latus
1087 1039 1281 1086 deprimitur
1294 1052 1302 1073 2
1315 1051 1381 1075 non
1392 1040 1481 1074 enim
1498 1051 1632 1087 propter
1649 1039 1790 1076 debilio-

392 1101 463 1124 rem
480 1087 697 1124 vibrationem
715 1094 783 1138 ejus
793 1090 918 1138 pondus
935 1099 1027 1136 aeque
1044 1085 1247 1136 suspenditur.

446 1143 477 1174 6.
490 1137 630 1173 Volatus
646 1141 754 1173 avium
764 1150 929 1186 nunquam
945 1136 982 1173 fit
999 1135 1114 1172 sursum
1127 1149 1184 1184 per
1198 1136 1316 1172 lineam
1326 1136 1690 1184 perpendicularem‚sed
1701 1137 1790 1174 obli-

394 1200 462 1235 quo
477 1197 570 1221 motu
589 1200 645 1235 per
659 1187 778 1223 lineam
791 1187 1012 1236 parabolicam
1026 1197 1063 1221 ut
1073 1187 1213 1235 projecita
1225 1186 1301 1221 ferri
1313 1185 1426 1222 solent.
1438 1187 1551 1221 Motus
1565 1186 1613 1221 illi
1627 1188 1790 1234 naturalis,

395 1242 430 1273 &
442 1238 642 1284 projestitius
653 1237 830 1284 aliquando
842 1238 924 1271 inter
935 1235 965 1271 se
978 1247 1120 1284 pugnant
1133 1241 1166 1272 &
1176 1234 1238 1269 sese
1247 1235 1411 1270 destruunt
1428 1263 1437 1278 ,
1457 1246 1493 1270 ut
1507 1236 1540 1270 in
1561 1235 1697 1272 ascensu.
1730 1239 1786 1273 In-

395 1287 490 1320 terim
509 1284 572 1319 sese
585 1297 698 1321 mutuo
706 1285 858 1334 adjuvant
869 1299 876 1321 :
889 1296 923 1320 ut
934 1298 1005 1320 cum
1018 1285 1170 1332 accipiter
1183 1286 1215 1319 in
1228 1284 1394 1333 perdicem
1405 1296 1479 1318 cum
1490 1286 1612 1333 impetu
1624 1284 1654 1320 se
1667 1286 1788 1322 demit.

394 1336 446 1370 tit.
459 1336 526 1369 1³1·ae
538 1336 662 1381 impetu
680 1333 831 1382 acquisito
845 1333 970 1384 possunt
985 1345 1061 1367 aves
1075 1335 1107 1368 in
1120 1332 1250 1368 sublimi
1266 1345 1338 1368 aere
1353 1335 1432 1367 citra
1452 1331 1579 1368 crebras
1599 1333 1721 1370 alarum
1733 1337 1790 1372 vi„

395 1382 565 1418 brationes
578 1382 725 1432 suspensae
739 1386 844 1419 teneri
856 1412 865 1427 ‚
883 1382 1056 1432 praesertim
1070 1394 1145 1417 cum
1160 1395 1216 1417 aer
1235 1381 1375 1430 superior
1391 1381 1411 1417 ὸ.
1434 1384 1543 1419 ventis
1563 1395 1648 1431 pene
1663 1382 1789 1433 semper

396 1434 547 1480 agitetur.
560 1433 652 1467 Hinc
665 1433 720 1468 alae
731 1433 873 1482 expansae
893 1432 1007 1468 sursum
1026 1431 1256 1479 impelluntur,
1270 1437 1304 1468 δέ
1317 1430 1415 1480 figura
1427 1430 1524 1466 latior
1537 1431 1721 1467 descensum
1737 1445 1789 1468 te-

396 1493 562 1517 moratur:
575 1492 610 1516 ut
622 1484 727 1516 tenuis
738 1483 859 1518 lamina
874 1480 994 1517 tardius
1007 1483 1040 1516 in
1054 1493 1170 1528 aquam
1184 1480 1357 1524 delabitur,
1370 1481 1411 1516 <fi
1421 1479 1594 1516 secundum
1606 1480 1735 1530 planam
1745 1482 1790 1518 su·

396 1529 566 1578 perficiem
575 1542 667 1578 aquae
679 1531 849 1568 incumbit.
864 1532 965 1568 Unde
977 1542 1053 1566 aves
1063 1531 1096 1564 in
1108 1529 1256 1565 descensu
1266 1541 1458 1578 conceptum
1473 1532 1666 1578 extinguunt
1685 1532 1790 1580 impe-

398 1590 468 1614 tum
479 1609 490 1624 ‚
499 1580 575 1615 dum
587 1579 721 1615 caudam
734 1581 838 1619 &alas
852 1580 891 1615 sic
901 1580 1087 1629 expandunt
1098 1608 1108 1621 ,
1120 1590 1156 1614 ut
1167 1591 1284 1615 cavum
1298 1577 1333 1614 fit
1347 1578 1510 1614 horizonti
1522 1580 1562 1614 ad
1575 1580 1789 1628 perpendicu-

398 1628 464 1663 lum
479 1640 568 1671 3tum
583 1630 672 1664 enim
683 1631 778 1665 instar
790 1629 854 1665 veli
871 1632 961 1665 navis
971 1627 1132 1664 descensus
1142 1629 1321 1664 retardatur
1341 1641 1349 1664 ε
1370 1628 1468 1676 pedes
1488 1627 1577 1664 fimul
1591 1629 1789 1674 extendunt,
1839 1629 1847 1636 ‘
1876 1622 1878 1632 ⁴

400 1681 435 1759 i&
458 1676 569 1713 senfim
587 1678 738 1715 articulos
757 1679 949 1724 ixifleaunt,
968 1690 1003 1714 ut
1031 1677 1110 1712 iani
1133 1678 1251 1714 cedant
1267 1707 1277 1721 ‚
1307 1677 1385 1713 dum
1408 1676 1568 1713 musculos
1593 1676 1711 1713 leniter
1735 1689 1787 1713 re-

416 1737 524 1762 axant.

891 1826 922 1862 C
944 1826 974 1862 A
996 1826 1020 1861 1>
1043 1825 1079 1862 U
1101 1827 1132 1861 T
1191 1825 1262 1860 IX.

993 1923 1048 1954 De
1069 1931 1196 1958 natatu.

503 2020 528 2054 E
543 2028 655 2055 natatu
672 2019 704 2053 in
722 2015 856 2066 Physica
873 2017 1016 2067 generali
1032 2019 1180 2055 diximus,
1204 2023 1288 2067 Qiae
1299 2028 1411 2055 natant
1424 2016 1575 2053 animalia
1587 2047 1597 2061 ‚
1615 2030 1712 2069 caput
1728 2023 1790 2057 eri.

503 2080 600 2118 gunt,
618 2079 683 2114 quo
697 2079 750 2101 aer
769 2068 880 2115 pestus
893 2067 1048 2115 impleat,
1066 2073 1100 2105 &
1119 2067 1171 2103 sua
1190 2068 1322 2104 levitate
1337 2068 1479 2115 corporis
1491 2067 1614 2116 pondus
1628 2071 1790 2107 emendet.

402 2119 506 2156 Pedes
525 2118 592 2153 fere
610 2116 758 2150 deorsum
772 2145 779 2159 ‚
791 2115 877 2164 quasi
895 2130 950 2165 pet
965 2117 1084 2151 acclive
1099 2117 1285 2154 scanderent
1298 2148 1306 2161 ‚
1322 2116 1437 2152 crebro
1447 2128 1539 2152 motu
1551 2129 1668 2164 aquam
1684 2118 1790 2167 repel-

403 2168 493 2204 lunt:
511 2166 610 2201 cauda
623 2167 654 2199 in
675 2163 812 2212 piscibus
828 2178 893 2199 non
911 2166 1119 2214 gubernaculi
1140 2166 1259 2210 solum,
1277 2166 1329 2201 sed
1352 2167 1454 2200 vectis
1475 2166 1720 2214 quodammodo
1731 2168 1788 2204 ha-

403 2216 462 2252 bet
472 2218 629 2250 rationem
641 2243 650 2257 ‚
667 2214 743 2248 dum
755 2226 842 2260 aquae
856 2216 964 2248 innixa
980 2226 1094 2262 corpus
1117 2216 1293 2251 antrorsum
1314 2215 1420 2260 pellit.

440 2268 521 2301 Haec
535 2264 602 2298 fere
616 2263 656 2297 de
670 2274 782 2298 natatu
799 2261 947 2298 observat
964 2267 1003 2297 I).
1023 2268 1192 2307 Per-sawt,
1207 2275 1235 2299 r*
1251 2265 1386 2300 Pifiium
1398 2275 1543 2299 natatum
1563 2265 1718 2313 quiddam
1735 2266 1789 2301 ha.

403 2314 482 2349 bere
495 2314 616 2348 volatui
628 2325 693 2347 non
712 2310 861 2346 dissimile
876 2326 885 2348 :
901 2325 974 2347 nam
986 2315 1090 2359 pinna:
1102 2343 1111 2357 ‚
1127 2315 1225 2362 vulgo
1236 2316 1279 2347 les
1298 2317 1459 2349 nami-n«
1473 2343 1478 2349 .
1490 2314 1560 2349 sunt
1573 2315 1689 2351 alatum
1703 2315 1790 2359 loco,

404 2366 453 2397 uti
468 2370 499 2399 ἅν
518 2362 791 2405 cauda-,constant
807 2361 1002 2397 membranis
1018 2375 1094 2408 quas
1113 2363 1273 2411 longiores
1291 2362 1378 2398 fibrae
1391 2363 1589 2406 devinciunt,
1606 2375 1742 2411 quaeque
1754 2374 1788 2398 ut

404 2412 557 2457 distendi,
569 2423 636 2459 quo
651 2410 722 2459 plus
731 2423 821 2460 aquae
831 2410 1015 2457 verberent,
1032 2409 1070 2448 s1c
1084 2412 1231 2450 contr-ahi
1245 2412 1373 2462 pollunt
1381 2441 1392 2460 ,
1411 2417 1444 2450 &
1460 2414 1494 2450 in
1510 2425 1642 2450 omnem
1663 2425 1787 2496 pzrtem

1714 2461 1788 2498 effi.
