<?xml version="1.0" encoding="UTF-8"?>
<!DOCTYPE html PUBLIC "-//W3C//DTD XHTML 1.0 Transitional//EN"
    "http://www.w3.org/TR/xhtml1/DTD/xhtml1-transitional.dtd">
<html xmlns="http://www.w3.org/1999/xhtml" xml:lang="en" lang="en">
 <head>
  <title>
</title>
<meta http-equiv="Content-Type" content="text/html;charset=utf-8" />
  <meta name='ocr-system' content='tesseract 3.04.00' />
  <meta name='ocr-capabilities' content='ocr_page ocr_carea ocr_par ocr_line ocrx_word'/>
</head>
<body>
  <div class='ocr_page' id='page_1' title='image "./philosophiavetus02duhauoft_0176.png"; bbox 0 0 1878 2724; ppageno 0'>
   <div class='ocr_carea' id='block_1_1' title="bbox 399 131 1792 2399">
    <p class='ocr_par' dir='ltr' id='par_1_1' title="bbox 401 131 1453 179">
     <span class='ocr_line' id='line_1_1' title="bbox 401 131 1453 179; baseline 0 -10"><span class='ocrx_word' id='word_1_1' title='bbox 401 136 460 178; x_wconf 69' lang='lat'>164</span> <span class='ocrx_word' id='word_1_2' title='bbox 778 131 1075 179; x_wconf 20' lang='lat' dir='ltr'>‘PHYS‘ICAE</span> <span class='ocrx_word' id='word_1_3' title='bbox 1115 131 1453 175; x_wconf 15' lang='lat' dir='ltr'>GENERVALIS</span> 
     </span>
    </p>

    <p class='ocr_par' dir='ltr' id='par_1_2' title="bbox 401 175 1790 365">
     <span class='ocr_line' id='line_1_2' title="bbox 401 175 1790 236; baseline 0.005 -20"><span class='ocrx_word' id='word_1_4' title='bbox 401 178 544 217; x_wconf 65' lang='lat' dir='ltr'>iiix-ersus</span> <span class='ocrx_word' id='word_1_5' title='bbox 564 211 572 225; x_wconf 84' lang='lat'>,</span> <span class='ocrx_word' id='word_1_6' title='bbox 591 187 622 220; x_wconf 66' lang='lat' dir='ltr'>S&lt;</span> <span class='ocrx_word' id='word_1_7' title='bbox 634 185 718 218; x_wconf 74' lang='lat' dir='ltr'>intra</span> <span class='ocrx_word' id='word_1_8' title='bbox 730 193 849 228; x_wconf 76' lang='lat' dir='ltr'>aquarn</span> <span class='ocrx_word' id='word_1_9' title='bbox 864 175 1024 231; x_wconf 76' lang='lat' dir='ltr'>depreffiis</span> <span class='ocrx_word' id='word_1_10' title='bbox 1036 210 1044 225; x_wconf 88' lang='lat'><strong>,</strong></span> <span class='ocrx_word' id='word_1_11' title='bbox 1063 181 1125 217; x_wconf 85' lang='lat' dir='ltr'>hoc</span> <span class='ocrx_word' id='word_1_12' title='bbox 1143 187 1264 231; x_wconf 83' lang='lat' dir='ltr'>majo‘re</span> <span class='ocrx_word' id='word_1_13' title='bbox 1275 185 1399 233; x_wconf 88' lang='lat' dir='ltr'>impetu</span> <span class='ocrx_word' id='word_1_14' title='bbox 1417 183 1535 221; x_wconf 82' lang='lat' dir='ltr'>sursum</span> <span class='ocrx_word' id='word_1_15' title='bbox 1547 184 1790 236; x_wconf 66' lang='lat' dir='ltr'>elu&amp;etur‚quo</span> 
     </span>
     <span class='ocr_line' id='line_1_3' title="bbox 401 230 1788 286; baseline 0.001 -20"><span class='ocrx_word' id='word_1_16' title='bbox 401 231 497 267; x_wconf 57' lang='lat' dir='ltr'>altifi:</span> <span class='ocrx_word' id='word_1_17' title='bbox 509 232 715 280; x_wconf 80' lang='lat' dir='ltr'>demergitur.</span> <span class='ocrx_word' id='word_1_18' title='bbox 732 232 932 278; x_wconf 79' lang='lat' dir='ltr'>Qanquam</span> <span class='ocrx_word' id='word_1_19' title='bbox 947 232 999 265; x_wconf 79' lang='lat' dir='ltr'>a&#39;e&#39;t</span> <span class='ocrx_word' id='word_1_20' title='bbox 1010 233 1068 277; x_wconf 79' lang='lat' dir='ltr'>qui</span> <span class='ocrx_word' id='word_1_21' title='bbox 1083 230 1240 267; x_wconf 83' lang='lat' dir='ltr'>subeunte</span> <span class='ocrx_word' id='word_1_22' title='bbox 1249 245 1331 280; x_wconf 83' lang='lat' dir='ltr'>aqua</span> <span class='ocrx_word' id='word_1_23' title='bbox 1344 235 1377 270; x_wconf 82' lang='lat' dir='ltr'>in</span> <span class='ocrx_word' id='word_1_24' title='bbox 1388 231 1509 284; x_wconf 61' lang='lat' dir='ltr'>scypho</span> <span class='ocrx_word' id='word_1_25' title='bbox 1518 235 1636 272; x_wconf 55' lang='lat' dir='ltr'>arduus</span> <span class='ocrx_word' id='word_1_26' title='bbox 1647 240 1788 286; x_wconf 69' lang='lat' dir='ltr'>compri-</span> 
     </span>
     <span class='ocr_line' id='line_1_4' title="bbox 403 277 1789 336; baseline 0.001 -20"><span class='ocrx_word' id='word_1_27' title='bbox 403 285 501 316; x_wconf 72' lang='lat' dir='ltr'>mitru-</span> <span class='ocrx_word' id='word_1_28' title='bbox 513 310 522 324; x_wconf 82' lang='lat'><em>,</em></span> <span class='ocrx_word' id='word_1_29' title='bbox 541 294 607 317; x_wconf 84' lang='lat' dir='ltr'>non</span> <span class='ocrx_word' id='word_1_30' title='bbox 625 280 836 315; x_wconf 74' lang='lat' dir='ltr'>mediocriter</span> <span class='ocrx_word' id='word_1_31' title='bbox 851 277 963 329; x_wconf 78' lang='lat' dir='ltr'>scyphi</span> <span class='ocrx_word' id='word_1_32' title='bbox 979 291 1107 316; x_wconf 86' lang='lat' dir='ltr'>motum</span> <span class='ocrx_word' id='word_1_33' title='bbox 1118 292 1401 328; x_wconf 81' lang='lat' dir='ltr'>promovet‚cum</span> <span class='ocrx_word' id='word_1_34' title='bbox 1417 284 1556 320; x_wconf 87' lang='lat' dir='ltr'>multum</span> <span class='ocrx_word' id='word_1_35' title='bbox 1575 285 1611 323; x_wconf 84' lang='lat' dir='ltr'>fit</span> <span class='ocrx_word' id='word_1_36' title='bbox 1635 299 1721 336; x_wconf 74' lang='lat' dir='ltr'>aqua</span> <span class='ocrx_word' id='word_1_37' title='bbox 1739 287 1789 323; x_wconf 84' lang='lat' dir='ltr'>le-</span> 
     </span>
     <span class='ocr_line' id='line_1_5' title="bbox 402 343 482 365; baseline 0.025 -2"><span class='ocrx_word' id='word_1_38' title='bbox 402 343 482 365; x_wconf 71' lang='lat' dir='ltr'>vxor.</span> 
     </span>
    </p>

    <p class='ocr_par' dir='ltr' id='par_1_3' title="bbox 399 377 1788 1301">
     <span class='ocr_line' id='line_1_6' title="bbox 439 377 1788 432; baseline 0.01 -22"><span class='ocrx_word' id='word_1_39' title='bbox 439 395 464 423; x_wconf 75' lang='lat'>7,</span> <span class='ocrx_word' id='word_1_40' title='bbox 484 379 583 426; x_wconf 70' lang='lat' dir='ltr'>Quod</span> <span class='ocrx_word' id='word_1_41' title='bbox 596 377 615 413; x_wconf 86' lang='lat' dir='ltr'>fi</span> <span class='ocrx_word' id='word_1_42' title='bbox 626 378 688 414; x_wconf 79' lang='lat' dir='ltr'>vasi</span> <span class='ocrx_word' id='word_1_43' title='bbox 700 380 805 417; x_wconf 83' lang='lat' dir='ltr'>vitreo</span> <span class='ocrx_word' id='word_1_44' title='bbox 823 377 896 415; x_wconf 81' lang='lat' dir='ltr'>satis</span> <span class='ocrx_word' id='word_1_45' title='bbox 911 378 1046 428; x_wconf 73' lang='lat' dir='ltr'>amplo,</span> <span class='ocrx_word' id='word_1_46' title='bbox 1063 385 1096 417; x_wconf 88' lang='lat'><strong>&amp;</strong></span> <span class='ocrx_word' id='word_1_47' title='bbox 1114 381 1148 416; x_wconf 85' lang='lat' dir='ltr'>in</span> <span class='ocrx_word' id='word_1_48' title='bbox 1162 379 1301 426; x_wconf 85' lang='lat' dir='ltr'>cylindri</span> <span class='ocrx_word' id='word_1_49' title='bbox 1310 379 1450 418; x_wconf 79' lang='lat' dir='ltr'>formam</span> <span class='ocrx_word' id='word_1_50' title='bbox 1467 394 1602 422; x_wconf 85' lang='lat' dir='ltr'>tornato</span> <span class='ocrx_word' id='word_1_51' title='bbox 1619 388 1647 424; x_wconf 80' lang='lat' dir='ltr'>A</span> <span class='ocrx_word' id='word_1_52' title='bbox 1658 388 1682 422; x_wconf 91' lang='lat' dir='ltr'>B</span> <span class='ocrx_word' id='word_1_53' title='bbox 1695 386 1724 422; x_wconf 93' lang='lat' dir='ltr'>C</span> <span class='ocrx_word' id='word_1_54' title='bbox 1735 389 1788 432; x_wconf 91' lang='lat' dir='ltr'>D,</span> 
     </span>
     <span class='ocr_line' id='line_1_7' title="bbox 401 426 1372 477; baseline 0.001 -15"><span class='ocrx_word' id='word_1_55' title='bbox 401 441 519 476; x_wconf 79' lang='lat' dir='ltr'>aquam</span> <span class='ocrx_word' id='word_1_56' title='bbox 530 426 683 463; x_wconf 76' lang='lat' dir='ltr'>affuderis</span> <span class='ocrx_word' id='word_1_57' title='bbox 698 457 708 473; x_wconf 92' lang='lat'><em>‚</em></span> <span class='ocrx_word' id='word_1_58' title='bbox 721 427 822 476; x_wconf 85' lang='lat' dir='ltr'>fitque</span> <span class='ocrx_word' id='word_1_59' title='bbox 835 430 867 464; x_wconf 87' lang='lat' dir='ltr'>in</span> <span class='ocrx_word' id='word_1_60' title='bbox 883 428 988 465; x_wconf 89' lang='lat' dir='ltr'>fundo</span> <span class='ocrx_word' id='word_1_61' title='bbox 1001 428 1150 465; x_wconf 82' lang='lat' dir='ltr'>foramen</span> <span class='ocrx_word' id='word_1_62' title='bbox 1162 432 1183 465; x_wconf 87' lang='lat' dir='ltr'>F</span> <span class='ocrx_word' id='word_1_63' title='bbox 1194 458 1204 472; x_wconf 94' lang='lat'>‚</span> <span class='ocrx_word' id='word_1_64' title='bbox 1218 430 1307 477; x_wconf 89' lang='lat' dir='ltr'>quod</span> <span class='ocrx_word' id='word_1_65' title='bbox 1323 430 1372 466; x_wconf 82' lang='lat' dir='ltr'>di.</span> 
     </span>
     <span class='ocr_line' id='line_1_8' title="bbox 400 476 1371 528; baseline 0.004 -17"><span class='ocrx_word' id='word_1_66' title='bbox 400 481 472 526; x_wconf 78' lang='lat' dir='ltr'>gito</span> <span class='ocrx_word' id='word_1_67' title='bbox 485 476 674 513; x_wconf 82' lang='lat' dir='ltr'>occludatur</span> <span class='ocrx_word' id='word_1_68' title='bbox 686 507 695 521; x_wconf 91' lang='lat'>,</span> <span class='ocrx_word' id='word_1_69' title='bbox 713 476 840 513; x_wconf 64' lang='lat' dir='ltr'>subiato</span> <span class='ocrx_word' id='word_1_70' title='bbox 855 479 957 528; x_wconf 86' lang='lat' dir='ltr'>digito</span> <span class='ocrx_word' id='word_1_71' title='bbox 969 507 978 522; x_wconf 87' lang='lat'>,</span> <span class='ocrx_word' id='word_1_72' title='bbox 996 478 1149 528; x_wconf 83' lang='lat' dir='ltr'>globulus</span> <span class='ocrx_word' id='word_1_73' title='bbox 1163 490 1271 513; x_wconf 88' lang='lat' dir='ltr'>cereus</span> <span class='ocrx_word' id='word_1_74' title='bbox 1286 477 1371 515; x_wconf 85' lang='lat' dir='ltr'>sum-</span> 
     </span>
     <span class='ocr_line' id='line_1_9' title="bbox 400 527 1372 576; baseline 0.003 -15"><span class='ocrx_word' id='word_1_75' title='bbox 400 540 460 561; x_wconf 81' lang='lat' dir='ltr'>mae</span> <span class='ocrx_word' id='word_1_76' title='bbox 470 539 557 574; x_wconf 83' lang='lat' dir='ltr'>aquae</span> <span class='ocrx_word' id='word_1_77' title='bbox 566 529 717 563; x_wconf 81' lang='lat' dir='ltr'>innatans</span> <span class='ocrx_word' id='word_1_78' title='bbox 728 527 885 576; x_wconf 79' lang='lat' dir='ltr'>paulatim</span> <span class='ocrx_word' id='word_1_79' title='bbox 899 527 1088 564; x_wconf 86' lang='lat' dir='ltr'><strong>descendet.</strong></span> <span class='ocrx_word' id='word_1_80' title='bbox 1114 530 1159 564; x_wconf 88' lang='lat' dir='ltr'>At</span> <span class='ocrx_word' id='word_1_81' title='bbox 1171 527 1191 562; x_wconf 83' lang='lat' dir='ltr'>fi</span> <span class='ocrx_word' id='word_1_82' title='bbox 1201 540 1321 575; x_wconf 80' lang='lat' dir='ltr'>aquam</span> <span class='ocrx_word' id='word_1_83' title='bbox 1331 528 1372 564; x_wconf 85' lang='lat' dir='ltr'>fic</span> 
     </span>
     <span class='ocr_line' id='line_1_10' title="bbox 399 576 1372 626; baseline 0 -16"><span class='ocrx_word' id='word_1_84' title='bbox 399 576 545 612; x_wconf 76' lang='lat' dir='ltr'>affundas</span> <span class='ocrx_word' id='word_1_85' title='bbox 561 588 618 624; x_wconf 81' lang='lat' dir='ltr'>‚ut</span> <span class='ocrx_word' id='word_1_86' title='bbox 627 576 706 612; x_wconf 80' lang='lat' dir='ltr'>vasis</span> <span class='ocrx_word' id='word_1_87' title='bbox 719 576 820 612; x_wconf 81' lang='lat' dir='ltr'>latera</span> <span class='ocrx_word' id='word_1_88' title='bbox 831 580 989 626; x_wconf 83' lang='lat' dir='ltr'>percutiat</span> <span class='ocrx_word' id='word_1_89' title='bbox 1000 606 1010 620; x_wconf 88' lang='lat'><strong>,</strong></span> <span class='ocrx_word' id='word_1_90' title='bbox 1026 589 1096 613; x_wconf 88' lang='lat' dir='ltr'>tum</span> <span class='ocrx_word' id='word_1_91' title='bbox 1114 590 1151 613; x_wconf 84' lang='lat' dir='ltr'>ea</span> <span class='ocrx_word' id='word_1_92' title='bbox 1163 589 1293 613; x_wconf 86' lang='lat' dir='ltr'>motum</span> <span class='ocrx_word' id='word_1_93' title='bbox 1308 577 1372 626; x_wconf 84' lang='lat' dir='ltr'>spi-</span> 
     </span>
     <span class='ocr_line' id='line_1_11' title="bbox 400 626 1373 676; baseline 0.001 -17"><span class='ocrx_word' id='word_1_94' title='bbox 400 626 502 661; x_wconf 77' lang='lat' dir='ltr'>talem</span> <span class='ocrx_word' id='word_1_95' title='bbox 523 626 763 662; x_wconf 78' lang='lat' dir='ltr'>instar&#39;vorticis</span> <span class='ocrx_word' id='word_1_96' title='bbox 780 628 945 676; x_wconf 77' lang='lat' dir='ltr'>concipiet</span> <span class='ocrx_word' id='word_1_97' title='bbox 965 642 973 664; x_wconf 83' lang='lat' dir='ltr'>z</span> <span class='ocrx_word' id='word_1_98' title='bbox 989 627 1074 662; x_wconf 90' lang='lat' dir='ltr'>adeo</span> <span class='ocrx_word' id='word_1_99' title='bbox 1087 639 1122 663; x_wconf 84' lang='lat' dir='ltr'>ut</span> <span class='ocrx_word' id='word_1_100' title='bbox 1140 637 1275 663; x_wconf 87' lang='lat' dir='ltr'>remoto</span> <span class='ocrx_word' id='word_1_101' title='bbox 1289 628 1373 676; x_wconf 76' lang='lat' dir='ltr'>digi-</span> 
     </span>
     <span class='ocr_line' id='line_1_12' title="bbox 402 673 1374 726; baseline 0.005 -17"><span class='ocrx_word' id='word_1_102' title='bbox 402 687 437 709; x_wconf 85' lang='lat' dir='ltr'>to</span> <span class='ocrx_word' id='word_1_103' title='bbox 449 705 459 720; x_wconf 82' lang='lat'>‚</span> <span class='ocrx_word' id='word_1_104' title='bbox 487 687 557 724; x_wconf 81' lang='lat' dir='ltr'>quae</span> <span class='ocrx_word' id='word_1_105' title='bbox 570 673 725 711; x_wconf 79' lang='lat' dir='ltr'>foramini</span> <span class='ocrx_word' id='word_1_106' title='bbox 741 678 894 725; x_wconf 83' lang='lat' dir='ltr'>proxima</span> <span class='ocrx_word' id='word_1_107' title='bbox 920 677 968 712; x_wconf 90' lang='lat' dir='ltr'>est</span> <span class='ocrx_word' id='word_1_108' title='bbox 985 689 1070 724; x_wconf 82' lang='lat' dir='ltr'>aqua</span> <span class='ocrx_word' id='word_1_109' title='bbox 1083 689 1185 726; x_wconf 85' lang='lat' dir='ltr'>prope</span> <span class='ocrx_word' id='word_1_110' title='bbox 1198 677 1228 712; x_wconf 92' lang='lat' dir='ltr'>C</span> <span class='ocrx_word' id='word_1_111' title='bbox 1242 704 1252 719; x_wconf 90' lang='lat'><em>‚</em></span> <span class='ocrx_word' id='word_1_112' title='bbox 1272 682 1305 714; x_wconf 90' lang='lat'>&amp;</span> <span class='ocrx_word' id='word_1_113' title='bbox 1319 680 1374 722; x_wconf 88' lang='lat' dir='ltr'>D,</span> 
     </span>
     <span class='ocr_line' id='line_1_13' title="bbox 401 723 1375 775; baseline 0.002 -15"><span class='ocrx_word' id='word_1_114' title='bbox 401 724 446 760; x_wconf 91' lang='lat' dir='ltr'>ob</span> <span class='ocrx_word' id='word_1_115' title='bbox 458 723 655 773; x_wconf 76' lang='lat' dir='ltr'>conceptum</span> <span class='ocrx_word' id='word_1_116' title='bbox 669 725 764 760; x_wconf 80' lang='lat' dir='ltr'>instar</span> <span class='ocrx_word' id='word_1_117' title='bbox 782 727 916 761; x_wconf 84' lang='lat' dir='ltr'>vorticis</span> <span class='ocrx_word' id='word_1_118' title='bbox 929 728 1089 775; x_wconf 86' lang='lat' dir='ltr'>impetum</span> <span class='ocrx_word' id='word_1_119' title='bbox 1103 727 1227 771; x_wconf 84' lang='lat' dir='ltr'>,statim</span> <span class='ocrx_word' id='word_1_120' title='bbox 1243 725 1375 763; x_wconf 80' lang='lat' dir='ltr'>effluere</span> 
     </span>
     <span class='ocr_line' id='line_1_14' title="bbox 402 772 1374 825; baseline 0 -16"><span class='ocrx_word' id='word_1_121' title='bbox 402 787 467 809; x_wconf 86' lang='lat' dir='ltr'>non</span> <span class='ocrx_word' id='word_1_122' title='bbox 485 772 604 823; x_wconf 75' lang='lat' dir='ltr'>poffit3</span> <span class='ocrx_word' id='word_1_123' title='bbox 626 772 733 823; x_wconf 82' lang='lat' dir='ltr'>sicque</span> <span class='ocrx_word' id='word_1_124' title='bbox 751 775 840 823; x_wconf 86' lang='lat' dir='ltr'>quod</span> <span class='ocrx_word' id='word_1_125' title='bbox 852 776 1072 824; x_wconf 26' lang='lat' dir='ltr'>jucundorerit</span> <span class='ocrx_word' id='word_1_126' title='bbox 1082 775 1268 825; x_wconf 63' lang='lat' dir='ltr'>spectaculo</span> <span class='ocrx_word' id='word_1_127' title='bbox 1286 803 1297 819; x_wconf 84' lang='lat'>,</span> <span class='ocrx_word' id='word_1_128' title='bbox 1314 788 1374 810; x_wconf 77' lang='lat' dir='ltr'>co-</span> 
     </span>
     <span class='ocr_line' id='line_1_15' title="bbox 402 822 1375 873; baseline 0.001 -14"><span class='ocrx_word' id='word_1_129' title='bbox 402 823 516 859; x_wconf 78' lang='lat' dir='ltr'>lumna</span> <span class='ocrx_word' id='word_1_130' title='bbox 526 826 610 858; x_wconf 86' lang='lat' dir='ltr'>aeris</span> <span class='ocrx_word' id='word_1_131' title='bbox 626 826 651 859; x_wconf 88' lang='lat' dir='ltr'><strong>E</strong></span> <span class='ocrx_word' id='word_1_132' title='bbox 663 826 686 859; x_wconf 77' lang='lat' dir='ltr'>F</span> <span class='ocrx_word' id='word_1_133' title='bbox 704 822 898 860; x_wconf 83' lang='lat' dir='ltr'>incumbens</span> <span class='ocrx_word' id='word_1_134' title='bbox 920 823 1094 873; x_wconf 84' lang='lat' dir='ltr'>globulum</span> <span class='ocrx_word' id='word_1_135' title='bbox 1115 838 1202 873; x_wconf 86' lang='lat' dir='ltr'>aqua</span> <span class='ocrx_word' id='word_1_136' title='bbox 1216 824 1375 863; x_wconf 80' lang='lat' dir='ltr'>leviorem</span> 
     </span>
     <span class='ocr_line' id='line_1_16' title="bbox 402 867 1373 923; baseline 0.002 -15"><span class='ocrx_word' id='word_1_137' title='bbox 402 885 522 922; x_wconf 78' lang='lat' dir='ltr'>magna</span> <span class='ocrx_word' id='word_1_138' title='bbox 543 867 713 909; x_wconf 83' lang='lat' dir='ltr'>celeritate</span> <span class='ocrx_word' id='word_1_139' title='bbox 735 886 793 923; x_wconf 86' lang='lat' dir='ltr'>per</span> <span class='ocrx_word' id='word_1_140' title='bbox 818 872 1001 923; x_wconf 64' lang='lat' dir='ltr'>subjeetum</span> <span class='ocrx_word' id='word_1_141' title='bbox 1032 873 1183 910; x_wconf 74' lang='lat' dir='ltr'>foramen</span> <span class='ocrx_word' id='word_1_142' title='bbox 1202 873 1373 923; x_wconf 82' lang='lat' dir='ltr'>impellet:</span> 
     </span>
     <span class='ocr_line' id='line_1_17' title="bbox 402 921 1374 972; baseline 0.003 -14"><span class='ocrx_word' id='word_1_143' title='bbox 402 923 491 970; x_wconf 83' lang='lat' dir='ltr'>quod</span> <span class='ocrx_word' id='word_1_144' title='bbox 501 925 614 971; x_wconf 86' lang='lat' dir='ltr'>utique</span> <span class='ocrx_word' id='word_1_145' title='bbox 625 925 746 972; x_wconf 85' lang='lat' dir='ltr'>primus</span> <span class='ocrx_word' id='word_1_146' title='bbox 758 921 948 961; x_wconf 73' lang='lat' dir='ltr'>observavit</span> <span class='ocrx_word' id='word_1_147' title='bbox 966 926 1000 959; x_wconf 87' lang='lat' dir='ltr'>in</span> <span class='ocrx_word' id='word_1_148' title='bbox 1018 925 1198 958; x_wconf 79' lang='lat' dir='ltr'>Academia</span> <span class='ocrx_word' id='word_1_149' title='bbox 1215 925 1322 972; x_wconf 78' lang='lat' dir='ltr'>Regia</span> <span class='ocrx_word' id='word_1_150' title='bbox 1333 927 1374 961; x_wconf 89' lang='lat' dir='ltr'>D.</span> 
     </span>
     <span class='ocr_line' id='line_1_18' title="bbox 402 971 1372 1019; baseline -0.002 -11"><span class='ocrx_word' id='word_1_151' title='bbox 402 974 581 1009; x_wconf 69' lang='lat' dir='ltr'>Marione.</span> <span class='ocrx_word' id='word_1_152' title='bbox 599 973 768 1008; x_wconf 86' lang='lat' dir='ltr'>Interdum</span> <span class='ocrx_word' id='word_1_153' title='bbox 787 971 949 1016; x_wconf 66' lang='lat' dir='ltr'>columnae</span> <span class='ocrx_word' id='word_1_154' title='bbox 962 975 1045 1008; x_wconf 80' lang='lat' dir='ltr'>aeris</span> <span class='ocrx_word' id='word_1_155' title='bbox 1063 975 1097 1008; x_wconf 84' lang='lat' dir='ltr'>vi</span> <span class='ocrx_word' id='word_1_156' title='bbox 1111 972 1198 1009; x_wconf 78' lang='lat' dir='ltr'>levia</span> <span class='ocrx_word' id='word_1_157' title='bbox 1218 984 1372 1019; x_wconf 80' lang='lat' dir='ltr'>corpora,</span> 
     </span>
     <span class='ocr_line' id='line_1_19' title="bbox 402 1020 1376 1072; baseline 0 -16"><span class='ocrx_word' id='word_1_158' title='bbox 402 1033 438 1056; x_wconf 87' lang='lat' dir='ltr'>ut</span> <span class='ocrx_word' id='word_1_159' title='bbox 449 1020 576 1070; x_wconf 82' lang='lat' dir='ltr'>globuli</span> <span class='ocrx_word' id='word_1_160' title='bbox 591 1025 678 1056; x_wconf 84' lang='lat' dir='ltr'>cerei</span> <span class='ocrx_word' id='word_1_161' title='bbox 693 1022 733 1057; x_wconf 77' lang='lat' dir='ltr'>ad</span> <span class='ocrx_word' id='word_1_162' title='bbox 748 1021 849 1067; x_wconf 82' lang='lat' dir='ltr'>latera</span> <span class='ocrx_word' id='word_1_163' title='bbox 868 1022 1093 1072; x_wconf 86' lang='lat' dir='ltr'>propelluntur</span> <span class='ocrx_word' id='word_1_164' title='bbox 1105 1052 1115 1067; x_wconf 86' lang='lat'>,</span> <span class='ocrx_word' id='word_1_165' title='bbox 1136 1034 1172 1058; x_wconf 90' lang='lat' dir='ltr'>ut</span> <span class='ocrx_word' id='word_1_166' title='bbox 1197 1021 1308 1057; x_wconf 85' lang='lat' dir='ltr'>versus</span> <span class='ocrx_word' id='word_1_167' title='bbox 1329 1023 1352 1056; x_wconf 87' lang='lat' dir='ltr'><strong>S</strong></span> <span class='ocrx_word' id='word_1_168' title='bbox 1365 1051 1376 1066; x_wconf 87' lang='lat'><strong>,</strong></span> 
     </span>
     <span class='ocr_line' id='line_1_20' title="bbox 403 1070 1375 1121; baseline -0.003 -14"><span class='ocrx_word' id='word_1_169' title='bbox 403 1076 438 1107; x_wconf 71' lang='grc' dir='ltr'>ὃ(</span> <span class='ocrx_word' id='word_1_170' title='bbox 448 1073 481 1105; x_wconf 88' lang='lat' dir='ltr'>vi</span> <span class='ocrx_word' id='word_1_171' title='bbox 490 1072 570 1105; x_wconf 84' lang='lat' dir='ltr'>aeris</span> <span class='ocrx_word' id='word_1_172' title='bbox 580 1070 710 1106; x_wconf 80' lang='lat' dir='ltr'>clastica</span> <span class='ocrx_word' id='word_1_173' title='bbox 719 1071 797 1120; x_wconf 63' lang='lat' dir='ltr'>ssepe</span> <span class='ocrx_word' id='word_1_174' title='bbox 816 1071 1028 1121; x_wconf 85' lang='lat' dir='ltr'>repelluntur.</span> <span class='ocrx_word' id='word_1_175' title='bbox 1041 1073 1142 1121; x_wconf 81' lang='lat' dir='ltr'>Aquae</span> <span class='ocrx_word' id='word_1_176' title='bbox 1151 1072 1292 1106; x_wconf 80' lang='lat' dir='ltr'>vortices</span> <span class='ocrx_word' id='word_1_177' title='bbox 1302 1070 1375 1119; x_wconf 86' lang='lat' dir='ltr'>ple-</span> 
     </span>
     <span class='ocr_line' id='line_1_21' title="bbox 401 1119 1376 1169; baseline 0.001 -15"><span class='ocrx_word' id='word_1_178' title='bbox 401 1132 538 1167; x_wconf 86' lang='lat' dir='ltr'>rumque</span> <span class='ocrx_word' id='word_1_179' title='bbox 552 1120 608 1154; x_wconf 87' lang='lat' dir='ltr'>has</span> <span class='ocrx_word' id='word_1_180' title='bbox 625 1132 778 1155; x_wconf 87' lang='lat' dir='ltr'>motuum</span> <span class='ocrx_word' id='word_1_181' title='bbox 802 1119 889 1169; x_wconf 84' lang='lat' dir='ltr'>leges</span> <span class='ocrx_word' id='word_1_182' title='bbox 915 1120 1100 1169; x_wconf 86' lang='lat' dir='ltr'>sequuntur.</span> <span class='ocrx_word' id='word_1_183' title='bbox 1122 1124 1211 1157; x_wconf 85' lang='lat' dir='ltr'>Hinc</span> <span class='ocrx_word' id='word_1_184' title='bbox 1231 1119 1268 1154; x_wconf 84' lang='lat' dir='ltr'>fit</span> <span class='ocrx_word' id='word_1_185' title='bbox 1286 1131 1321 1155; x_wconf 89' lang='lat' dir='ltr'>ut</span> <span class='ocrx_word' id='word_1_186' title='bbox 1341 1121 1376 1155; x_wconf 84' lang='lat' dir='ltr'>in</span> 
     </span>
     <span class='ocr_line' id='line_1_22' title="bbox 403 1169 1380 1219; baseline 0 -16"><span class='ocrx_word' id='word_1_187' title='bbox 403 1172 484 1204; x_wconf 78' lang='lat' dir='ltr'>mari</span> <span class='ocrx_word' id='word_1_188' title='bbox 505 1181 605 1204; x_wconf 83' lang='lat' dir='ltr'>naves</span> <span class='ocrx_word' id='word_1_189' title='bbox 631 1169 809 1216; x_wconf 82' lang='lat' dir='ltr'>aliquando</span> <span class='ocrx_word' id='word_1_190' title='bbox 828 1169 1028 1219; x_wconf 84' lang='lat' dir='ltr'>repellantur</span> <span class='ocrx_word' id='word_1_191' title='bbox 1049 1170 1092 1204; x_wconf 84' lang='lat' dir='ltr'>ab</span> <span class='ocrx_word' id='word_1_192' title='bbox 1104 1170 1216 1218; x_wconf 82' lang='lat' dir='ltr'>aliquo</span> <span class='ocrx_word' id='word_1_193' title='bbox 1229 1170 1356 1204; x_wconf 81' lang='lat' dir='ltr'>vortice</span> <span class='ocrx_word' id='word_1_194' title='bbox 1369 1199 1380 1214; x_wconf 93' lang='lat'>‚</span> 
     </span>
     <span class='ocr_line' id='line_1_23' title="bbox 401 1216 1368 1268; baseline 0.001 -16"><span class='ocrx_word' id='word_1_195' title='bbox 401 1218 564 1254; x_wconf 87' lang='lat' dir='ltr'>interdum</span> <span class='ocrx_word' id='word_1_196' title='bbox 577 1216 810 1265; x_wconf 66' lang='lat' dir='ltr'>absorbeantur</span> <span class='ocrx_word' id='word_1_197' title='bbox 820 1247 830 1264; x_wconf 87' lang='lat'>,</span> <span class='ocrx_word' id='word_1_198' title='bbox 847 1231 883 1254; x_wconf 91' lang='lat' dir='ltr'>ut</span> <span class='ocrx_word' id='word_1_199' title='bbox 895 1221 928 1256; x_wconf 88' lang='lat' dir='ltr'>in</span> <span class='ocrx_word' id='word_1_200' title='bbox 940 1221 1023 1256; x_wconf 85' lang='lat' dir='ltr'>mari</span> <span class='ocrx_word' id='word_1_201' title='bbox 1037 1218 1159 1268; x_wconf 83' lang='lat' dir='ltr'>Caspio</span> <span class='ocrx_word' id='word_1_202' title='bbox 1169 1218 1368 1267; x_wconf 85' lang='lat' dir='ltr'>quandoque</span> 
     </span>
     <span class='ocr_line' id='line_1_24' title="bbox 401 1277 521 1301; baseline -0.017 0"><span class='ocrx_word' id='word_1_203' title='bbox 401 1277 521 1301; x_wconf 77' lang='lat' dir='ltr'>evenit.</span> 
     </span>
    </p>

    <p class='ocr_par' dir='ltr' id='par_1_4' title="bbox 401 1314 1792 1612">
     <span class='ocr_line' id='line_1_25' title="bbox 437 1314 1792 1365; baseline 0.001 -15"><span class='ocrx_word' id='word_1_204' title='bbox 437 1316 504 1350; x_wconf 86' lang='lat' dir='ltr'>Sed</span> <span class='ocrx_word' id='word_1_205' title='bbox 515 1314 572 1350; x_wconf 88' lang='lat' dir='ltr'>ubi</span> <span class='ocrx_word' id='word_1_206' title='bbox 584 1328 669 1364; x_wconf 81' lang='lat' dir='ltr'>aqua</span> <span class='ocrx_word' id='word_1_207' title='bbox 683 1328 740 1350; x_wconf 81' lang='lat' dir='ltr'>vas</span> <span class='ocrx_word' id='word_1_208' title='bbox 752 1315 885 1364; x_wconf 86' lang='lat' dir='ltr'>implet,</span> <span class='ocrx_word' id='word_1_209' title='bbox 903 1321 938 1354; x_wconf 88' lang='lat'>&amp;</span> <span class='ocrx_word' id='word_1_210' title='bbox 956 1314 1006 1351; x_wconf 86' lang='lat' dir='ltr'>sua</span> <span class='ocrx_word' id='word_1_211' title='bbox 1033 1315 1147 1365; x_wconf 86' lang='lat' dir='ltr'>sponte</span> <span class='ocrx_word' id='word_1_212' title='bbox 1169 1328 1224 1364; x_wconf 88' lang='lat' dir='ltr'>per</span> <span class='ocrx_word' id='word_1_213' title='bbox 1243 1316 1394 1353; x_wconf 84' lang='lat' dir='ltr'>foramen</span> <span class='ocrx_word' id='word_1_214' title='bbox 1411 1318 1433 1352; x_wconf 86' lang='lat' dir='ltr'>F</span> <span class='ocrx_word' id='word_1_215' title='bbox 1446 1316 1626 1360; x_wconf 78' lang='lat' dir='ltr'>delabitur,</span> <span class='ocrx_word' id='word_1_216' title='bbox 1653 1328 1721 1353; x_wconf 83' lang='lat' dir='ltr'>turn</span> <span class='ocrx_word' id='word_1_217' title='bbox 1739 1317 1792 1354; x_wconf 62' lang='lat' dir='ltr'>co?</span> 
     </span>
     <span class='ocr_line' id='line_1_26' title="bbox 401 1364 1790 1414; baseline 0 -14"><span class='ocrx_word' id='word_1_218' title='bbox 401 1364 514 1400; x_wconf 82' lang='lat' dir='ltr'>lumna</span> <span class='ocrx_word' id='word_1_219' title='bbox 525 1368 549 1400; x_wconf 86' lang='lat' dir='ltr'>E</span> <span class='ocrx_word' id='word_1_220' title='bbox 559 1367 580 1400; x_wconf 85' lang='lat' dir='ltr'><strong>F</strong></span> <span class='ocrx_word' id='word_1_221' title='bbox 592 1378 658 1401; x_wconf 89' lang='lat' dir='ltr'>non</span> <span class='ocrx_word' id='word_1_222' title='bbox 667 1367 755 1413; x_wconf 87' lang='lat' dir='ltr'>prior</span> <span class='ocrx_word' id='word_1_223' title='bbox 767 1365 896 1401; x_wconf 87' lang='lat' dir='ltr'>decidet</span> <span class='ocrx_word' id='word_1_224' title='bbox 908 1395 919 1410; x_wconf 86' lang='lat'>,</span> <span class='ocrx_word' id='word_1_225' title='bbox 947 1365 999 1400; x_wconf 85' lang='lat' dir='ltr'>sed</span> <span class='ocrx_word' id='word_1_226' title='bbox 1011 1378 1083 1414; x_wconf 88' lang='lat' dir='ltr'>quae</span> <span class='ocrx_word' id='word_1_227' title='bbox 1091 1366 1258 1414; x_wconf 82' lang='lat' dir='ltr'>aequaliter</span> <span class='ocrx_word' id='word_1_228' title='bbox 1275 1366 1296 1402; x_wconf 70' lang='grc' dir='ltr'>ὲ</span> <span class='ocrx_word' id='word_1_229' title='bbox 1313 1366 1474 1402; x_wconf 86' lang='lat' dir='ltr'>foramine</span> <span class='ocrx_word' id='word_1_230' title='bbox 1491 1369 1512 1402; x_wconf 89' lang='lat' dir='ltr'>F</span> <span class='ocrx_word' id='word_1_231' title='bbox 1523 1367 1636 1410; x_wconf 81' lang='lat' dir='ltr'>distat,</span> <span class='ocrx_word' id='word_1_232' title='bbox 1649 1379 1719 1414; x_wconf 86' lang='lat' dir='ltr'>quae</span> <span class='ocrx_word' id='word_1_233' title='bbox 1730 1367 1790 1402; x_wconf 78' lang='lat' dir='ltr'>sci.</span> 
     </span>
     <span class='ocr_line' id='line_1_27' title="bbox 403 1413 1790 1465; baseline 0.002 -15"><span class='ocrx_word' id='word_1_234' title='bbox 403 1413 480 1450; x_wconf 85' lang='lat' dir='ltr'>licet</span> <span class='ocrx_word' id='word_1_235' title='bbox 490 1414 579 1450; x_wconf 87' lang='lat' dir='ltr'>estin</span> <span class='ocrx_word' id='word_1_236' title='bbox 594 1415 624 1450; x_wconf 93' lang='lat' dir='ltr'>C</span> <span class='ocrx_word' id='word_1_237' title='bbox 638 1416 668 1448; x_wconf 87' lang='lat' dir='ltr'>G</span> <span class='ocrx_word' id='word_1_238' title='bbox 681 1416 715 1450; x_wconf 86' lang='lat' dir='ltr'>H</span> <span class='ocrx_word' id='word_1_239' title='bbox 730 1417 772 1451; x_wconf 91' lang='lat' dir='ltr'>D.</span> <span class='ocrx_word' id='word_1_240' title='bbox 789 1415 895 1450; x_wconf 86' lang='lat' dir='ltr'>Simili</span> <span class='ocrx_word' id='word_1_241' title='bbox 908 1413 1065 1450; x_wconf 81' lang='lat' dir='ltr'>rationesi</span> <span class='ocrx_word' id='word_1_242' title='bbox 1077 1414 1135 1451; x_wconf 83' lang='lat' dir='ltr'>fiat</span> <span class='ocrx_word' id='word_1_243' title='bbox 1145 1415 1294 1451; x_wconf 82' lang='lat' dir='ltr'>foramen</span> <span class='ocrx_word' id='word_1_244' title='bbox 1308 1418 1341 1451; x_wconf 89' lang='lat' dir='ltr'>in</span> <span class='ocrx_word' id='word_1_245' title='bbox 1358 1419 1392 1458; x_wconf 92' lang='lat'>1,</span> <span class='ocrx_word' id='word_1_246' title='bbox 1408 1421 1441 1453; x_wconf 89' lang='lat'>&amp;</span> <span class='ocrx_word' id='word_1_247' title='bbox 1459 1428 1515 1451; x_wconf 81' lang='lat' dir='ltr'>vas</span> <span class='ocrx_word' id='word_1_248' title='bbox 1523 1417 1607 1464; x_wconf 62' lang='lat' dir='ltr'>aqui</span> <span class='ocrx_word' id='word_1_249' title='bbox 1617 1416 1790 1465; x_wconf 79' lang='lat' dir='ltr'>repleatur,</span> 
     </span>
     <span class='ocr_line' id='line_1_28' title="bbox 401 1463 1790 1513; baseline 0.001 -15"><span class='ocrx_word' id='word_1_250' title='bbox 401 1475 438 1499; x_wconf 90' lang='lat' dir='ltr'>ut</span> <span class='ocrx_word' id='word_1_251' title='bbox 448 1467 532 1512; x_wconf 85' lang='lat' dir='ltr'>prius</span> <span class='ocrx_word' id='word_1_252' title='bbox 544 1492 554 1507; x_wconf 82' lang='lat'><strong>,</strong></span> <span class='ocrx_word' id='word_1_253' title='bbox 567 1463 665 1512; x_wconf 86' lang='lat' dir='ltr'>usque</span> <span class='ocrx_word' id='word_1_254' title='bbox 683 1464 722 1499; x_wconf 86' lang='lat' dir='ltr'>ad</span> <span class='ocrx_word' id='word_1_255' title='bbox 739 1463 943 1513; x_wconf 88' lang='lat' dir='ltr'>superficiem</span> <span class='ocrx_word' id='word_1_256' title='bbox 967 1465 994 1499; x_wconf 89' lang='lat' dir='ltr'><strong>L</strong></span> <span class='ocrx_word' id='word_1_257' title='bbox 1007 1466 1064 1508; x_wconf 92' lang='lat' dir='ltr'>M,</span> <span class='ocrx_word' id='word_1_258' title='bbox 1082 1476 1166 1513; x_wconf 88' lang='lat' dir='ltr'>aqua</span> <span class='ocrx_word' id='word_1_259' title='bbox 1181 1477 1253 1512; x_wconf 85' lang='lat' dir='ltr'>quae</span> <span class='ocrx_word' id='word_1_260' title='bbox 1273 1465 1316 1501; x_wconf 87' lang='lat' dir='ltr'>est</span> <span class='ocrx_word' id='word_1_261' title='bbox 1333 1467 1364 1500; x_wconf 87' lang='lat' dir='ltr'>in</span> <span class='ocrx_word' id='word_1_262' title='bbox 1384 1467 1407 1500; x_wconf 88' lang='lat' dir='ltr'>P</span> <span class='ocrx_word' id='word_1_263' title='bbox 1424 1475 1493 1500; x_wconf 91' lang='lat' dir='ltr'>tum</span> <span class='ocrx_word' id='word_1_264' title='bbox 1508 1464 1666 1509; x_wconf 87' lang='lat' dir='ltr'>ascendit,</span> <span class='ocrx_word' id='word_1_265' title='bbox 1687 1477 1725 1501; x_wconf 92' lang='lat' dir='ltr'>ut</span> <span class='ocrx_word' id='word_1_266' title='bbox 1738 1466 1790 1502; x_wconf 84' lang='lat' dir='ltr'>ef.</span> 
     </span>
     <span class='ocr_line' id='line_1_29' title="bbox 401 1513 1788 1564; baseline 0.001 -15"><span class='ocrx_word' id='word_1_267' title='bbox 401 1513 480 1549; x_wconf 79' lang='lat' dir='ltr'>fluat</span> <span class='ocrx_word' id='word_1_268' title='bbox 490 1526 547 1562; x_wconf 87' lang='lat' dir='ltr'>per</span> <span class='ocrx_word' id='word_1_269' title='bbox 556 1513 706 1561; x_wconf 79' lang='lat' dir='ltr'>foramen</span> <span class='ocrx_word' id='word_1_270' title='bbox 721 1516 753 1557; x_wconf 89' lang='lat'>1,</span> <span class='ocrx_word' id='word_1_271' title='bbox 770 1525 805 1549; x_wconf 86' lang='lat' dir='ltr'>ut</span> <span class='ocrx_word' id='word_1_272' title='bbox 815 1526 856 1549; x_wconf 81' lang='lat' dir='ltr'>ea</span> <span class='ocrx_word' id='word_1_273' title='bbox 864 1523 933 1561; x_wconf 61' lang='lat' dir='ltr'>quie</span> <span class='ocrx_word' id='word_1_274' title='bbox 944 1514 988 1549; x_wconf 92' lang='lat' dir='ltr'>est</span> <span class='ocrx_word' id='word_1_275' title='bbox 1000 1516 1034 1550; x_wconf 87' lang='lat' dir='ltr'>in</span> <span class='ocrx_word' id='word_1_276' title='bbox 1046 1516 1081 1550; x_wconf 91' lang='lat' dir='ltr'>O</span> <span class='ocrx_word' id='word_1_277' title='bbox 1091 1542 1102 1558; x_wconf 91' lang='lat'>,</span> <span class='ocrx_word' id='word_1_278' title='bbox 1121 1513 1175 1549; x_wconf 89' lang='lat' dir='ltr'>vel</span> <span class='ocrx_word' id='word_1_279' title='bbox 1188 1516 1222 1550; x_wconf 91' lang='lat' dir='ltr'>in</span> <span class='ocrx_word' id='word_1_280' title='bbox 1234 1517 1287 1559; x_wconf 92' lang='lat' dir='ltr'>N,</span> <span class='ocrx_word' id='word_1_281' title='bbox 1304 1513 1392 1563; x_wconf 89' lang='lat' dir='ltr'>quod</span> <span class='ocrx_word' id='word_1_282' title='bbox 1405 1513 1447 1549; x_wconf 85' lang='lat' dir='ltr'>ab</span> <span class='ocrx_word' id='word_1_283' title='bbox 1458 1513 1672 1551; x_wconf 86' lang='lat' dir='ltr'>incumbente</span> <span class='ocrx_word' id='word_1_284' title='bbox 1685 1517 1788 1564; x_wconf 79' lang='lat' dir='ltr'>magis</span> 
     </span>
     <span class='ocr_line' id='line_1_30' title="bbox 401 1564 966 1612; baseline 0.005 -15"><span class='ocrx_word' id='word_1_285' title='bbox 401 1574 567 1612; x_wconf 79' lang='lat' dir='ltr'>prematur</span> <span class='ocrx_word' id='word_1_286' title='bbox 591 1575 675 1610; x_wconf 81' lang='lat' dir='ltr'>aqua</span> <span class='ocrx_word' id='word_1_287' title='bbox 686 1564 720 1597; x_wconf 90' lang='lat' dir='ltr'>in</span> <span class='ocrx_word' id='word_1_288' title='bbox 734 1565 758 1598; x_wconf 86' lang='lat' dir='ltr'>P</span> <span class='ocrx_word' id='word_1_289' title='bbox 785 1564 966 1601; x_wconf 85' lang='lat' dir='ltr'>constituta.</span> 
     </span>
    </p>

    <p class='ocr_par' dir='ltr' id='par_1_5' title="bbox 401 1611 1789 1900">
     <span class='ocr_line' id='line_1_31' title="bbox 443 1611 1789 1661; baseline 0.001 -13"><span class='ocrx_word' id='word_1_290' title='bbox 443 1615 470 1648; x_wconf 88' lang='lat'>8.</span> <span class='ocrx_word' id='word_1_291' title='bbox 481 1611 638 1660; x_wconf 56' lang='lat' dir='ltr'>Corpus&amp;</span> <span class='ocrx_word' id='word_1_292' title='bbox 649 1611 831 1661; x_wconf 85' lang='lat' dir='ltr'>profluente</span> <span class='ocrx_word' id='word_1_293' title='bbox 839 1624 923 1660; x_wconf 83' lang='lat' dir='ltr'>aqua</span> <span class='ocrx_word' id='word_1_294' title='bbox 934 1614 1037 1661; x_wconf 82' lang='lat' dir='ltr'>magis</span> <span class='ocrx_word' id='word_1_295' title='bbox 1049 1612 1216 1649; x_wconf 87' lang='lat' dir='ltr'>sustinetur</span> <span class='ocrx_word' id='word_1_296' title='bbox 1230 1642 1240 1657; x_wconf 90' lang='lat'><strong>,</strong></span> <span class='ocrx_word' id='word_1_297' title='bbox 1265 1611 1364 1660; x_wconf 44' lang='lat' dir='ltr'>quim</span> <span class='ocrx_word' id='word_1_298' title='bbox 1374 1613 1395 1649; x_wconf 60' lang='lat' dir='ltr'>{a</span> <span class='ocrx_word' id='word_1_299' title='bbox 1410 1613 1577 1661; x_wconf 77' lang='lat' dir='ltr'>stagnante</span> <span class='ocrx_word' id='word_1_300' title='bbox 1592 1627 1600 1649; x_wconf 75' lang='grc' dir='ltr'>ε</span> <span class='ocrx_word' id='word_1_301' title='bbox 1617 1625 1693 1649; x_wconf 82' lang='lat' dir='ltr'>nam</span> <span class='ocrx_word' id='word_1_302' title='bbox 1700 1626 1789 1661; x_wconf 73' lang='lat' dir='ltr'>aquae</span> 
     </span>
     <span class='ocr_line' id='line_1_32' title="bbox 401 1660 1789 1714; baseline 0.001 -17"><span class='ocrx_word' id='word_1_303' title='bbox 401 1660 538 1698; x_wconf 71' lang='lat' dir='ltr'>celerius</span> <span class='ocrx_word' id='word_1_304' title='bbox 553 1672 650 1696; x_wconf 84' lang='lat' dir='ltr'>motae</span> <span class='ocrx_word' id='word_1_305' title='bbox 663 1663 804 1709; x_wconf 83' lang='lat' dir='ltr'>impetus</span> <span class='ocrx_word' id='word_1_306' title='bbox 817 1664 960 1710; x_wconf 84' lang='lat' dir='ltr'>corporis</span> <span class='ocrx_word' id='word_1_307' title='bbox 971 1665 1168 1711; x_wconf 81' lang='lat' dir='ltr'>gravitatem</span> <span class='ocrx_word' id='word_1_308' title='bbox 1186 1674 1271 1711; x_wconf 88' lang='lat' dir='ltr'>pene</span> <span class='ocrx_word' id='word_1_309' title='bbox 1281 1661 1431 1698; x_wconf 85' lang='lat' dir='ltr'>inutilem</span> <span class='ocrx_word' id='word_1_310' title='bbox 1445 1660 1566 1698; x_wconf 85' lang='lat' dir='ltr'>efficit:</span> <span class='ocrx_word' id='word_1_311' title='bbox 1587 1674 1623 1698; x_wconf 88' lang='lat' dir='ltr'>ut</span> <span class='ocrx_word' id='word_1_312' title='bbox 1635 1665 1667 1698; x_wconf 88' lang='lat' dir='ltr'>in</span> <span class='ocrx_word' id='word_1_313' title='bbox 1682 1668 1789 1714; x_wconf 81' lang='lat' dir='ltr'>proje-</span> 
     </span>
     <span class='ocr_line' id='line_1_33' title="bbox 401 1710 1789 1759; baseline 0.001 -14"><span class='ocrx_word' id='word_1_314' title='bbox 401 1711 463 1745; x_wconf 72' lang='lat' dir='ltr'>etis</span> <span class='ocrx_word' id='word_1_315' title='bbox 478 1712 650 1747; x_wconf 87' lang='lat' dir='ltr'>cernimus.</span> <span class='ocrx_word' id='word_1_316' title='bbox 684 1711 783 1747; x_wconf 88' lang='lat' dir='ltr'>Unde</span> <span class='ocrx_word' id='word_1_317' title='bbox 802 1722 916 1759; x_wconf 82' lang='lat' dir='ltr'>corpus</span> <span class='ocrx_word' id='word_1_318' title='bbox 927 1724 1016 1759; x_wconf 85' lang='lat' dir='ltr'>aquae</span> <span class='ocrx_word' id='word_1_319' title='bbox 1024 1714 1161 1747; x_wconf 88' lang='lat' dir='ltr'>currenti</span> <span class='ocrx_word' id='word_1_320' title='bbox 1172 1710 1298 1747; x_wconf 70' lang='lat' dir='ltr'>facilius</span> <span class='ocrx_word' id='word_1_321' title='bbox 1317 1714 1450 1746; x_wconf 81' lang='lat' dir='ltr'>innatat.</span> <span class='ocrx_word' id='word_1_322' title='bbox 1469 1711 1575 1747; x_wconf 85' lang='lat' dir='ltr'>Plures</span> <span class='ocrx_word' id='word_1_323' title='bbox 1589 1714 1690 1747; x_wconf 86' lang='lat' dir='ltr'>etiam</span> <span class='ocrx_word' id='word_1_324' title='bbox 1698 1724 1789 1759; x_wconf 81' lang='lat' dir='ltr'>aquae</span> 
     </span>
     <span class='ocr_line' id='line_1_34' title="bbox 401 1757 1787 1807; baseline 0.001 -15"><span class='ocrx_word' id='word_1_325' title='bbox 401 1770 510 1807; x_wconf 85' lang='lat' dir='ltr'>partes</span> <span class='ocrx_word' id='word_1_326' title='bbox 533 1757 690 1793; x_wconf 83' lang='lat' dir='ltr'>obsistunt</span> <span class='ocrx_word' id='word_1_327' title='bbox 702 1786 712 1802; x_wconf 87' lang='lat'>,</span> <span class='ocrx_word' id='word_1_328' title='bbox 733 1771 775 1793; x_wconf 90' lang='lat' dir='ltr'>ne</span> <span class='ocrx_word' id='word_1_329' title='bbox 795 1759 816 1794; x_wconf 74' lang='grc' dir='ltr'>ἐι</span> <span class='ocrx_word' id='word_1_330' title='bbox 832 1761 925 1807; x_wconf 85' lang='lat' dir='ltr'>gravi</span> <span class='ocrx_word' id='word_1_331' title='bbox 941 1772 1079 1807; x_wconf 89' lang='lat' dir='ltr'>corpore</span> <span class='ocrx_word' id='word_1_332' title='bbox 1099 1760 1326 1795; x_wconf 84' lang='lat' dir='ltr'>extrudantur:</span> <span class='ocrx_word' id='word_1_333' title='bbox 1345 1772 1417 1793; x_wconf 84' lang='lat' dir='ltr'>cum</span> <span class='ocrx_word' id='word_1_334' title='bbox 1436 1760 1468 1794; x_wconf 90' lang='lat' dir='ltr'>id</span> <span class='ocrx_word' id='word_1_335' title='bbox 1486 1760 1555 1793; x_wconf 83' lang='lat' dir='ltr'>aliis</span> <span class='ocrx_word' id='word_1_336' title='bbox 1575 1788 1584 1803; x_wconf 92' lang='lat'>‚</span> <span class='ocrx_word' id='word_1_337' title='bbox 1602 1772 1700 1806; x_wconf 83' lang='lat' dir='ltr'>arque</span> <span class='ocrx_word' id='word_1_338' title='bbox 1718 1761 1787 1794; x_wconf 65' lang='lat' dir='ltr'>aliis</span> 
     </span>
     <span class='ocr_line' id='line_1_35' title="bbox 402 1806 1788 1856; baseline 0 -14"><span class='ocrx_word' id='word_1_339' title='bbox 402 1807 536 1843; x_wconf 83' lang='lat' dir='ltr'>subinde</span> <span class='ocrx_word' id='word_1_340' title='bbox 549 1806 696 1856; x_wconf 83' lang='lat' dir='ltr'>partibus</span> <span class='ocrx_word' id='word_1_341' title='bbox 710 1819 801 1855; x_wconf 87' lang='lat' dir='ltr'>aquae</span> <span class='ocrx_word' id='word_1_342' title='bbox 816 1806 992 1845; x_wconf 77' lang='lat' dir='ltr'>incumbat.</span> <span class='ocrx_word' id='word_1_343' title='bbox 1010 1809 1122 1856; x_wconf 88' lang='lat' dir='ltr'>Atque</span> <span class='ocrx_word' id='word_1_344' title='bbox 1140 1808 1216 1843; x_wconf 89' lang='lat' dir='ltr'>huic</span> <span class='ocrx_word' id='word_1_345' title='bbox 1228 1807 1316 1843; x_wconf 85' lang='lat' dir='ltr'>velut</span> <span class='ocrx_word' id='word_1_346' title='bbox 1334 1809 1496 1856; x_wconf 87' lang='lat' dir='ltr'>principio</span> <span class='ocrx_word' id='word_1_347' title='bbox 1513 1820 1560 1842; x_wconf 79' lang='lat' dir='ltr'>ars</span> <span class='ocrx_word' id='word_1_348' title='bbox 1581 1811 1718 1844; x_wconf 67' lang='lat' dir='ltr'>natatrix</span> <span class='ocrx_word' id='word_1_349' title='bbox 1735 1811 1788 1846; x_wconf 86' lang='lat' dir='ltr'>in-</span> 
     </span>
     <span class='ocr_line' id='line_1_36' title="bbox 403 1869 1613 1900; baseline -0.002 -9"><span class='ocrx_word' id='word_1_350' title='bbox 403 1869 525 1892; x_wconf 80' lang='lat' dir='ltr'>nititur.</span> <span class='ocrx_word' id='word_1_351' title='bbox 1589 1888 1613 1900; x_wconf 18' lang='lat' dir='ltr'>X-</span> 
     </span>
    </p>

    <p class='ocr_par' dir='ltr' id='par_1_6' title="bbox 403 1903 1787 2346">
     <span class='ocr_line' id='line_1_37' title="bbox 440 1903 1787 1954; baseline 0 -13"><span class='ocrx_word' id='word_1_352' title='bbox 440 1906 578 1941; x_wconf 90' lang='lat' dir='ltr'>Accedit</span> <span class='ocrx_word' id='word_1_353' title='bbox 587 1908 686 1941; x_wconf 79' lang='lat' dir='ltr'>etiam</span> <span class='ocrx_word' id='word_1_354' title='bbox 697 1909 800 1953; x_wconf 75' lang='lat' dir='ltr'>major</span> <span class='ocrx_word' id='word_1_355' title='bbox 811 1906 986 1941; x_wconf 83' lang='lat' dir='ltr'>innatantis</span> <span class='ocrx_word' id='word_1_356' title='bbox 997 1907 1139 1954; x_wconf 85' lang='lat' dir='ltr'>corporis</span> <span class='ocrx_word' id='word_1_357' title='bbox 1150 1903 1299 1940; x_wconf 77' lang='lat' dir='ltr'>extensio.</span> <span class='ocrx_word' id='word_1_358' title='bbox 1312 1906 1400 1940; x_wconf 86' lang='lat' dir='ltr'>Hinc</span> <span class='ocrx_word' id='word_1_359' title='bbox 1411 1903 1511 1953; x_wconf 83' lang='lat' dir='ltr'>supini</span> <span class='ocrx_word' id='word_1_360' title='bbox 1523 1916 1637 1940; x_wconf 69' lang='lat' dir='ltr'>natant</span> <span class='ocrx_word' id='word_1_361' title='bbox 1647 1905 1787 1950; x_wconf 66' lang='lat' dir='ltr'>facilius,</span> 
     </span>
     <span class='ocr_line' id='line_1_38' title="bbox 403 1952 1786 2004; baseline -0.001 -14"><span class='ocrx_word' id='word_1_362' title='bbox 403 1956 492 2003; x_wconf 88' lang='lat' dir='ltr'>quod</span> <span class='ocrx_word' id='word_1_363' title='bbox 502 1954 628 1990; x_wconf 84' lang='lat' dir='ltr'>dorsum</span> <span class='ocrx_word' id='word_1_364' title='bbox 646 1955 741 1989; x_wconf 78' lang='lat' dir='ltr'>latius</span> <span class='ocrx_word' id='word_1_365' title='bbox 752 1956 885 2002; x_wconf 72' lang='lat' dir='ltr'>pe&amp;0re</span> <span class='ocrx_word' id='word_1_366' title='bbox 909 1967 1027 2003; x_wconf 86' lang='lat' dir='ltr'>aquarn</span> <span class='ocrx_word' id='word_1_367' title='bbox 1039 1966 1186 2004; x_wconf 76' lang='lat' dir='ltr'>premat3</span> <span class='ocrx_word' id='word_1_368' title='bbox 1206 1956 1327 2001; x_wconf 85' lang='lat' dir='ltr'>quique</span> <span class='ocrx_word' id='word_1_369' title='bbox 1348 1954 1523 2001; x_wconf 74' lang='lat' dir='ltr'>angustiore</span> <span class='ocrx_word' id='word_1_370' title='bbox 1541 1952 1610 1989; x_wconf 78' lang='lat' dir='ltr'>simt</span> <span class='ocrx_word' id='word_1_371' title='bbox 1634 1956 1786 2003; x_wconf 59' lang='lat' dir='ltr'>peetore,</span> 
     </span>
     <span class='ocr_line' id='line_1_39' title="bbox 404 2002 1609 2052; baseline -0.001 -13"><span class='ocrx_word' id='word_1_372' title='bbox 404 2015 457 2039; x_wconf 82' lang='lat' dir='ltr'>aut</span> <span class='ocrx_word' id='word_1_373' title='bbox 470 2003 614 2052; x_wconf 83' lang='lat' dir='ltr'>spirirum</span> <span class='ocrx_word' id='word_1_374' title='bbox 628 2003 748 2039; x_wconf 65' lang='lat' dir='ltr'>diutius</span> <span class='ocrx_word' id='word_1_375' title='bbox 766 2016 833 2038; x_wconf 88' lang='lat' dir='ltr'>non</span> <span class='ocrx_word' id='word_1_376' title='bbox 845 2006 987 2039; x_wconf 87' lang='lat' dir='ltr'>retinent</span> <span class='ocrx_word' id='word_1_377' title='bbox 999 2033 1008 2047; x_wconf 91' lang='lat'>‚</span> <span class='ocrx_word' id='word_1_378' title='bbox 1029 2007 1135 2039; x_wconf 79' lang='lat' dir='ltr'>minus</span> <span class='ocrx_word' id='word_1_379' title='bbox 1151 2002 1219 2038; x_wconf 84' lang='lat' dir='ltr'>sunt</span> <span class='ocrx_word' id='word_1_380' title='bbox 1234 2004 1272 2037; x_wconf 77' lang='lat' dir='ltr'>ad</span> <span class='ocrx_word' id='word_1_381' title='bbox 1288 2003 1463 2038; x_wconf 79' lang='lat' dir='ltr'>natandum</span> <span class='ocrx_word' id='word_1_382' title='bbox 1482 2004 1609 2038; x_wconf 83' lang='lat' dir='ltr'>idonei.</span> 
     </span>
     <span class='ocr_line' id='line_1_40' title="bbox 405 2052 1786 2100; baseline -0.002 -10"><span class='ocrx_word' id='word_1_383' title='bbox 405 2094 408 2096; x_wconf 58' lang='grc'><strong>,</strong></span> <span class='ocrx_word' id='word_1_384' title='bbox 449 2069 476 2099; x_wconf 84' lang='lat'>9.</span> <span class='ocrx_word' id='word_1_385' title='bbox 491 2055 574 2089; x_wconf 85' lang='lat' dir='ltr'>Artis</span> <span class='ocrx_word' id='word_1_386' title='bbox 587 2055 752 2089; x_wconf 73' lang='lat' dir='ltr'>natatricis</span> <span class='ocrx_word' id='word_1_387' title='bbox 768 2064 806 2087; x_wconf 84' lang='lat' dir='ltr'>ea</span> <span class='ocrx_word' id='word_1_388' title='bbox 818 2065 950 2100; x_wconf 82' lang='lat' dir='ltr'>quoque</span> <span class='ocrx_word' id='word_1_389' title='bbox 967 2055 1050 2087; x_wconf 85' lang='lat' dir='ltr'>ratio</span> <span class='ocrx_word' id='word_1_390' title='bbox 1059 2065 1148 2087; x_wconf 84' lang='lat' dir='ltr'>exeo</span> <span class='ocrx_word' id='word_1_391' title='bbox 1160 2053 1285 2087; x_wconf 83' lang='lat' dir='ltr'>ducitur</span> <span class='ocrx_word' id='word_1_392' title='bbox 1297 2082 1305 2095; x_wconf 95' lang='lat'>‚</span> <span class='ocrx_word' id='word_1_393' title='bbox 1327 2052 1414 2099; x_wconf 87' lang='lat' dir='ltr'>quod</span> <span class='ocrx_word' id='word_1_394' title='bbox 1435 2055 1576 2096; x_wconf 61' lang='lat' dir='ltr'>impet-,rs</span> <span class='ocrx_word' id='word_1_395' title='bbox 1597 2055 1628 2086; x_wconf 84' lang='lat' dir='ltr'>in</span> <span class='ocrx_word' id='word_1_396' title='bbox 1648 2065 1786 2099; x_wconf 82' lang='lat' dir='ltr'>corpore</span> 
     </span>
     <span class='ocr_line' id='line_1_41' title="bbox 403 2100 1786 2151; baseline -0.001 -13"><span class='ocrx_word' id='word_1_397' title='bbox 403 2104 537 2138; x_wconf 59' lang='lat' dir='ltr'>natante</span> <span class='ocrx_word' id='word_1_398' title='bbox 552 2115 736 2151; x_wconf 84' lang='lat' dir='ltr'>procreatus</span> <span class='ocrx_word' id='word_1_399' title='bbox 753 2104 1006 2150; x_wconf 80' lang='lat' dir='ltr'>gravitationem</span> <span class='ocrx_word' id='word_1_400' title='bbox 1020 2102 1118 2150; x_wconf 84' lang='lat' dir='ltr'>ipsam</span> <span class='ocrx_word' id='word_1_401' title='bbox 1134 2102 1263 2149; x_wconf 54' lang='lat' dir='ltr'>frangat</span> <span class='ocrx_word' id='word_1_402' title='bbox 1274 2119 1281 2142; x_wconf 82' lang='lat'>;</span> <span class='ocrx_word' id='word_1_403' title='bbox 1293 2100 1344 2136; x_wconf 84' lang='lat' dir='ltr'>seu</span> <span class='ocrx_word' id='word_1_404' title='bbox 1352 2113 1434 2148; x_wconf 58' lang='lat' dir='ltr'>aqui</span> <span class='ocrx_word' id='word_1_405' title='bbox 1450 2116 1501 2149; x_wconf 61' lang='lat' dir='ltr'>ex&lt;⁴</span> <span class='ocrx_word' id='word_1_406' title='bbox 1510 2104 1617 2135; x_wconf 50' lang='lat' dir='ltr'>dicatis</span> <span class='ocrx_word' id='word_1_407' title='bbox 1628 2103 1659 2135; x_wconf 84' lang='lat' dir='ltr'>in</span> <span class='ocrx_word' id='word_1_408' title='bbox 1670 2101 1786 2137; x_wconf 70' lang='lat' dir='ltr'>orbem</span> 
     </span>
     <span class='ocr_line' id='line_1_42' title="bbox 404 2149 1786 2199; baseline -0.001 -14"><span class='ocrx_word' id='word_1_409' title='bbox 404 2151 543 2190; x_wconf 85' lang='lat' dir='ltr'>brachiis</span> <span class='ocrx_word' id='word_1_410' title='bbox 554 2152 714 2187; x_wconf 78' lang='lat' dir='ltr'>dividatur</span> <span class='ocrx_word' id='word_1_411' title='bbox 727 2164 812 2199; x_wconf 87' lang='lat' dir='ltr'>:quo</span> <span class='ocrx_word' id='word_1_412' title='bbox 824 2150 959 2198; x_wconf 86' lang='lat' dir='ltr'>quidem</span> <span class='ocrx_word' id='word_1_413' title='bbox 971 2151 1070 2186; x_wconf 83' lang='lat' dir='ltr'>modo</span> <span class='ocrx_word' id='word_1_414' title='bbox 1081 2164 1164 2186; x_wconf 77' lang='lat' dir='ltr'>ranae</span> <span class='ocrx_word' id='word_1_415' title='bbox 1174 2152 1325 2186; x_wconf 72' lang='lat' dir='ltr'>videntur</span> <span class='ocrx_word' id='word_1_416' title='bbox 1337 2162 1445 2185; x_wconf 69' lang='lat' dir='ltr'>natare</span> <span class='ocrx_word' id='word_1_417' title='bbox 1461 2179 1466 2191; x_wconf 73' lang='lat'>‚</span> <span class='ocrx_word' id='word_1_418' title='bbox 1480 2151 1531 2185; x_wconf 82' lang='lat' dir='ltr'>seu</span> <span class='ocrx_word' id='word_1_419' title='bbox 1543 2149 1678 2184; x_wconf 71' lang='lat' dir='ltr'>findatur</span> <span class='ocrx_word' id='word_1_420' title='bbox 1689 2163 1786 2197; x_wconf 65' lang='lat' dir='ltr'>aqua,</span> 
     </span>
     <span class='ocr_line' id='line_1_43' title="bbox 405 2198 1785 2248; baseline -0.004 -12"><span class='ocrx_word' id='word_1_421' title='bbox 405 2201 485 2237; x_wconf 82' lang='lat' dir='ltr'>dum</span> <span class='ocrx_word' id='word_1_422' title='bbox 497 2200 628 2237; x_wconf 79' lang='lat' dir='ltr'>brachia</span> <span class='ocrx_word' id='word_1_423' title='bbox 643 2200 771 2236; x_wconf 86' lang='lat' dir='ltr'>alternis</span> <span class='ocrx_word' id='word_1_424' title='bbox 786 2199 910 2234; x_wconf 84' lang='lat' dir='ltr'>vicibus</span> <span class='ocrx_word' id='word_1_425' title='bbox 923 2199 1025 2235; x_wconf 80' lang='lat' dir='ltr'>caefirn</span> <span class='ocrx_word' id='word_1_426' title='bbox 1039 2201 1257 2248; x_wconf 84' lang='lat' dir='ltr'>producuntur</span> <span class='ocrx_word' id='word_1_427' title='bbox 1269 2229 1278 2244; x_wconf 91' lang='lat'>,</span> <span class='ocrx_word' id='word_1_428' title='bbox 1297 2205 1330 2236; x_wconf 66' lang='grc' dir='ltr'>ὃς</span> <span class='ocrx_word' id='word_1_429' title='bbox 1347 2199 1546 2234; x_wconf 65' lang='lat' dir='ltr'>retrahuntur</span> <span class='ocrx_word' id='word_1_430' title='bbox 1559 2215 1569 2242; x_wconf 77' lang='lat'>3</span> <span class='ocrx_word' id='word_1_431' title='bbox 1583 2198 1634 2232; x_wconf 81' lang='lat' dir='ltr'>seu</span> <span class='ocrx_word' id='word_1_432' title='bbox 1649 2210 1785 2246; x_wconf 70' lang='lat' dir='ltr'>utraque</span> 
     </span>
     <span class='ocr_line' id='line_1_44' title="bbox 406 2248 1784 2298; baseline -0.001 -14"><span class='ocrx_word' id='word_1_433' title='bbox 406 2263 521 2293; x_wconf 78' lang='lat' dir='ltr'>manu,</span> <span class='ocrx_word' id='word_1_434' title='bbox 529 2263 643 2286; x_wconf 86' lang='lat' dir='ltr'>canum</span> <span class='ocrx_word' id='word_1_435' title='bbox 655 2251 754 2285; x_wconf 83' lang='lat' dir='ltr'>instar</span> <span class='ocrx_word' id='word_1_436' title='bbox 764 2252 960 2298; x_wconf 77' lang='lat' dir='ltr'>percutiatur</span> <span class='ocrx_word' id='word_1_437' title='bbox 969 2262 1052 2298; x_wconf 72' lang='lat' dir='ltr'>aqua</span> <span class='ocrx_word' id='word_1_438' title='bbox 1063 2267 1072 2294; x_wconf 85' lang='lat'>;</span> <span class='ocrx_word' id='word_1_439' title='bbox 1094 2249 1143 2284; x_wconf 80' lang='lat' dir='ltr'>seu</span> <span class='ocrx_word' id='word_1_440' title='bbox 1153 2250 1296 2297; x_wconf 88' lang='lat' dir='ltr'>denique</span> <span class='ocrx_word' id='word_1_441' title='bbox 1308 2248 1405 2297; x_wconf 82' lang='lat' dir='ltr'>supini</span> <span class='ocrx_word' id='word_1_442' title='bbox 1417 2259 1550 2295; x_wconf 78' lang='lat' dir='ltr'>utraque</span> <span class='ocrx_word' id='word_1_443' title='bbox 1559 2259 1655 2281; x_wconf 75' lang='lat' dir='ltr'>manu</span> <span class='ocrx_word' id='word_1_444' title='bbox 1666 2260 1784 2296; x_wconf 79' lang='lat' dir='ltr'>aquam</span> 
     </span>
     <span class='ocr_line' id='line_1_45' title="bbox 407 2299 1459 2346; baseline 0.003 -13"><span class='ocrx_word' id='word_1_445' title='bbox 407 2311 494 2345; x_wconf 72' lang='lat' dir='ltr'>terro</span> <span class='ocrx_word' id='word_1_446' title='bbox 506 2312 636 2346; x_wconf 67' lang='lat' dir='ltr'>agamus</span> <span class='ocrx_word' id='word_1_447' title='bbox 650 2299 719 2335; x_wconf 88' lang='lat' dir='ltr'>fere</span> <span class='ocrx_word' id='word_1_448' title='bbox 731 2310 861 2335; x_wconf 83' lang='lat' dir='ltr'>anatum</span> <span class='ocrx_word' id='word_1_449' title='bbox 877 2311 977 2334; x_wconf 88' lang='lat' dir='ltr'>more.</span> <span class='ocrx_word' id='word_1_450' title='bbox 1412 2333 1415 2336; x_wconf 76' lang='grc'>,</span> <span class='ocrx_word' id='word_1_451' title='bbox 1455 2331 1459 2335; x_wconf 44' lang='lat'><em>2</em></span> 
     </span>
    </p>

    <p class='ocr_par' dir='ltr' id='par_1_7' title="bbox 438 2343 1785 2399">
     <span class='ocr_line' id='line_1_46' title="bbox 438 2343 1785 2399; baseline -0.002 -17"><span class='ocrx_word' id='word_1_452' title='bbox 438 2362 484 2384; x_wconf 72' lang='grc' dir='ltr'>ιο.</span> <span class='ocrx_word' id='word_1_453' title='bbox 497 2350 622 2399; x_wconf 82' lang='lat' dir='ltr'>Corpus</span> <span class='ocrx_word' id='word_1_454' title='bbox 631 2361 714 2398; x_wconf 79' lang='lat' dir='ltr'>aqua</span> <span class='ocrx_word' id='word_1_455' title='bbox 723 2350 849 2399; x_wconf 80' lang='lat' dir='ltr'>gravius</span> <span class='ocrx_word' id='word_1_456' title='bbox 859 2376 870 2393; x_wconf 90' lang='lat'><em>,</em></span> <span class='ocrx_word' id='word_1_457' title='bbox 884 2360 921 2384; x_wconf 90' lang='lat' dir='ltr'>ut</span> <span class='ocrx_word' id='word_1_458' title='bbox 938 2347 1058 2383; x_wconf 63' lang='lat' dir='ltr'>metalli</span> <span class='ocrx_word' id='word_1_459' title='bbox 1072 2346 1188 2384; x_wconf 73' lang='lat' dir='ltr'>lamina</span> <span class='ocrx_word' id='word_1_460' title='bbox 1198 2359 1287 2395; x_wconf 60' lang='lat' dir='ltr'>aque</span> <span class='ocrx_word' id='word_1_461' title='bbox 1297 2343 1466 2387; x_wconf 57' lang='lat' dir='ltr'>interdum,</span> <span class='ocrx_word' id='word_1_462' title='bbox 1475 2345 1599 2385; x_wconf 68' lang='lat' dir='ltr'>innatat</span> <span class='ocrx_word' id='word_1_463' title='bbox 1610 2373 1622 2388; x_wconf 86' lang='lat'><em>‚</em></span> <span class='ocrx_word' id='word_1_464' title='bbox 1643 2344 1737 2392; x_wconf 73' lang='lat' dir='ltr'>idque</span> <span class='ocrx_word' id='word_1_465' title='bbox 1750 2347 1785 2384; x_wconf 78' lang='lat' dir='ltr'>in</span> 
     </span>
    </p>
   </div>
   <div class='ocr_carea' id='block_1_2' title="bbox 1456 489 1784 1164">
    <p class='ocr_par' dir='ltr' id='par_1_8' title="bbox 1456 489 1784 1164">
     <span class='ocr_line' id='line_1_47' title="bbox 1456 489 1784 1164; baseline 0 1560"><span class='ocrx_word' id='word_1_466' title='bbox 1456 489 1784 1164; x_wconf 95' lang='lat' dir='ltr'> </span> 
     </span>
    </p>
   </div>
   <div class='ocr_carea' id='block_1_3' title="bbox 1857 0 1878 411">
    <p class='ocr_par' dir='ltr' id='par_1_9' title="bbox 1857 0 1878 411">
     <span class='ocr_line' id='line_1_48' title="bbox 1857 0 1878 411; baseline 0 2313"><span class='ocrx_word' id='word_1_467' title='bbox 1857 0 1878 411; x_wconf 95' lang='lat' dir='ltr'> </span> 
     </span>
    </p>
   </div>
  </div>
 </body>
</html>
