1878 2724
453 134 809 174 TRACTATUS
848 132 1072 170 PRIMUS.
1431 143 1462 171 6·

72 190 129 228 hia
145 199 220 237 quae
229 188 293 224 aeti
315 190 510 237 exponitur,
533 185 564 221 se
580 186 698 234 prodit.
727 183 857 232 Qarto
872 212 882 227 ,
898 186 931 219 in
945 185 1140 231 nigricante,
1158 184 1191 218 δε
1209 181 1361 216 interiore
1379 158 1465 218 cong>

75 240 226 277 nondum
237 236 308 273 satis
321 238 366 272 est
386 248 588 272 extenuatus,
609 235 759 271 Tandem
777 233 875 269 instar
892 230 1058 268 nubeculae
1069 260 1079 275 ,
1102 236 1136 268 &
1149 230 1241 267 velut
1255 230 1393 266 flammae
1408 244 1466 280 ap-

75 288 196 337 pendix
209 290 353 322 exterior
371 286 486 322 halitus
501 291 533 322 δε
545 284 621 320 semi
632 283 779 320 accensus
797 281 1000 331 conspicitur.

115 335 189 373 Ubi
205 337 339 371 candela
349 336 436 371 ultro
454 336 672 383 extinguitur,
691 345 760 368 tum
785 336 915 368 flamma
925 331 1041 367 ultima
1060 328 1157 365 altius
1170 329 1200 364 se
1218 329 1339 364 attollit
1362 343 1371 365 ε
1393 342 1467 366 cum

74 387 164 422 enim
181 385 271 420 deest
288 385 406 421 halitus
431 383 673 420 inflammabilis
687 412 696 426 ‚
709 381 857 418 aei-illius
869 382 976 417 locum
988 379 1089 424 subit,
1114 385 1147 416 δε
1166 378 1334 414 Ηιῑηιῃειιῃ
1353 383 1471 428 majori

74 437 110 470 vi
123 433 244 470 sursum
253 435 365 483 pellit*
373 437 423 469 Sic
431 431 811 481 flammagsubsultacstel
830 430 874 478 ob
892 430 1064 466 tremulum
1082 441 1155 463 aera
1167 457 1178 472 ,
1193 428 1247 462 vel
1257 428 1344 475 quod
1365 430 1470 476 pabu-

75 482 145 519 lum
159 482 303 520 flammae
321 483 444 518 alendae
454 496 522 518 non
535 479 738 528 aequabiliter
748 479 940 528 suggeratur.
959 478 1040 525 Qir'i
1061 481 1151 513 enim
1169 477 1238 525 plus
1254 477 1301 511 est
1313 477 1471 517 alimenti.

76 531 140 569 hoc
167 531 300 568 flamma
314 531 410 568 altius
424 531 600 566 attollitur:
621 541 695 563 cum
713 531 815 563 etiam
825 527 940 563 halitus
957 532 1066 575 purior
1084 527 1128 561 est
1142 556 1152 570 ,
1181 525 1274 562 citius
1297 525 1452 575 subigitur

75 582 161 618 unde
181 588 215 620 &
230 582 361 618 flamma
371 582 476 616 minus
495 578 654 614 attollitur
673 607 683 621 ,
711 589 748 612 ut
764 581 828 626 jam
853 577 1009 612 diximus,
1464 581 1473 589 ·

122 633 169 666 Ex
187 629 519 678 circumfusoquoque
529 640 602 663 aere
611 630 696 662 ratio
705 626 879 662 desumitur
894 655 904 670 ,
931 638 986 661 cur
999 626 1064 660 duae
1074 623 1217 660 flammae
1227 626 1260 659 in
1275 636 1372 659 unuin
1383 623 1475 659 velut

77 691 198 718 conum
212 682 387 728 jungantur·
402 693 410 716 :
432 679 547 713 eadem
558 680 647 712 enim
658 677 700 711 est
710 679 794 711 ratio
804 688 859 711 cur
873 676 944 711 duae
961 674 1093 725 guttula:
1111 675 1187 710 dum
1201 672 1262 708 sese
1279 685 1426 721 tangunt,
1443 676 1476 708 in

75 739 178 764 unum
196 738 317 763 coeant
335 739 344 762 z
373 728 470 776 quod‘
492 725 616 763 scilicet
634 726 777 773 undique
798 724 840 760 ab
871 738 946 760 aete
975 723 1165 759 circumfuso
1189 735 1375 772 premantur
1389 752 1398 766 ,
1420 722 1476 758 nisi

76 778 113 813 in
132 775 201 826 ipso
220 779 343 825 punito
366 778 533 812 contaetus
553 791 561 812 :
589 775 676 811 unde
697 786 764 811 non
784 777 901 810 mitum
920 774 966 809 cst
984 773 1003 809 fi
1030 773 1096 809 una
1120 777 1352 822 conjungantur
1375 785 1382 806 :
1402 785 1477 808 cum

78 827 115 862 in
137 838 178 861 eo
198 825 272 862 loco
292 825 381 863 nulla
404 826 441 862 sit
462 825 648 862 resistentia.
676 826 750 860 lino
773 824 850 859 licet
876 825 943 858 duae
969 822 1107 858 fl=mmae
1128 836 1195 858 nou
1217 823 1387 857 videantur
1416 820 1478 857 sese

78 877 271 925 contingere
289 906 300 921 ‚
328 887 437 912 tamen
458 877 588 924 propius
605 875 744 909 admotae
760 886 822 909 una
846 874 885 908 ad
901 873 1039 908 alteram
1058 872 1184 906 accedit
1200 900 1210 914 ,
1232 873 1339 907 minor
1356 871 1397 904 ad
1407 883 1478 906 ma-

76 927 207 974 iorem:
236 925 326 972 quod
352 938 395 960 eae
412 924 553 960 flammae
573 936 631 973 per
649 921 856 958 circumfusos
884 922 1000 958 halitus
1019 933 1135 969 magna
1158 933 1196 956 ex
1215 932 1306 969 patre
1331 920 1478 956 accensos

79 985 195 1009 revera
217 973 248 1009 se
268 985 413 1022 tangant.
448 974 594 1022 Reliqua
617 985 685 1021 quae
703 970 769 1007 fuse
798 978 833 1009 &
852 983 1002 1007 accurate
1027 982 1144 1019 praetet
1168 982 1300 1006 caereros
1324 973 1360 1006 P.
1386 969 1478 1004 Fabri

77 1022 220 1072 explicat
234 1051 249 1066 ,
271 1035 311 1058 ex
329 1025 366 1058 iis
381 1037 451 1072 quae
469 1025 611 1060 diximus
624 1050 635 1065 ,
665 1021 760 1058 facile
778 1021 1011 1070 intelliguntur.
1038 1023 1093 1057 De
1110 1019 1218 1055 calore
1237 1049 1246 1063 ,
1266 1019 1317 1054 seu
1341 1020 1381 1053 de
1405 1022 1479 1068 igne

79 1083 168 1108 caeco
183 1102 191 1115 ,
217 1078 251 1110 &
268 1085 336 1107 non
357 1077 499 1108 micante
513 1102 523 1117 ‚
542 1071 644 1120 qualis
667 1071 714 1106 est
732 1074 766 1106 in
786 1073 876 1118 aquis
894 1071 1006 1119 stygiis
1018 1098 1028 1112 ,
1054 1082 1123 1116 quae
1149 1069 1251 1104 fortes
1269 1070 1334 1103 dici
1358 1067 1479 1111 solent,

80 1121 116 1157 in
131 1121 219 1155 calce
238 1123 337 1163 viva,
353 1125 388 1158 in
397 1122 491 1158 foeno
510 1122 642 1158 humido
655 1148 664 1163 ‚
692 1121 724 1154 in
742 1118 895 1168 sanguine
911 1147 921 1163 ,
939 1126 973 1156 &
990 1118 1124 1155 infinitis
1140 1130 1224 1166 pene
1243 1121 1276 1153 in
1290 1117 1385 1152 rebus
1397 1146 1405 1159 ‚
1427 1118 1480 1152 suo

83 1167 161 1204 loco
174 1169 317 1204 dicemus
334 1171 424 1206 :haec
437 1183 565 1207 tantum
584 1168 674 1205 velut
697 1170 730 1203 in
749 1166 879 1203 transitu
898 1167 1043 1203 delibare
1057 1167 1219 1201 voluimus
1234 1195 1244 1210 ,
1262 1178 1298 1201 ut
1314 1165 1480 1214 Physicani

81 1219 173 1253 reeta
191 1219 316 1253 ratione
331 1223 479 1264 uastari,
497 1226 531 1258 ὅ(
550 1220 590 1254 ad
607 1229 713 1252 rerum
732 1229 807 1263 quae
822 1219 926 1266 magis
955 1215 1064 1254 obviae
1086 1214 1155 1251 sunt
1175 1215 1278 1251 causas
1291 1216 1480 1263 aperiendas

82 1265 207 1311 militer
235 1266 390 1316 applicari
411 1267 499 1319 poffe
519 1267 630 1318 palam
652 1265 765 1301 fieret..

265 1419 277 1446 ς
572 1366 606 1402 c
633 1367 714 1404 Ap
747 1367 784 1403 U
819 1367 850 1401 T
891 1367 974 1404 m„

265 1452 276 1463 '
654 1466 852 1510 DadAzre„

36 1593 40 1596 -
81 1564 201 1650 131⁴:
213 1579 286 1604 aere
297 1567 360 1604 lioc
374 1565 451 1603 ioco
463 1565 608 1614 aginam,
626 1576 663 1600 ut
678 1566 844 1601 mixtionis
857 1565 1051 1612 principium
1061 1563 1106 1598 est
1122 1592 1131 1607 ,
1148 1569 1182 1601 ἃν
1201 1564 1358 1600 elementi
1375 1575 1483 1597 nomn

174 1620 220 1651 'ne
237 1629 344 1651 rerum
354 1616 603 1664 generationem
614 1615 907 1661 promovet-'Nam
922 1623 958 1647 ut
972 1613 1063 1661 hujus
1081 1613 1216 1647 universi
1234 1625 1305 1660 pars
1332 1612 1482 1657 quaedam

87 1665 155 1709 est,
178 1668 213 1701 δε
237 1665 416 1714 separatam
436 1661 539 1698 habet
555 1664 724 1710 regionem
738 1690 749 1705 ,
763 1661 842 1697 alius
863 1662 925 1695 erit
936 1660 1066 1697 dicendi
1075 1660 1177 1696 locus.
1197 1662 1284 1696 Cum
1299 1670 1406 1694 autem
1424 1671 1485 1694 nec

83 1711 144 1749 sub
156 1714 268 1749 oculos
289 1714 384 1748 cadat
397 1740 407 1752 ,
431 1723 496 1747 nec
508 1710 645 1746 seorsum
659 1739 669 1754 ,
689 1721 726 1745 ut
739 1723 854 1746 caetera
873 1709 1039 1745 elementa
1059 1708 1194 1757 speetari
1216 1709 1311 1759 poffit
1323 1736 1333 1750 ,
1355 1719 1411 1743 aut
1425 1721 1485 1742 va-

55 1799 62 1804 ,
86 1760 125 1800 fis
139 1763 346 1798 distillatoriis
366 1761 549 1801 contineri,
575 1758 660 1794 illius
681 1771 795 1795 natura
809 1765 843 1797 &
862 1760 947 1794 vires
963 1770 1081 1807 magna
1094 1770 1134 1793 ex
1145 1771 1236 1806 parte
1251 1771 1308 1794 nos
1333 1757 1485 1801 fugiunt:

86 1810 144 1849 nifi
159 1813 248 1860 quod
260 1811 371 1848 nostra
382 1811 442 1846 hac
451 1820 544 1844 aetate
557 1808 640 1844 illius
664 1811 806 1858 gravitas
818 1838 828 1852 ‚
846 1810 895 1844 vis
913 1808 1058 1851 elastica,
1073 1819 1138 1854 qua
1153 1807 1275 1843 scilicet
1293 1797 1410 1857 prelsus
1424 1805 1485 1841 sese

87 1860 252 1910 explicat,
273 1866 306 1898 &
330 1859 458 1896 evolvit
469 1887 479 1902 ,
499 1861 568 1893 imo
580 1863 614 1896 δι
626 1857 781 1907 pleraque
791 1858 854 1893 alia
871 1859 1042 1906 permagni
1050 1857 1124 1891 usus
1136 1886 1146 1901 ,
1165 1869 1234 1893 tum
1252 1858 1291 1891 ad
1306 1854 1486 1904 respiratio-

87 1923 167 1947 nem
178 1939 188 1954 ,
203 1922 273 1946 tum
288 1909 330 1946 ad
343 1910 589 1958 vegetationem
605 1921 778 1956 corporum
794 1936 805 1951 ‚
817 1906 888 1943 sunt
903 1906 1074 1942 observata
1090 1905 1280 1955 diligentius
1300 1935 1310 1949 ,
1327 1918 1397 1952 quse
1429 1903 1486 1940 ubi

91 1959 156 1995 sese
171 1959 264 1995 dabit
275 1957 397 1994 occafio
410 1987 419 2002 ,
438 1970 504 1993 non
517 1959 718 1994 omittemus.
745 1959 844 1994 Nunc
862 1954 944 1992 vero
956 1956 997 1991 de
1014 1966 1128 1991 natura
1151 1958 1233 1991 aeris
1245 1984 1256 1999 ‚
1281 1961 1315 1992 &
1332 1955 1416 1990 illius
1438 1953 1486 1988 af-

90 2008 292 2044 sectionibus
304 2020 405 2057 pauca
419 2006 586 2051 dicemus5,
599 2019 636 2041 ac
645 2005 788 2056 primum
799 2018 870 2054 quae
884 2004 926 2041 ab
940 2004 1096 2042 omnibus
1114 2003 1184 2041 fere
1193 2004 1425 2048 conceduntur,
1441 2002 1482 2037 ab

92 2057 132 2092 iis
145 2069 220 2103 quae
235 2055 306 2091 sunt
317 2059 417 2105 magis
431 2054 636 2091 controversa
650 2085 659 2100 ‚
682 2056 906 2093 secernemus‚-
1028 2099 1031 2100 ⁷

129 2105 214 2140 Illud
230 2107 342 2152 itaque
363 2104 514 2140 omnibus
533 2106 566 2140 in
580 2105 724 2142 confelso
742 2106 785 2141 est
797 2134 807 2149 ,
825 2103 962 2140 fluidum
972 2101 1032 2139 effe
1043 2109 1076 2142 &
1091 2102 1277 2152 spirabilem
1294 2114 1367 2136 aera
1380 2118 1390 2144 ·‚
1402 2099 1485 2138 illius

94 2155 270 2203 interje&u
281 2166 490 2189 terram·cum
502 2153 587 2190 coelo
596 2155 687 2190 velut
697 2155 894 2190 commercia
913 2152 965 2189 sua
977 2165 1128 2189 exercere
1141 2171 1150 2197 3
1169 2154 1293 2188 luminis
1310 2149 1370 2185 ess'e
1392 2149 1487 2184 vehi..

96 2203 205 2239 culum
217 2233 227 2248 ‚
253 2215 424 2252 corporum
450 2214 585 2238 meatus·
600 2201 722 2250 subire,
740 2203 932 2242 animalium
953 2203 1096 2251 denique
1115 2204 1219 2238 vitam
1238 2201 1372 2241 fovere,
1390 2197 1488 2239 facil&

94 2255 269 2302 comprimi
287 2251 374 2301 polse
394 2258 427 2289 &
449 2251 587 2287 dilatati.

139 2300 310 2344 Secundo,
339 2301 417 2337 illud
439 2303 539 2336 etiam
565 2300 696 2348 liquet,
717 2300 849 2338 erassum
871 2306 905 2340 δε
928 2298 1138 2351 caliginosum
1170 2312 1244 2335 aera
1274 2309 1366 2333 terrae
1383 2293 1487 2344 globo

96 2350 322 2387 circumfusum
334 2352 446 2386 multis
462 2349 633 2399 vaporibus
644 2349 704 2385 effe
715 2353 910 2398 permixtum
924 2380 934 2394 ‚
962 2363 1103 2396 eui-nque
1120 2352 1265 2385 oninium
1287 2347 1356 2382 fere
1369 2357 1488 2392 corpo-

97 2413 168 2438 tum
193 2400 414 2484 eitthatmiliels
434 2407 468 2440 &
485 2399 613 2451 spiritus
630 2402 798 2448 excipere>
816 2402 907 2438 Hinc
930 2412 1003 2436 non
1020 2398 1143 2448 ubique
1157 2398 1202 2435 sui
1225 2395 1334 2480 similils
1347 2395 1390 2429 est
1406 2409 1413 2431 :
1435 2392 1489 2428 sed

268 2476 270 2478 v
282 2464 347 2487 θΙῘΙ..
404 2478 421 2488 ,η
1333 2473 1336 2476 ,
