1878 2724
366 152 415 186 350
668 134 936 172 PHYSICAE
961 134 1119 171 PARS
1159 135 1448 173 SECUNDA.

364 190 431 221 tert
447 201 456 229 3
471 183 592 221 morbis
614 182 773 232 plerisque
788 182 958 219 salutarem
975 183 1084 219 ferunt
1099 213 1109 228 ,
1130 187 1179 219 uti
1201 184 1362 222 &limum
1376 186 1432 232 qui
1457 185 1489 219 in
1512 182 1613 219 fundo
1627 181 1764 219 subsidio

365 232 489 270 Verum
517 245 552 268 ut
566 244 602 267 ea
618 233 783 267 mittamus
804 244 874 280 quae
891 232 989 267 nostri
1003 245 1069 269 non
1082 231 1151 268 sunt
1166 233 1301 269 instituti
1318 261 1327 277 ,
1344 233 1377 267 id
1395 244 1506 282 praeter
1528 244 1642 268 caetera
1655 235 1766 268 mirari

367 281 471 326 subit,
490 292 606 328 aquam
625 280 716 328 hujus
727 280 829 316 fontis
842 280 932 316 taffii
943 280 1094 329 frigidam
1109 294 1276 330 nunquam
1287 284 1320 317 in
1336 281 1472 330 glaciem
1487 280 1766 318 concresceresAc

368 330 387 367 si
407 330 459 366 fax
472 327 601 364 accensa
616 328 702 364 fonti
716 330 930 365 admoveatur
943 358 952 373 ‚
966 331 1069 365 statim
1085 329 1165 366 levis
1179 337 1212 368 &
1226 330 1399 367 discurrens
1414 329 1549 365 flamma
1559 360 1568 374 ,
1594 330 1663 366 fere
1682 342 1717 365 ut
1732 333 1767 367 in

370 381 435 414 vini
453 376 564 427 spiritu
587 378 791 422 accenditur,
810 390 883 426 quae
898 379 979 413 adeo
1004 392 1072 415 non
1095 382 1292 429 extinguitur
1304 407 1313 422 ,
1344 391 1379 415 ut
1397 392 1455 428 per
1470 391 1566 414 venas
1583 378 1766 428 sulphureas

369 427 495 474 serpens
510 428 730 473 circumjecfitas
746 426 828 462 filvae
844 429 995 476 proximae
1013 427 1146 463 arbores
1158 429 1330 471 incendat,
1356 440 1391 462 ac
1417 430 1470 463 vix
1485 429 1668 464 incendium
1685 428 1766 463 illud

372 475 512 512 inhiberi
549 474 630 511 offit.
647 476 743 513 Unde
756 481 789 512 &
801 476 875 512 huic
889 476 982 512 fonti·
993 477 1134 512 custodes
1147 476 1295 513 adhiberi
1309 476 1413 512 solent
1423 488 1478 520 ,ut
1486 488 1542 512 eos
1556 489 1699 521 arceant,
1708 479 1767 525 qui

371 528 483 574 ignem
499 489 723 561 agmoverenr.
740 526 825 560 Cum
841 537 948 560 autem
967 525 1155 574 praenobiles
1172 529 1232 561 viri
1247 527 1276 560 id
1292 528 1429 573 experiri
1446 525 1577 569 volunt,
1597 525 1704 561 statim
1715 538 1766 561 ar-

373 573 491 610 borum
514 575 609 607 ramis
622 586 704 621 aqua
721 573 928 617 verberatur,
952 587 987 610 ut
1006 574 1134 610 accensa
1147 575 1275 610 flamma
1285 576 1589 624 restinguatur.>Sed
1610 576 1657 610 vis
1675 587 1767 623 aquae

373 635 430 672 per
441 623 566 669 aliquot
587 623 655 657 dies
674 623 774 658 fradra
786 635 917 666 manet,
937 622 1161 660 &debilitata.

409 671 494 719 Qae
503 670 538 707 sit
551 671 642 719 hujus
654 682 720 707 ram
731 673 873 720 stupendi
886 672 1095 720 phaenomeni
1112 673 1200 708 causa
1219 674 1411 721 conjesturis
1426 671 1572 720 persequi
1587 702 1597 716 ‚
1618 670 1768 707 vixaffea

374 722 429 766 qui
441 721 702 756 licenExillimat
717 723 764 755 vir
776 722 918 756 laudatus
936 721 1044 756 fontes
1062 734 1219 770 perennes
1235 735 1301 756 non
1313 721 1482 769 e‘pluviis,
1494 720 1547 755 sed
1564 722 1582 757 ὲ
1598 723 1678 755 mari
1691 734 1769 770 pro-

375 768 471 805 ficisci
494 781 551 817 per
569 768 699 804 tubulos
724 769 971 813 subterraneos-‚5
993 783 1131 818 cumque
1145 784 1229 819 aqua
1240 771 1363 819 semper
1378 770 1453 805 loca
1462 769 1635 804 decliviora
1654 781 1776 818 petat-5

375 819 537 853 interdum
551 820 583 853 in
596 818 673 853 locis
684 818 947 866 profundioribus
961 819 1084 866 stagnat
1098 850 1107 864 ‚
1121 820 1195 856 dum
1208 819 1313 854 calore
1325 818 1533 854 subterraneo
1542 818 1705 854 sublatain
1718 831 1770 854 va-

375 879 469 916 pores
482 895 491 909 ,
510 870 543 902 in
557 878 646 902 terrae
660 866 823 915 superficie
845 879 881 902 ut
903 870 934 902 in
952 867 1278 916 capitello-'alembici
1292 867 1475 903 concrescat
1498 869 1530 903 in
1549 867 1686 915 guttulas
1699 880 1770 915 quar

375 929 450 951 cum
461 916 530 951 aliis
540 918 722 965 conjuncta:
731 916 859 951 fontem
876 914 1028 951 efficiunt.
1046 918 1093 952 Ac
1106 917 1182 952 licet
1192 930 1282 964 aquae
1293 917 1480 965 plerumque
1491 914 1549 951 fint
1561 917 1770 964 dulces,quod

377 964 448 1000 salis
460 965 587 999 aculeos
603 977 720 999 exuant
732 995 740 1008 ‚
765 964 823 999 ubi
841 967 873 999 in
897 977 1032 1013 vapores
1047 966 1257 1009 attolluntur,
1278 965 1358 1013 saepe
1372 977 1481 1000 tamen
1506 967 1539 999 in
1551 964 1617 1013 ipso
1640 965 1770 1001 tranfitu

377 1026 434 1048 aut
447 1013 543 1058 sales,
565 1025 618 1048 aut
637 1013 753 1049 foffilia
765 1042 774 1057 ‚
792 1013 842 1048 seu
853 1014 1021 1048 mineralia
1038 1014 1196 1050 delibant.
1219 1017 1307 1049 Hinc
1329 1014 1436 1049 fontes
1452 1012 1514 1048 salfi
1527 1043 1536 1057 ‚
1558 1014 1684 1050 vitrioli
1697 1043 1707 1058 ‚
1737 1020 1772 1051 &

377 1062 445 1097 aliis
459 1061 665 1097 mineralibus
689 1062 764 1097 foeti
784 1061 895 1110 paffim
913 1074 1093 1099 occurrunt.
1126 1066 1192 1098 Hic
1205 1062 1284 1099 vero
1302 1064 1342 1097 de
1364 1076 1431 1109 quo
1456 1065 1578 1110 agimus
1590 1092 1599 1105 ‚
1617 1062 1772 1110 sulphuris

378 1112 467 1158 quod
490 1113 523 1145 in
544 1123 583 1145 ea
611 1112 746 1159 regione
770 1111 915 1146 abundat
938 1140 948 1154 ‚
964 1121 1060 1146 venas
1076 1111 1297 1159 subit3‘atque
1329 1112 1416 1146 idem
1444 1112 1530 1145 calor
1543 1113 1600 1158 qui
1626 1113 1657 1146 in
1676 1125 1772 1149 monz

381 1163 423 1194 ris
453 1159 675 1208 penetralibus
705 1172 823 1207 aquam
848 1159 964 1194 sursum
989 1160 1114 1196 attollit
1139 1190 1148 1205 ‚
1173 1173 1279 1209 partes
1296 1173 1430 1208 quoque
1451 1159 1598 1208 sulphuris
1620 1159 1772 1196 subtilia-

381 1221 432 1244 res
454 1209 549 1244 effert
571 1222 579 1243 :
606 1221 678 1256 quae
696 1208 736 1243 ab
762 1222 852 1256 aquae
876 1209 1039 1257 particulis
1065 1209 1126 1244 sese
1143 1222 1261 1258 magna
1283 1213 1317 1243 vi
1336 1210 1534 1257 expediunt:
1556 1223 1631 1244 nam
1651 1215 1682 1246 ὃ(
1699 1208 1773 1244 sub-

382 1257 502 1292 tiliores
532 1257 602 1292 sunt
621 1263 656 1294 &
678 1257 889 1302 mobiliores·,
909 1269 1026 1304 aquam
1050 1271 1115 1293 non
1138 1258 1200 1292 fine
1229 1261 1355 1305 impetu
1382 1264 1416 1294 ὃς
1442 1258 1581 1303 quadarn
1605 1257 1772 1293 ebullitio-

381 1318 421 1342 ne
447 1305 642 1353 propellunt.
667 1308 741 1341 Nec
763 1317 870 1354 partes
894 1317 960 1340 tam
995 1306 1156 1342 dissimiles
1176 1306 1329 1355 sulphuris
1353 1312 1385 1343 &
1409 1318 1497 1353 aquae
1517 1307 1569 1341 diu
1596 1306 1772 1342 consociari

381 1355 477 1390 facile
502 1353 636 1403 possunt.
654 1356 752 1391 Unde
770 1366 876 1402 partes
902 1353 1056 1402 sulphuris
1085 1355 1245 1391 crassiores
1282 1355 1418 1389 fundum
1436 1366 1551 1403 petunt
1574 1384 1584 1399 ‚
1609 1361 1643 1392 &
1669 1355 1773 1391 balsa-

381 1416 471 1439 mum
509 1404 674 1451 quoddam
700 1402 856 1451 sulphuris
877 1414 928 1437 tot
959 1404 1080 1438 morbis
1111 1403 1244 1439 salutare
1263 1404 1361 1438 instar
1381 1403 1447 1438 limi
1480 1415 1671 1452 procreant,
1695 1404 1772 1443 dum

383 1451 565 1487 subtiliores
578 1451 683 1501 seipso
697 1453 797 1487 odore
813 1453 962 1500 produnt.
981 1453 1066 1503 Q
1080 1467 1153 1488 curn
1174 1454 1336 1488 turmatim
1355 1452 1510 1496 exiliant,
1533 1466 1599 1488 non
1620 1456 1736 1489 mitum
1751 1454 1773 1490 fi

383 1501 550 1537 flammam
559 1530 567 1544 ‚
578 1513 615 1536 ut
629 1502 753 1550 spiritus
769 1503 836 1536 vini
849 1500 1019 1536 tenuissimi
1033 1505 1235 1551 concipiant,
1249 1501 1303 1536 ubi
1314 1501 1366 1536 fax
1378 1501 1506 1535 accensa
1519 1504 1646 1550 propius
1657 1502 1774 1538 admo-

384 1562 416 1586 ta
429 1551 536 1586 fuerit.
551 1553 624 1587 Nec
636 1563 720 1598 aqua
731 1563 839 1586 tamen
849 1549 1008 1586 incalescit
1027 1562 1034 1584 ε
1055 1564 1130 1587 nam
1149 1554 1170 1585 ii
1189 1550 1311 1598 spiritus
1325 1552 1360 1585 in
1375 1562 1447 1585 aere
1466 1551 1692 1585 tantummodo
1709 1551 1774 1588 sese

384 1599 562 1643 evolvunt,
590 1605 624 1636 &
647 1599 742 1634 instar
769 1602 850 1648 ignis
875 1599 962 1634 fatui<
983 1612 1081 1648 aquas
1108 1599 1315 1635 allambentis
1333 1627 1344 1643 ,
1371 1598 1432 1634 huc
1446 1611 1545 1647 atque
1568 1599 1645 1635 illuc
1657 1600 1774 1638 discur-

383 1651 482 1683 rentis
509 1660 679 1697 apparent.

420 1700 498 1732 Haec
507 1697 580 1732 sane
595 1709 714 1746 magna
724 1709 762 1733 ex
774 1709 864 1746 parte
875 1709 928 1733 aut
940 1710 1016 1733 vera
1026 1726 1034 1740 ,
1045 1708 1102 1732 ant
1110 1700 1178 1732 veri
1193 1699 1337 1745 proxima
1347 1697 1406 1733 effe
1417 1700 1674 1745 putemNeque
1685 1701 1775 1735 enim

386 1745 519 1780 dubium
538 1746 585 1780 est
597 1775 606 1789 ‚
632 1749 710 1793 quin
726 1758 810 1792 aqua
832 1747 920 1792 hujus
943 1747 1043 1781 fontis
1062 1745 1222 1794 spiritibus
1242 1746 1412 1794 sulphureis
1426 1749 1660 1794 impraegnetur.
1676 1750 1774 1782 Secus

386 1806 447 1829 nec
464 1794 653 1829 inflammari
668 1806 733 1829 tarn
747 1793 948 1841 facileposset
958 1823 967 1837 ,
981 1803 1042 1830 nec
1056 1796 1164 1841 ignem
1178 1806 1371 1842 conceptum
1389 1797 1595 1842 pertinaciter
1610 1797 1698 1832 tueri.
1710 1796 1776 1832 Sed

387 1845 439 1877 vix
457 1843 598 1877 adducor
616 1843 788 1877 tlt-credam
807 1842 934 1890 sulphur
954 1843 1032 1877 illud
1048 1843 1177 1890 vulgare
1194 1841 1253 1877 effe
1268 1841 1418 1877 omnibus
1429 1841 1636 1877 notissimum.
1658 1845 1776 1890 Qan-

389 1893 506 1926 tumvis
518 1894 604 1926 enim
619 1891 696 1925 illud
713 1893 793 1938 ignis
809 1891 913 1925 calore
925 1902 1110 1938 torqueatur
1120 1920 1130 1933 ‚
1147 1903 1311 1938 nunquam
1322 1903 1387 1926 tam
1402 1902 1528 1938 gratum
1538 1891 1674 1928 odorem
1684 1891 1776 1928 affla-

389 1938 438 1974 bit
452 1938 595 1975 :morbis
609 1940 740 1986 quidem
754 1938 913 1986 plerisque
925 1939 1055 1974 salutare
1069 1938 1387 1987 else,corruptionern
1398 1938 1546 1975 inhibere
1555 1953 1621 1976 non
1633 1954 1774 1990 negave-

388 1990 447 2022 rim
460 2017 469 2030 ,
488 2000 521 2022 ar
546 1987 697 2022 foetidum
722 1989 857 2022 odorem
871 1988 967 2035 spirat
988 2004 999 2024 :·
1012 1987 1063 2022 sed
1088 1987 1214 2024 infinita
1230 2002 1330 2036 prope
1357 1988 1427 2024 sunt
1443 1991 1475 2023 in
1489 2000 1580 2024 terrae
1598 1990 1775 2026 visceribus

388 2036 506 2071 fossilia
521 2064 531 2079 ,
545 2048 616 2083 quae
631 2035 821 2071 inflammari
834 2037 966 2083 quidem
984 2035 1108 2086 possunt
1120 2066 1128 2079 ,
1143 2042 1175 2073 δ(
1190 2038 1319 2072 diversae
1330 2037 1401 2073 sunt
1417 2037 1613 2073 &communi
1630 2037 1670 2073 sul
1697 2040 1776 2074 bure

390 2097 508 2120 naturae
521 2113 529 2124 ,
540 2095 576 2119 ut
585 2084 697 2120 ambra
713 2097 768 2119 aut
782 2083 938 2121 firccinum
951 2115 961 2130 ‚
971 2087 1090 2134 naphta
1100 2115 1109 2130 ,
1122 2085 1324 2123 bituminum
1335 2099 1434 2123 omne
1451 2098 1552 2136 genus
1561 2115 1571 2130 ,
1581 2053 1783 2136 petrolerim..

390 2134 454 2169 Sed
471 2135 510 2168 de
530 2133 579 2168 his
592 2133 658 2169 alio
673 2133 746 2168 loco
764 2133 866 2181 plura,

918 2183 972 2217 De
997 2188 1092 2232 aquis
1109 2182 1326 2220 mineralibus.

430 2283 595 2327 Qaeritur
617 2288 668 2324 2⁰,
689 2281 790 2317 Unde
808 2293 902 2317 tantae
914 2282 996 2314 vires
1022 2294 1091 2328 quse
1109 2284 1139 2316 in
1158 2283 1250 2328 aquis
1269 2279 1456 2317 mineralibs
1484 2281 1775 2327 deprehenduntur.

392 2329 480 2362 Nam
500 2330 562 2364 hoc
580 2332 711 2365 nomine
736 2332 892 2366 donantur
911 2343 980 2376 quae
998 2343 1039 2365 ex
1055 2330 1242 2365 admistione
1264 2329 1466 2364 mineralium
1483 2329 1635 2377 insignem
1651 2330 1779 2366 habent*

390 2376 582 2423 qrmlitatem
595 2393 602 2415 ε
616 2380 705 2427 quod
719 2378 850 2426 solidas,
865 2386 900 2419 ε(
919 2378 999 2416 fixas
1018 2378 1170 2417 foffilium
1191 2378 1362 2429 particulas
1386 2379 1592 2425 contineant,
1611 2380 1776 2418 urfontes
1826 2389 1828 2391 ’
