1878 2724
516 128 877 169 TRACTATUS
923 130 1195 170 PR1MUS.
1526 148 1559 176 ιζ

204 182 291 230 Resp.
311 178 343 215 id
357 176 417 214 esse
430 179 515 213 inter
526 191 698 225 utramque
709 177 897 215 discriminis
910 208 919 222 ‚
946 179 1034 228 quod
1049 182 1084 218 in
1100 182 1293 217 alteratione
1319 182 1405 216 idem
1426 176 1556 217 maneat

153 243 279 280 *corpus
303 227 446 264 sensibile
467 257 477 272 ‚
501 228 591 275 quod
610 240 686 262 ante
701 228 764 263 fuit
786 243 793 265 :
820 242 918 263 unum
935 232 1024 265 enim
1044 242 1098 265 aut
1118 230 1257 266 alterum
1277 231 1423 264 accidens
1449 233 1553 277 perit,

161 294 230 317 non
245 278 309 328 ipsa
324 279 544 313 accidentium
558 277 746 327 complexio
761 307 772 322 ,
796 290 906 326 neque
927 290 977 313 tes
994 279 1129 315 alterata
1141 279 1253 329 infigni
1274 279 1384 328 aliqua
1399 278 1554 314 diffiten-

161 331 202 364 tia
220 330 240 365 a
261 327 352 377 seipsa
374 326 495 363 differt.

206 378 282 423 Inst.
303 377 403 424 Qod
422 375 442 411 si
467 379 509 411 ita
529 375 583 418 fit,
602 379 770 425 generatio
789 381 823 414 ὃ(
837 376 990 412 alteratio
1007 390 1074 413 non
1092 378 1327 427 distinguentur
1345 379 1428 412 inter
1447 377 1477 413 se
1495 378 1551 413 nisi

157 426 333 464 secundum
349 429 451 475 magis
466 431 499 462 &
511 428 631 469 minus,
659 424 748 473 quod
769 429 801 461 in
817 429 1050 474 generatione,
1069 438 1122 462 aut
1140 429 1348 475 corruptione
1368 432 1470 475 major
1494 427 1551 462 fiat

156 480 296 512 mutatio
311 507 318 520 ,
333 475 433 524 quaxn
445 477 477 510 in
490 474 692 510 alteratione.
706 477 758 508 Sic
769 477 803 509 in
815 474 995 522 composito
1009 476 1199 511 accidentali
1217 489 1316 511 unum
1337 487 1392 510 aut
1414 476 1549 512 alterurn

155 527 304 562 accidens
320 526 545 574 superveniet,
574 525 606 557 in
625 521 820 557 substantiali
845 523 1063 558 accidentium
1077 537 1211 571 m·gnus
1227 526 1361 559 accedet
1387 537 1548 562 numeruS.

157 579 238 624 Qo
255 576 388 623 quidem
405 571 485 607 nihil
505 570 668 605 absurdius
689 571 751 606 dici
771 572 878 620 potest
895 586 902 608 :
927 584 1035 619 neque
1057 574 1144 607 enim
1163 572 1341 609 essentiales
1359 585 1464 608 rerum
1477 603 1487 618 ,
1514 581 1548 612 &

155 624 310 673 specificae
320 652 330 666 ‚
345 622 398 656 sed
410 621 634 656 accidentaria:
653 621 814 656 duntaxat
828 619 929 657 essent
942 620 1144 659 differentiae.

189 675 279 721 Resp.
292 671 429 720 speciem
440 675 473 707 ὃς
486 669 625 705 formam
639 699 648 715 ‚
673 675 783 720 utjam
799 671 923 706 dictum
935 672 996 715 est,
1012 684 1077 706 non
1092 670 1135 705 ab
1148 670 1325 707 Aristotele
1344 670 1446 707 modo
1462 701 1471 715 ,
1492 670 1547 706 scd

151 723 252 756 etiam
262 720 304 756 ab
320 719 473 756 omnibus
483 732 555 753 cum
568 722 688 755 Graecis
699 749 708 764 ,
726 732 795 756 tum
806 722 929 756 Latinis
947 720 1128 769 promiscue
1142 723 1244 769 accipi
1262 735 1271 756 z
1286 721 1369 755 adeo
1384 732 1421 757 ut
1440 721 1547 756 forma

151 771 299 819 &specie
310 768 438 805 differre
453 798 463 813 ,
485 767 521 804 fit
535 782 635 804 unum
651 775 683 806 &
698 770 885 821 idem.J1m
904 769 985 806 vero
1014 770 1215 805 ostendimus
1232 771 1264 805 in
1283 772 1406 819 Logica
1426 782 1464 804 ea
1478 769 1547 817 spe-

150 822 199 855 cie
211 819 339 856 differre
352 848 361 863 ‚
379 821 465 855 inter
482 831 554 866 quae
569 818 762 868 esti1iligni5‚
778 824 809 855 <Se
825 832 942 854 notam
955 821 1052 868 digna
1063 818 1247 854 differentia
1261 834 1269 855 :
1286 822 1329 854 ita
1343 831 1379 854 ut
1393 821 1496 868 magis
1510 824 1545 855 &

148 871 255 907 minus
269 867 449 918 specificam
459 867 679 904 differentiam
690 868 766 917 saepe
778 869 929 904 inducant
945 883 952 904 :
968 881 1002 904 ut
1019 871 1051 904 in
1065 867 1227 903 coloribus
1240 869 1326 903 iridis
1339 868 1544 904 manifestum

148 918 299 956 fecimus.
313 919 401 954 Cum
413 920 501 954 enirn
514 920 652 952 mutatio
663 932 726 953 non
743 917 879 953 multum
895 918 942 952 est
956 917 1108 953 sensibilis
1120 947 1129 962 ‚
1153 931 1220 952 tum
1234 931 1295 953 nec
1306 919 1543 953 dffiiustionem

146 967 330 1017 specificam
340 998 349 1011 ,
361 980 422 1003 nec
432 980 553 1002 novam
567 970 812 1016 generationem
827 968 959 1004 inducit.
991 969 1065 1004 Nec
1078 967 1152 1001 ideo
1169 966 1316 1015 specifica
1330 968 1491 1002 distinctio
1509 969 1542 1002 in

145 1017 257 1065 aliquo
269 1015 453 1054 indivisibili
473 1017 515 1051 est
528 1017 746 1052 constituenda
759 1046 768 1060 ‚
786 1016 837 1051 sed
849 1029 966 1065 magna
986 1016 1155 1051 latitudine
1168 1018 1327 1060 donatur,
1345 1030 1449 1064 eaque
1472 1028 1541 1052 tum

147 1065 318 1102 essentialis
338 1067 454 1101 dicitur
473 1068 714 1110 mnti‘itio,cum
730 1066 812 1102 nihil
835 1066 971 1115 amplius
994 1064 1138 1101 sensibile
1153 1070 1220 1115 ejus
1239 1064 1326 1113 quod
1342 1078 1417 1101 ante
1443 1066 1508 1101 fuit
1523 1095 1532 1109 ,

146 1116 282 1152 videtur.
297 1119 344 1153 Nu
353 1128 416 1163 que
436 1118 525 1150 enim
541 1115 629 1150 idem
642 1115 822 1164 fiibjee‘tum
840 1143 849 1157 ‚
875 1116 966 1163 quod
985 1117 1071 1163 prius
1088 1113 1230 1150 sensuum
1242 1116 1361 1163 judicio
1383 1127 1516 1163 apparet
1531 1132 1538 1157 3

146 1176 246 1212 atque
257 1178 296 1200 ex
310 1163 528 1200 accidentibus
546 1166 688 1199 externis
702 1166 741 1198 de
759 1163 855 1199 rebus
870 1163 938 1212 ipsus
953 1165 1167 1199 decernimus,
1191 1167 1306 1209 Itaque
1323 1163 1466 1198 fatemur
1480 1176 1539 1209 ge-

144 1216 350 1249 nerationcm
369 1220 402 1250 &
419 1213 649 1249 alterationem
658 1226 712 1248 cor
739 1216 802 1248 oris
816 1216 911 1248 mixti
924 1226 988 1247 non
1001 1211 1130 1246 differre
1146 1215 1231 1246 inter
1249 1212 1278 1246 se
1298 1212 1354 1246 nisi
1366 1211 1540 1247 secundum

144 1265 246 1309 magis
260 1268 292 1299 δε
307 1265 431 1298 minus:
445 1260 484 1296 sic
500 1273 609 1296 tamen
625 1273 662 1296 ut
673 1226 800 1310 inssgnis
811 1259 1009 1298 &notabilis
1023 1259 1059 1294 sir
1069 1263 1208 1301 mutatio
1220 1289 1229 1304 ,
1251 1272 1287 1294 ac
1301 1260 1381 1295 nihil
1398 1261 1538 1310 amplius

142 1309 289 1346 senstbile
302 1323 467 1346 remaneat
479 1313 512 1345 in
524 1313 738 1358 generatione
750 1341 760 1354 ,
780 1325 847 1346 non
866 1312 946 1345 item
962 1312 996 1345 in
1015 1309 1223 1345 alteratione.

178 1361 290 1409 Opp.2.
302 1363 337 1396 Si
349 1360 454 1396 forma
466 1359 545 1395 nihil
564 1357 662 1394 litnifi
674 1360 889 1395 accidentium
910 1359 1096 1403 concursus,
1118 1371 1218 1394 omne
1241 1357 1454 1408 compositum
1476 1361 1537 1394 erit

144 1410 346 1446 accidentale
356 1439 365 1454 ,
381 1422 418 1445 ac
428 1409 553 1445 nullum
565 1408 772 1444 substantiale
784 1410 928 1444 futurum
946 1409 1002 1444 est.

178 1460 350 1508 Rtspmeg·
366 1463 444 1504 maj.
474 1461 587 1493 Forma
608 1460 696 1494 enim
727 1457 937 1494 substantialis
960 1457 1139 1507 subjeetum
1169 1455 1269 1504 ipsum
1301 1458 1333 1491 in
1359 1469 1446 1491 certa
1466 1456 1537 1505 spe-

134 1508 192 1542 >cie
220 1509 382 1544 constituit
408 1522 416 1544 :
449 1520 487 1543 ea
520 1506 643 1542 sublata
667 1520 716 1542 res
740 1508 911 1542 destruitur
937 1524 946 1551 3
973 1520 1033 1543 nec
1059 1510 1181 1556 reijam
1192 1505 1364 1554 completa:
1382 1505 1536 1553 superve-

141 1558 192 1592 nit
205 1586 214 1601 ‚
236 1570 272 1592 ut
292 1558 398 1593 forma
412 1556 639 1599 accidentalis,
665 1570 738 1603 quae
759 1555 974 1603 compositum
998 1557 1112 1591 itidem
1137 1554 1339 1591 accidentale
1356 1557 1534 1591 constituit.

142 1607 232 1641 Hinc
243 1606 348 1642 forma
359 1604 571 1640 substantialis
591 1617 658 1638 non
675 1605 794 1638 accidit
813 1603 957 1652 subjecto
971 1632 981 1646 ,
1004 1617 1109 1650 neque
1127 1602 1232 1641 adeffe
1249 1631 1260 1646 ,
1282 1603 1336 1637 vel
1358 1603 1464 1639 abesse
1480 1618 1536 1651 po.

143 1655 201 1689 test
213 1657 290 1689 citra
308 1657 353 1690 rei
365 1655 531 1689 interitum
553 1666 560 1687 :
582 1664 618 1686 ac
635 1651 846 1688 substantialis
857 1653 922 1696 est,
946 1664 1002 1687 aut
1015 1651 1185 1688 essentialis
1198 1680 1208 1694 ,
1230 1664 1296 1686 non
1309 1653 1532 1687 accidentaria.

141 1703 307 1748 Qiimvis
318 1705 449 1751 proprie
459 1715 525 1737 non
537 1700 573 1736 sit
585 1699 778 1746 substantia,
802 1701 975 1738 (ianimam
989 1702 1182 1736 rationalem
1202 1729 1212 1743 ,
1232 1712 1300 1747 quae
1317 1713 1374 1747 per
1398 1700 1428 1736 se
1442 1700 1536 1737 subfi-

144 1751 212 1795 stit,
226 1755 403 1801 exceperis,

177 1801 241 1836 Sed
253 1830 263 1844 ,
282 1803 426 1848 inquies,
446 1799 535 1848 quod
548 1802 608 1834 erit
619 1799 785 1836 discrimen
797 1802 884 1836 inter
898 1799 1039 1834 formam
1059 1798 1215 1843 animalis,
1228 1804 1260 1836 ὃ(
1271 1801 1415 1847 corporis
1426 1802 1532 1836 mixti?

141 1852 230 1887 Nam
249 1850 269 1886 si
282 1850 334 1885 illa
348 1852 391 1885 est
403 1849 570 1885 substantia
582 1877 591 1890 ,
611 1849 752 1897 ejusdem
765 1850 810 1884 est
829 1850 1024 1884 conditionis
1037 1861 1112 1883 cum
1130 1851 1238 1883 anima
1256 1848 1419 1893 rationali,
1435 1854 1466 1886 ἃ
1477 1863 1534 1898 per

139 1899 170 1936 se
187 1902 317 1945 existit,
337 1900 359 1936 fi
375 1900 498 1937 nonest
513 1897 686 1935 substantia
694 1900 862 1948 quaedam,
883 1898 968 1934 nihil
988 1900 1050 1934 erit
1061 1909 1178 1946 praeter
1199 1895 1392 1946 qualitatum
1412 1912 1534 1950 conge-

139 1951 233 1986 tiem.

185 1999 275 2046 Resp.
288 1998 434 2034 animalis
451 1997 592 2033 formam
605 1994 666 2032 esse
682 2010 894 2047 corpoream,
911 2011 978 2035 non
996 1997 1170 2047 spiritalem
1186 1997 1283 2032 instar
1301 1997 1414 2032 animae
1430 2000 1532 2033 ratio-

141 2046 219 2082 nalis
233 2075 243 2090 ,
266 2060 325 2082 nec
340 2047 442 2083 solam
457 2045 640 2083 subsistere:
660 2051 811 2095 quamvis
833 2048 921 2084 forte
942 2048 1023 2084 nihil
1045 2047 1082 2083 fit
1096 2077 1104 2091 ‚
1127 2046 1182 2083 nisi
1207 2058 1277 2095 pars
1293 2049 1435 2094 corporis
1455 2046 1530 2081 sub.

142 2095 231 2131 tilior
248 2124 257 2138 2
281 2107 335 2131 &ut
360 2096 483 2144 spiritus
499 2096 628 2143 quidam
644 2124 654 2139 ,
679 2097 733 2133 seu
765 2100 847 2148 ignis
873 2098 1001 2142 vitalis,
1027 2112 1093 2133 non
1117 2097 1311 2144 qualitatum
1341 2098 1505 2144 congeries
1520 2125 1530 2139 ,

140 2144 194 2180 sed
210 2157 320 2182 earum
334 2145 523 2193 qualitatum
537 2146 751 2194 principium:
776 2147 862 2184 unde
884 2160 923 2183 ea
937 2147 1047 2184 forma*
1062 2159 1118 2196 per
1136 2145 1166 2182 se
1183 2146 1204 2182 a
1218 2143 1304 2180 sensu
1320 2147 1443 2194 percipi
1462 2158 1529 2180 non

140 2194 258 2244 potest.

180 2247 264 2290 Ergo
276 2273 284 2287 ‚
304 2245 426 2291 inquies
440 2271 449 2283 ,
473 2257 531 2292 per
552 2244 581 2279 se
605 2244 734 2281 subsistit
744 2246 890 2281 animalis
905 2246 1012 2283 forma
1029 2276 1038 2291 ‚
1059 2252 1092 2284 δε
1105 2258 1161 2294 per
1174 2244 1204 2281 se
1217 2255 1388 2295 generatur
1399 2271 1409 2285 ,
1431 2254 1529 2290 atque

141 2295 252 2330 omnia
265 2293 402 2328 redeunt
418 2306 606 2342 argumenta
619 2324 629 2337 ,
655 2307 727 2341 quae
740 2307 779 2329 ex
797 2296 968 2331 Aristotele
983 2297 1162 2332 attulimus.

183 2344 272 2390 Κεφ.
283 2342 442 2378 ἀείὶῐιιὲὶο
450 2344 583 2378 animali
597 2346 629 2378 in
642 2346 782 2378 minutas
796 2355 922 2379 atomos
935 2345 1077 2380 formam
1089 2343 1246 2386 dissipari,
1270 2353 1375 2389 neque
1392 2338 1529 2387 amplius

143 2404 214 2428 eam
226 2390 346 2427 habere
357 2394 516 2429 rationem
534 2393 658 2430 formas.
680 2393 715 2427 ld
733 2406 831 2428 unum
853 2394 1087 2438 admonemus,
1105 2392 1284 2441 hujusmodi
1303 2391 1424 2427 foi-mas
1445 2391 1530 2425 inter
