<?xml version="1.0" encoding="UTF-8"?>
<!DOCTYPE html PUBLIC "-//W3C//DTD XHTML 1.0 Transitional//EN"
    "http://www.w3.org/TR/xhtml1/DTD/xhtml1-transitional.dtd">
<html xmlns="http://www.w3.org/1999/xhtml" xml:lang="en" lang="en">
 <head>
  <title>
</title>
<meta http-equiv="Content-Type" content="text/html;charset=utf-8" />
  <meta name='ocr-system' content='tesseract 3.04.00' />
  <meta name='ocr-capabilities' content='ocr_page ocr_carea ocr_par ocr_line ocrx_word'/>
</head>
<body>
  <div class='ocr_page' id='page_1' title='image "./philosophiavetus02duhauoft_0431.png"; bbox 0 0 1878 2724; ppageno 0'>
   <div class='ocr_carea' id='block_1_1' title="bbox 84 131 1476 2360">
    <p class='ocr_par' dir='ltr' id='par_1_1' title="bbox 84 131 1467 506">
     <span class='ocr_line' id='line_1_1' title="bbox 395 131 1444 173; baseline 0.005 -5"><span class='ocrx_word' id='word_1_1' title='bbox 395 161 398 163; x_wconf 20' lang='grc' dir='ltr'><strong>Α</strong></span> <span class='ocrx_word' id='word_1_2' title='bbox 551 132 624 169; x_wconf 67' lang='grc' dir='ltr'>ΒΕ</span> <span class='ocrx_word' id='word_1_3' title='bbox 657 131 784 168; x_wconf 68' lang='lat' dir='ltr'>foss</span> <span class='ocrx_word' id='word_1_4' title='bbox 798 131 997 169; x_wconf 70' lang='lat' dir='ltr'><strong>IL&#39;IB&#39;US-</strong></span> <span class='ocrx_word' id='word_1_5' title='bbox 1433 150 1444 173; x_wconf 86' lang='lat'>1</span> 
     </span>
     <span class='ocr_line' id='line_1_2' title="bbox 84 152 1467 230; baseline 0.003 -14"><span class='ocrx_word' id='word_1_6' title='bbox 84 183 234 224; x_wconf 59' lang='lat' dir='ltr'>movetur</span> <span class='ocrx_word' id='word_1_7' title='bbox 245 208 254 222; x_wconf 93' lang='lat'>,</span> <span class='ocrx_word' id='word_1_8' title='bbox 265 180 445 215; x_wconf 65' lang='lat' dir='ltr'>mecsedi&#39;re</span> <span class='ocrx_word' id='word_1_9' title='bbox 455 179 560 229; x_wconf 83' lang='lat' dir='ltr'>potest</span> <span class='ocrx_word' id='word_1_10' title='bbox 574 180 752 229; x_wconf 70' lang='lat' dir='ltr'>pet-polum</span> <span class='ocrx_word' id='word_1_11' title='bbox 764 208 774 224; x_wconf 87' lang='lat'><strong>,</strong></span> <span class='ocrx_word' id='word_1_12' title='bbox 784 181 871 216; x_wconf 87' lang='lat' dir='ltr'>unde</span> <span class='ocrx_word' id='word_1_13' title='bbox 889 178 1008 230; x_wconf 65' lang='lat' dir='ltr'>egressa</span> <span class='ocrx_word' id='word_1_14' title='bbox 1023 179 1172 218; x_wconf 85' lang='lat' dir='ltr'>est.Non</span> <span class='ocrx_word' id='word_1_15' title='bbox 1189 184 1282 230; x_wconf 71' lang='lat' dir='ltr'>quod</span> <span class='ocrx_word' id='word_1_16' title='bbox 1298 183 1382 219; x_wconf 84' lang='lat' dir='ltr'>illius</span> <span class='ocrx_word' id='word_1_17' title='bbox 1397 152 1467 220; x_wconf 50' lang='lat' dir='ltr'>{bg</span> 
     </span>
     <span class='ocr_line' id='line_1_3' title="bbox 85 227 1464 278; baseline 0.001 -13"><span class='ocrx_word' id='word_1_18' title='bbox 85 227 210 278; x_wconf 81' lang='lat' dir='ltr'>pustula</span> <span class='ocrx_word' id='word_1_19' title='bbox 219 227 277 264; x_wconf 81' lang='lat' dir='ltr'>sint</span> <span class='ocrx_word' id='word_1_20' title='bbox 289 230 321 263; x_wconf 88' lang='lat' dir='ltr'>in</span> <span class='ocrx_word' id='word_1_21' title='bbox 332 229 471 264; x_wconf 86' lang='lat' dir='ltr'>cochleae</span> <span class='ocrx_word' id='word_1_22' title='bbox 482 229 614 264; x_wconf 88' lang='lat' dir='ltr'>modum</span> <span class='ocrx_word' id='word_1_23' title='bbox 624 240 771 264; x_wconf 80' lang='lat' dir='ltr'>contorta</span> <span class='ocrx_word' id='word_1_24' title='bbox 779 244 792 266; x_wconf 66' lang='grc' dir='ltr'><strong><em>ι</em></strong></span> <span class='ocrx_word' id='word_1_25' title='bbox 801 230 931 265; x_wconf 70' lang='lat' dir='ltr'>iamin</span> <span class='ocrx_word' id='word_1_26' title='bbox 946 227 1112 265; x_wconf 63' lang='lat' dir='ltr'>§melleetu</span> <span class='ocrx_word' id='word_1_27' title='bbox 1122 229 1255 266; x_wconf 88' lang='lat' dir='ltr'>arduum</span> <span class='ocrx_word' id='word_1_28' title='bbox 1267 233 1326 277; x_wconf 84' lang='lat' dir='ltr'>est,</span> <span class='ocrx_word' id='word_1_29' title='bbox 1341 233 1395 268; x_wconf 89' lang='lat' dir='ltr'>has</span> <span class='ocrx_word' id='word_1_30' title='bbox 1407 246 1464 269; x_wconf 89' lang='lat' dir='ltr'>co-</span> 
     </span>
     <span class='ocr_line' id='line_1_4' title="bbox 85 276 1463 330; baseline 0.004 -18"><span class='ocrx_word' id='word_1_31' title='bbox 85 277 192 312; x_wconf 74' lang='lat' dir='ltr'>chleas</span> <span class='ocrx_word' id='word_1_32' title='bbox 203 288 292 312; x_wconf 80' lang='lat' dir='ltr'>tanta</span> <span class='ocrx_word' id='word_1_33' title='bbox 314 279 501 323; x_wconf 69' lang='lat' dir='ltr'><strong>pernicitate</strong></span> <span class='ocrx_word' id='word_1_34' title='bbox 516 277 570 313; x_wconf 68' lang='lat' dir='ltr'>vel</span> <span class='ocrx_word' id='word_1_35' title='bbox 586 280 619 312; x_wconf 83' lang='lat' dir='ltr'>in</span> <span class='ocrx_word' id='word_1_36' title='bbox 636 279 726 313; x_wconf 78' lang='lat' dir='ltr'>venis</span> <span class='ocrx_word' id='word_1_37' title='bbox 741 278 881 322; x_wconf 69' lang='lat' dir='ltr'>telluris,</span> <span class='ocrx_word' id='word_1_38' title='bbox 899 277 952 312; x_wconf 69' lang='lat' dir='ltr'>nel</span> <span class='ocrx_word' id='word_1_39' title='bbox 971 280 1005 313; x_wconf 90' lang='lat' dir='ltr'>in</span> <span class='ocrx_word' id='word_1_40' title='bbox 1024 276 1113 312; x_wconf 83' lang='lat' dir='ltr'>fibris</span> <span class='ocrx_word' id='word_1_41' title='bbox 1125 282 1315 327; x_wconf 81' lang='lat' dir='ltr'>magneticis</span> <span class='ocrx_word' id='word_1_42' title='bbox 1327 284 1376 330; x_wconf 85' lang='lat' dir='ltr'>agi</span> <span class='ocrx_word' id='word_1_43' title='bbox 1383 285 1439 317; x_wconf 85' lang='lat' dir='ltr'>tari</span> <span class='ocrx_word' id='word_1_44' title='bbox 1456 297 1463 318; x_wconf 91' lang='lat'>:</span> 
     </span>
     <span class='ocr_line' id='line_1_5' title="bbox 85 324 1465 379; baseline 0.001 -18"><span class='ocrx_word' id='word_1_45' title='bbox 85 325 137 362; x_wconf 73' lang='lat' dir='ltr'>fed</span> <span class='ocrx_word' id='word_1_46' title='bbox 147 325 228 360; x_wconf 69' lang='lat' dir='ltr'>illud</span> <span class='ocrx_word' id='word_1_47' title='bbox 241 326 336 374; x_wconf 68' lang='lat' dir='ltr'>lunge</span> <span class='ocrx_word' id='word_1_48' title='bbox 350 327 393 360; x_wconf 86' lang='lat' dir='ltr'>est</span> <span class='ocrx_word' id='word_1_49' title='bbox 405 325 602 362; x_wconf 77' lang='lat' dir='ltr'>verisimilius</span> <span class='ocrx_word' id='word_1_50' title='bbox 613 327 646 360; x_wconf 78' lang='lat' dir='ltr'>in</span> <span class='ocrx_word' id='word_1_51' title='bbox 662 324 958 375; x_wconf 62' lang='lat' dir='ltr'>magneteefi&#39;huillas</span> <span class='ocrx_word' id='word_1_52' title='bbox 975 354 985 369; x_wconf 85' lang='lat'>,</span> <span class='ocrx_word' id='word_1_53' title='bbox 998 331 1031 363; x_wconf 75' lang='grc' dir='ltr'>ὃ(</span> <span class='ocrx_word' id='word_1_54' title='bbox 1044 339 1152 361; x_wconf 76' lang='lat' dir='ltr'>earum</span> <span class='ocrx_word' id='word_1_55' title='bbox 1169 340 1292 364; x_wconf 84' lang='lat' dir='ltr'>meatus</span> <span class='ocrx_word' id='word_1_56' title='bbox 1304 332 1347 364; x_wconf 82' lang='lat' dir='ltr'>ita</span> <span class='ocrx_word' id='word_1_57' title='bbox 1359 331 1465 379; x_wconf 85' lang='lat' dir='ltr'>dispo-</span> 
     </span>
     <span class='ocr_line' id='line_1_6' title="bbox 87 372 1465 424; baseline 0.001 -15"><span class='ocrx_word' id='word_1_58' title='bbox 87 376 120 410; x_wconf 75' lang='lat' dir='ltr'>mi</span> <span class='ocrx_word' id='word_1_59' title='bbox 130 401 139 412; x_wconf 92' lang='lat'><em>‚</em></span> <span class='ocrx_word' id='word_1_60' title='bbox 160 384 194 409; x_wconf 84' lang='lat' dir='ltr'>ur</span> <span class='ocrx_word' id='word_1_61' title='bbox 206 375 242 408; x_wconf 72' lang='lat' dir='ltr'>iri</span> <span class='ocrx_word' id='word_1_62' title='bbox 281 387 365 409; x_wconf 89' lang='lat' dir='ltr'>anno</span> <span class='ocrx_word' id='word_1_63' title='bbox 375 372 584 422; x_wconf 73' lang='lat' dir='ltr'>serito,quem</span> <span class='ocrx_word' id='word_1_64' title='bbox 604 374 747 410; x_wconf 59' lang='lat' dir='ltr'>aelurum</span> <span class='ocrx_word' id='word_1_65' title='bbox 754 375 998 409; x_wconf 61' lang='lat' dir='ltr'>socant·:.adeo</span> <span class='ocrx_word' id='word_1_66' title='bbox 1012 386 1048 409; x_wconf 66' lang='lat' dir='ltr'>itt</span> <span class='ocrx_word' id='word_1_67' title='bbox 1061 378 1193 410; x_wconf 83' lang='lat' dir='ltr'>materia</span> <span class='ocrx_word' id='word_1_68' title='bbox 1210 380 1392 424; x_wconf 83' lang='lat' dir='ltr'>magnetica</span> <span class='ocrx_word' id='word_1_69' title='bbox 1403 379 1465 414; x_wconf 84' lang='lat' dir='ltr'>vil-</span> 
     </span>
     <span class='ocr_line' id='line_1_7' title="bbox 87 421 1465 472; baseline 0.005 -16"><span class='ocrx_word' id='word_1_70' title='bbox 87 421 136 457; x_wconf 84' lang='lat' dir='ltr'>los</span> <span class='ocrx_word' id='word_1_71' title='bbox 147 422 232 470; x_wconf 81' lang='lat' dir='ltr'>ipsos</span> <span class='ocrx_word' id='word_1_72' title='bbox 332 424 436 468; x_wconf 59' lang='lat' dir='ltr'>&#39;mat5</span> <span class='ocrx_word' id='word_1_73' title='bbox 446 426 505 471; x_wconf 84' lang='lat' dir='ltr'>qui</span> <span class='ocrx_word' id='word_1_74' title='bbox 522 422 806 459; x_wconf 77' lang='lat' dir='ltr'>obstatemeidem</span> <span class='ocrx_word' id='word_1_75' title='bbox 818 425 960 458; x_wconf 67' lang='lat' dir='ltr'>materiae</span> <span class='ocrx_word' id='word_1_76' title='bbox 969 421 1140 458; x_wconf 51' lang='lat' dir='ltr'>fi-reditum</span> <span class='ocrx_word' id='word_1_77' title='bbox 1157 437 1213 472; x_wconf 88' lang='lat' dir='ltr'>per</span> <span class='ocrx_word' id='word_1_78' title='bbox 1224 427 1360 462; x_wconf 87' lang='lat' dir='ltr'>eandem</span> <span class='ocrx_word' id='word_1_79' title='bbox 1378 429 1465 463; x_wconf 80' lang='lat' dir='ltr'>viam</span> 
     </span>
     <span class='ocr_line' id='line_1_8' title="bbox 87 481 235 506; baseline -0.014 0"><span class='ocrx_word' id='word_1_80' title='bbox 87 481 235 506; x_wconf 74' lang='lat' dir='ltr'>tentaret.</span> 
     </span>
    </p>

    <p class='ocr_par' dir='ltr' id='par_1_2' title="bbox 86 519 1468 1006">
     <span class='ocr_line' id='line_1_9' title="bbox 119 519 1467 574; baseline 0.004 -21"><span class='ocrx_word' id='word_1_81' title='bbox 119 522 161 554; x_wconf 75' lang='lat' dir='ltr'>Et</span> <span class='ocrx_word' id='word_1_82' title='bbox 170 519 304 567; x_wconf 87' lang='lat' dir='ltr'>quidem</span> <span class='ocrx_word' id='word_1_83' title='bbox 319 531 396 555; x_wconf 87' lang='lat' dir='ltr'>ante</span> <span class='ocrx_word' id='word_1_84' title='bbox 405 519 530 567; x_wconf 84' lang='lat' dir='ltr'>aliquot</span> <span class='ocrx_word' id='word_1_85' title='bbox 543 531 646 556; x_wconf 88' lang='lat' dir='ltr'>annos</span> <span class='ocrx_word' id='word_1_86' title='bbox 663 523 722 555; x_wconf 86' lang='lat' dir='ltr'>Vir</span> <span class='ocrx_word' id='word_1_87' title='bbox 734 519 854 556; x_wconf 74' lang='lat' dir='ltr'>Clariis.</span> <span class='ocrx_word' id='word_1_88' title='bbox 869 521 902 556; x_wconf 89' lang='lat' dir='ltr'>in</span> <span class='ocrx_word' id='word_1_89' title='bbox 914 521 1086 556; x_wconf 76' lang='lat' dir='ltr'>Academia</span> <span class='ocrx_word' id='word_1_90' title='bbox 1100 519 1186 555; x_wconf 89' lang='lat' dir='ltr'>suum</span> <span class='ocrx_word' id='word_1_91' title='bbox 1197 521 1236 556; x_wconf 85' lang='lat' dir='ltr'>de</span> <span class='ocrx_word' id='word_1_92' title='bbox 1251 536 1402 572; x_wconf 82' lang='lat' dir='ltr'><strong>magnete</strong></span> <span class='ocrx_word' id='word_1_93' title='bbox 1416 525 1467 574; x_wconf 76' lang='lat' dir='ltr'>sy.</span> 
     </span>
     <span class='ocr_line' id='line_1_10' title="bbox 87 567 1466 618; baseline 0.005 -16"><span class='ocrx_word' id='word_1_94' title='bbox 87 567 182 603; x_wconf 78' lang='lat' dir='ltr'>stema</span> <span class='ocrx_word' id='word_1_95' title='bbox 194 567 358 615; x_wconf 82' lang='lat' dir='ltr'>proposuit</span> <span class='ocrx_word' id='word_1_96' title='bbox 371 597 381 612; x_wconf 88' lang='lat'>‚</span> <span class='ocrx_word' id='word_1_97' title='bbox 400 569 486 615; x_wconf 90' lang='lat' dir='ltr'>quod</span> <span class='ocrx_word' id='word_1_98' title='bbox 498 568 576 603; x_wconf 89' lang='lat' dir='ltr'>mihi</span> <span class='ocrx_word' id='word_1_99' title='bbox 591 569 694 604; x_wconf 88' lang='lat' dir='ltr'>multo</span> <span class='ocrx_word' id='word_1_100' title='bbox 711 568 908 617; x_wconf 70' lang='lat' dir='ltr'>probabilius</span> <span class='ocrx_word' id='word_1_101' title='bbox 922 569 1044 616; x_wconf 81' lang='lat' dir='ltr'>semper</span> <span class='ocrx_word' id='word_1_102' title='bbox 1056 568 1157 604; x_wconf 73' lang='lat' dir='ltr'>vistim</span> <span class='ocrx_word' id='word_1_103' title='bbox 1170 570 1215 604; x_wconf 86' lang='lat' dir='ltr'>est</span> <span class='ocrx_word' id='word_1_104' title='bbox 1225 599 1234 614; x_wconf 80' lang='lat'>‚</span> <span class='ocrx_word' id='word_1_105' title='bbox 1253 572 1351 618; x_wconf 73' lang='lat' dir='ltr'>quam</span> <span class='ocrx_word' id='word_1_106' title='bbox 1367 573 1466 610; x_wconf 86' lang='lat' dir='ltr'>ullum</span> 
     </span>
     <span class='ocr_line' id='line_1_11' title="bbox 87 616 1466 666; baseline 0.005 -16"><span class='ocrx_word' id='word_1_107' title='bbox 87 616 175 663; x_wconf 88' lang='lat' dir='ltr'>quod</span> <span class='ocrx_word' id='word_1_108' title='bbox 189 616 343 651; x_wconf 69' lang='lat' dir='ltr'>haetenus</span> <span class='ocrx_word' id='word_1_109' title='bbox 357 618 574 664; x_wconf 86' lang='lat' dir='ltr'>excogitatum</span> <span class='ocrx_word' id='word_1_110' title='bbox 589 617 706 661; x_wconf 78' lang='lat' dir='ltr'>fuerit3</span> <span class='ocrx_word' id='word_1_111' title='bbox 721 629 820 664; x_wconf 89' lang='lat' dir='ltr'>atque</span> <span class='ocrx_word' id='word_1_112' title='bbox 839 617 1019 666; x_wconf 78' lang='lat' dir='ltr'>elegantem</span> <span class='ocrx_word' id='word_1_113' title='bbox 1032 617 1093 652; x_wconf 83' lang='lat' dir='ltr'>hac</span> <span class='ocrx_word' id='word_1_114' title='bbox 1112 618 1151 652; x_wconf 85' lang='lat' dir='ltr'>de</span> <span class='ocrx_word' id='word_1_115' title='bbox 1168 630 1200 651; x_wconf 84' lang='lat' dir='ltr'>re</span> <span class='ocrx_word' id='word_1_116' title='bbox 1217 619 1466 658; x_wconf 68' lang='lat' dir='ltr'>dissertationem</span> 
     </span>
     <span class='ocr_line' id='line_1_12' title="bbox 87 666 1466 715; baseline 0.006 -17"><span class='ocrx_word' id='word_1_117' title='bbox 87 667 248 713; x_wconf 77' lang='lat' dir='ltr'>pertexuit</span> <span class='ocrx_word' id='word_1_118' title='bbox 261 676 350 711; x_wconf 82' lang='lat' dir='ltr'>,quae</span> <span class='ocrx_word' id='word_1_119' title='bbox 362 667 396 700; x_wconf 86' lang='lat' dir='ltr'>in</span> <span class='ocrx_word' id='word_1_120' title='bbox 412 668 660 700; x_wconf 84' lang='lat' dir='ltr'>commentarios</span> <span class='ocrx_word' id='word_1_121' title='bbox 671 666 849 701; x_wconf 83' lang='lat' dir='ltr'>Academiae</span> <span class='ocrx_word' id='word_1_122' title='bbox 859 668 972 714; x_wconf 85' lang='lat' dir='ltr'>Regiae</span> <span class='ocrx_word' id='word_1_123' title='bbox 985 666 1085 700; x_wconf 85' lang='lat' dir='ltr'>relata</span> <span class='ocrx_word' id='word_1_124' title='bbox 1096 666 1150 709; x_wconf 87' lang='lat' dir='ltr'>est,</span> <span class='ocrx_word' id='word_1_125' title='bbox 1161 678 1322 715; x_wconf 85' lang='lat' dir='ltr'>quamque</span> <span class='ocrx_word' id='word_1_126' title='bbox 1335 668 1466 706; x_wconf 81' lang='lat' dir='ltr'>forsitan</span> 
     </span>
     <span class='ocr_line' id='line_1_13' title="bbox 87 711 1467 768; baseline 0.006 -22"><span class='ocrx_word' id='word_1_127' title='bbox 87 711 207 760; x_wconf 87' lang='lat' dir='ltr'>publici</span> <span class='ocrx_word' id='word_1_128' title='bbox 223 715 296 760; x_wconf 84' lang='lat' dir='ltr'>juris</span> <span class='ocrx_word' id='word_1_129' title='bbox 316 712 424 749; x_wconf 84' lang='lat' dir='ltr'>faciet.</span> <span class='ocrx_word' id='word_1_130' title='bbox 450 715 538 749; x_wconf 87' lang='lat' dir='ltr'>Hinc</span> <span class='ocrx_word' id='word_1_131' title='bbox 551 714 636 748; x_wconf 87' lang='lat' dir='ltr'>adeo</span> <span class='ocrx_word' id='word_1_132' title='bbox 645 713 799 751; x_wconf 87' lang='lat' dir='ltr'>nonnulla</span> <span class='ocrx_word' id='word_1_133' title='bbox 820 716 1012 762; x_wconf 77' lang='lat' dir='ltr'>decerpam,</span> <span class='ocrx_word' id='word_1_134' title='bbox 1030 726 1102 762; x_wconf 86' lang='lat' dir='ltr'>quae</span> <span class='ocrx_word' id='word_1_135' title='bbox 1114 716 1245 752; x_wconf 77' lang='lat' dir='ltr'>eruditis</span> <span class='ocrx_word' id='word_1_136' title='bbox 1263 730 1328 752; x_wconf 90' lang='lat' dir='ltr'>non</span> <span class='ocrx_word' id='word_1_137' title='bbox 1343 720 1467 768; x_wconf 83' lang='lat' dir='ltr'>ingrata</span> 
     </span>
     <span class='ocr_line' id='line_1_14' title="bbox 86 760 1467 813; baseline 0.005 -17"><span class='ocrx_word' id='word_1_138' title='bbox 86 760 192 796; x_wconf 83' lang='lat' dir='ltr'>futura</span> <span class='ocrx_word' id='word_1_139' title='bbox 206 760 441 797; x_wconf 66' lang='lat' dir='ltr'>sunt-’Primum</span> <span class='ocrx_word' id='word_1_140' title='bbox 457 764 567 809; x_wconf 79' lang='lat' dir='ltr'>iraque</span> <span class='ocrx_word' id='word_1_141' title='bbox 581 763 614 796; x_wconf 90' lang='lat' dir='ltr'>id</span> <span class='ocrx_word' id='word_1_142' title='bbox 624 765 735 810; x_wconf 88' lang='lat' dir='ltr'>ponit,</span> <span class='ocrx_word' id='word_1_143' title='bbox 754 763 843 810; x_wconf 85' lang='lat' dir='ltr'>quod</span> <span class='ocrx_word' id='word_1_144' title='bbox 855 762 902 797; x_wconf 83' lang='lat' dir='ltr'>ab</span> <span class='ocrx_word' id='word_1_145' title='bbox 915 762 1063 797; x_wconf 88' lang='lat' dir='ltr'>omnibus</span> <span class='ocrx_word' id='word_1_146' title='bbox 1076 764 1210 797; x_wconf 80' lang='lat' dir='ltr'>concedi</span> <span class='ocrx_word' id='word_1_147' title='bbox 1227 777 1375 813; x_wconf 82' lang='lat' dir='ltr'>oportet,</span> <span class='ocrx_word' id='word_1_148' title='bbox 1393 767 1467 803; x_wconf 88' lang='lat' dir='ltr'>sub-</span> 
     </span>
     <span class='ocr_line' id='line_1_15' title="bbox 87 809 1467 859; baseline 0.003 -15"><span class='ocrx_word' id='word_1_149' title='bbox 87 809 231 844; x_wconf 75' lang='lat' dir='ltr'>stantiam</span> <span class='ocrx_word' id='word_1_150' title='bbox 248 811 410 857; x_wconf 86' lang='lat' dir='ltr'>quandam</span> <span class='ocrx_word' id='word_1_151' title='bbox 423 823 479 859; x_wconf 86' lang='lat' dir='ltr'>per</span> <span class='ocrx_word' id='word_1_152' title='bbox 489 823 674 859; x_wconf 84' lang='lat' dir='ltr'>magnetem</span> <span class='ocrx_word' id='word_1_153' title='bbox 688 840 698 855; x_wconf 85' lang='lat'><strong>,</strong></span> <span class='ocrx_word' id='word_1_154' title='bbox 716 817 750 847; x_wconf 92' lang='lat'>&amp;</span> <span class='ocrx_word' id='word_1_155' title='bbox 764 814 845 846; x_wconf 85' lang='lat' dir='ltr'>circa</span> <span class='ocrx_word' id='word_1_156' title='bbox 862 824 937 846; x_wconf 86' lang='lat' dir='ltr'>eurn</span> <span class='ocrx_word' id='word_1_157' title='bbox 952 811 1239 847; x_wconf 86' lang='lat' dir='ltr'>continenter-ferri</span> <span class='ocrx_word' id='word_1_158' title='bbox 1257 828 1265 848; x_wconf 69' lang='grc' dir='ltr'><strong><em>ι</em></strong></span> <span class='ocrx_word' id='word_1_159' title='bbox 1282 827 1358 849; x_wconf 61' lang='lat' dir='ltr'>nam</span> <span class='ocrx_word' id='word_1_160' title='bbox 1376 815 1467 852; x_wconf 78' lang='lat' dir='ltr'>lima-</span> 
     </span>
     <span class='ocr_line' id='line_1_16' title="bbox 90 857 1468 908; baseline 0.006 -16"><span class='ocrx_word' id='word_1_161' title='bbox 90 868 160 892; x_wconf 84' lang='lat' dir='ltr'>tura</span> <span class='ocrx_word' id='word_1_162' title='bbox 174 857 250 893; x_wconf 86' lang='lat' dir='ltr'>ferri</span> <span class='ocrx_word' id='word_1_163' title='bbox 262 860 295 893; x_wconf 87' lang='lat' dir='ltr'>in</span> <span class='ocrx_word' id='word_1_164' title='bbox 305 858 446 893; x_wconf 87' lang='lat' dir='ltr'>chartam</span> <span class='ocrx_word' id='word_1_165' title='bbox 461 887 470 901; x_wconf 90' lang='lat'>‚</span> <span class='ocrx_word' id='word_1_166' title='bbox 489 862 540 894; x_wconf 89' lang='lat' dir='ltr'>cui</span> <span class='ocrx_word' id='word_1_167' title='bbox 558 872 689 907; x_wconf 81' lang='lat' dir='ltr'>magnes</span> <span class='ocrx_word' id='word_1_168' title='bbox 708 859 892 908; x_wconf 87' lang='lat' dir='ltr'>supponitur</span> <span class='ocrx_word' id='word_1_169' title='bbox 908 888 918 903; x_wconf 89' lang='lat'>‚</span> <span class='ocrx_word' id='word_1_170' title='bbox 947 859 1043 895; x_wconf 83' lang='lat' dir='ltr'>effusa</span> <span class='ocrx_word' id='word_1_171' title='bbox 1060 860 1148 908; x_wconf 89' lang='lat' dir='ltr'>hujus</span> <span class='ocrx_word' id='word_1_172' title='bbox 1172 864 1273 896; x_wconf 87' lang='lat' dir='ltr'>tenuis</span> <span class='ocrx_word' id='word_1_173' title='bbox 1289 862 1468 900; x_wconf 71' lang='lat' dir='ltr'>substantia:</span> 
     </span>
     <span class='ocr_line' id='line_1_17' title="bbox 86 906 1467 956; baseline 0.007 -16"><span class='ocrx_word' id='word_1_174' title='bbox 86 906 194 950; x_wconf 86' lang='lat' dir='ltr'>iter,&amp;</span> <span class='ocrx_word' id='word_1_175' title='bbox 204 907 292 942; x_wconf 85' lang='lat' dir='ltr'>velut</span> <span class='ocrx_word' id='word_1_176' title='bbox 304 906 368 956; x_wconf 84' lang='lat' dir='ltr'>ipsa</span> <span class='ocrx_word' id='word_1_177' title='bbox 382 909 490 944; x_wconf 68' lang='lat' dir='ltr'>motus</span> <span class='ocrx_word' id='word_1_178' title='bbox 504 907 641 956; x_wconf 86' lang='lat' dir='ltr'>vestigia</span> <span class='ocrx_word' id='word_1_179' title='bbox 652 909 901 946; x_wconf 84' lang='lat' dir='ltr'>commonstrat:</span> <span class='ocrx_word' id='word_1_180' title='bbox 919 909 1002 944; x_wconf 87' lang='lat' dir='ltr'>adeo</span> <span class='ocrx_word' id='word_1_181' title='bbox 1010 920 1045 944; x_wconf 87' lang='lat' dir='ltr'>ut</span> <span class='ocrx_word' id='word_1_182' title='bbox 1054 908 1234 944; x_wconf 82' lang='lat' dir='ltr'>limaturam</span> <span class='ocrx_word' id='word_1_183' title='bbox 1249 910 1343 946; x_wconf 71' lang='lat' dir='ltr'>insui</span> <span class='ocrx_word' id='word_1_184' title='bbox 1355 915 1467 954; x_wconf 71' lang='lat' dir='ltr'>moti&#39;is</span> 
     </span>
     <span class='ocr_line' id='line_1_18' title="bbox 88 953 346 1006; baseline 0.008 -16"><span class='ocrx_word' id='word_1_185' title='bbox 88 953 176 1003; x_wconf 85' lang='lat' dir='ltr'>leges</span> <span class='ocrx_word' id='word_1_186' title='bbox 190 958 346 1006; x_wconf 75' lang='lat' dir='ltr'>exagitet.</span> 
     </span>
    </p>

    <p class='ocr_par' dir='ltr' id='par_1_3' title="bbox 88 1003 1473 1780">
     <span class='ocr_line' id='line_1_19' title="bbox 127 1003 1471 1058; baseline 0.001 -17"><span class='ocrx_word' id='word_1_187' title='bbox 127 1018 156 1041; x_wconf 70' lang='grc' dir='ltr'>ι,</span> <span class='ocrx_word' id='word_1_188' title='bbox 167 1007 243 1040; x_wconf 87' lang='lat' dir='ltr'>Hoc</span> <span class='ocrx_word' id='word_1_189' title='bbox 254 1007 466 1052; x_wconf 81' lang='lat' dir='ltr'>magneticum</span> <span class='ocrx_word' id='word_1_190' title='bbox 479 1003 643 1040; x_wconf 83' lang='lat' dir='ltr'>effluvium</span> <span class='ocrx_word' id='word_1_191' title='bbox 654 1008 685 1040; x_wconf 88' lang='lat' dir='ltr'>in</span> <span class='ocrx_word' id='word_1_192' title='bbox 697 1017 802 1041; x_wconf 84' lang='lat' dir='ltr'>toturn</span> <span class='ocrx_word' id='word_1_193' title='bbox 816 1006 889 1041; x_wconf 67' lang='lat' dir='ltr'>ae&#39;ra</span> <span class='ocrx_word' id='word_1_194' title='bbox 900 1035 910 1050; x_wconf 92' lang='lat'>,</span> <span class='ocrx_word' id='word_1_195' title='bbox 933 1008 1000 1041; x_wconf 85' lang='lat' dir='ltr'>imo</span> <span class='ocrx_word' id='word_1_196' title='bbox 1018 1012 1051 1044; x_wconf 89' lang='lat'>&amp;</span> <span class='ocrx_word' id='word_1_197' title='bbox 1062 1009 1094 1044; x_wconf 90' lang='lat' dir='ltr'>in</span> <span class='ocrx_word' id='word_1_198' title='bbox 1104 1007 1220 1044; x_wconf 83' lang='lat' dir='ltr'>aethera</span> <span class='ocrx_word' id='word_1_199' title='bbox 1229 1008 1268 1043; x_wconf 81' lang='lat' dir='ltr'>sic</span> <span class='ocrx_word' id='word_1_200' title='bbox 1280 1007 1402 1058; x_wconf 88' lang='lat' dir='ltr'>ubique</span> <span class='ocrx_word' id='word_1_201' title='bbox 1420 1011 1471 1047; x_wconf 81' lang='lat' dir='ltr'>ef.</span> 
     </span>
     <span class='ocr_line' id='line_1_20' title="bbox 88 1051 1472 1108; baseline 0.006 -21"><span class='ocrx_word' id='word_1_202' title='bbox 88 1051 233 1088; x_wconf 80' lang='lat' dir='ltr'>funditur</span> <span class='ocrx_word' id='word_1_203' title='bbox 244 1081 254 1096; x_wconf 90' lang='lat'>‚</span> <span class='ocrx_word' id='word_1_204' title='bbox 273 1064 308 1088; x_wconf 88' lang='lat' dir='ltr'>ut</span> <span class='ocrx_word' id='word_1_205' title='bbox 318 1055 417 1101; x_wconf 76' lang='lat' dir='ltr'>quam</span> <span class='ocrx_word' id='word_1_206' title='bbox 431 1053 602 1102; x_wconf 84' lang='lat' dir='ltr'>raptiffime</span> <span class='ocrx_word' id='word_1_207' title='bbox 616 1081 624 1096; x_wconf 84' lang='lat'>‚</span> <span class='ocrx_word' id='word_1_208' title='bbox 638 1056 715 1090; x_wconf 87' lang='lat' dir='ltr'>&amp;in</span> <span class='ocrx_word' id='word_1_209' title='bbox 730 1067 840 1089; x_wconf 88' lang='lat' dir='ltr'>omnes</span> <span class='ocrx_word' id='word_1_210' title='bbox 853 1067 958 1102; x_wconf 84' lang='lat' dir='ltr'>partes</span> <span class='ocrx_word' id='word_1_211' title='bbox 968 1068 1148 1092; x_wconf 86' lang='lat' dir='ltr'>moveatur.</span> <span class='ocrx_word' id='word_1_212' title='bbox 1161 1060 1205 1092; x_wconf 73' lang='lat' dir='ltr'>³At</span> <span class='ocrx_word' id='word_1_213' title='bbox 1219 1059 1252 1091; x_wconf 91' lang='lat' dir='ltr'>in</span> <span class='ocrx_word' id='word_1_214' title='bbox 1262 1056 1329 1105; x_wconf 88' lang='lat' dir='ltr'>ipso</span> <span class='ocrx_word' id='word_1_215' title='bbox 1339 1058 1472 1108; x_wconf 82' lang='lat' dir='ltr'>magne-</span> 
     </span>
     <span class='ocr_line' id='line_1_21' title="bbox 89 1100 1472 1153; baseline 0.003 -17"><span class='ocrx_word' id='word_1_216' title='bbox 89 1111 123 1136; x_wconf 87' lang='lat' dir='ltr'>te</span> <span class='ocrx_word' id='word_1_217' title='bbox 133 1129 142 1144; x_wconf 89' lang='lat'><strong>,</strong></span> <span class='ocrx_word' id='word_1_218' title='bbox 155 1113 209 1136; x_wconf 89' lang='lat' dir='ltr'>aut</span> <span class='ocrx_word' id='word_1_219' title='bbox 219 1100 305 1136; x_wconf 84' lang='lat' dir='ltr'>ferro</span> <span class='ocrx_word' id='word_1_220' title='bbox 319 1104 350 1137; x_wconf 93' lang='lat' dir='ltr'>vi</span> <span class='ocrx_word' id='word_1_221' title='bbox 365 1104 543 1151; x_wconf 84' lang='lat' dir='ltr'>magnetica</span> <span class='ocrx_word' id='word_1_222' title='bbox 559 1101 684 1137; x_wconf 87' lang='lat' dir='ltr'>imbuto</span> <span class='ocrx_word' id='word_1_223' title='bbox 695 1102 789 1150; x_wconf 87' lang='lat' dir='ltr'>longe</span> <span class='ocrx_word' id='word_1_224' title='bbox 801 1103 847 1137; x_wconf 87' lang='lat' dir='ltr'>est</span> <span class='ocrx_word' id='word_1_225' title='bbox 861 1102 1002 1145; x_wconf 59' lang='lat' dir='ltr'>uberim,</span> <span class='ocrx_word' id='word_1_226' title='bbox 1014 1109 1053 1140; x_wconf 67' lang='grc' dir='ltr'>’ἀ</span> <span class='ocrx_word' id='word_1_227' title='bbox 1062 1107 1145 1139; x_wconf 79' lang='lat' dir='ltr'>circa</span> <span class='ocrx_word' id='word_1_228' title='bbox 1155 1117 1324 1153; x_wconf 84' lang='lat' dir='ltr'>utrumque</span> <span class='ocrx_word' id='word_1_229' title='bbox 1340 1108 1472 1143; x_wconf 84' lang='lat' dir='ltr'>confer-</span> 
     </span>
     <span class='ocr_line' id='line_1_22' title="bbox 91 1149 1471 1206; baseline 0.005 -22"><span class='ocrx_word' id='word_1_230' title='bbox 91 1152 153 1185; x_wconf 87' lang='lat' dir='ltr'>tim</span> <span class='ocrx_word' id='word_1_231' title='bbox 161 1152 310 1198; x_wconf 81' lang='lat' dir='ltr'>agitatur,</span> <span class='ocrx_word' id='word_1_232' title='bbox 321 1151 409 1198; x_wconf 91' lang='lat' dir='ltr'>quod</span> <span class='ocrx_word' id='word_1_233' title='bbox 426 1162 546 1185; x_wconf 83' lang='lat' dir='ltr'>meatus</span> <span class='ocrx_word' id='word_1_234' title='bbox 561 1153 606 1186; x_wconf 88' lang='lat' dir='ltr'>ita</span> <span class='ocrx_word' id='word_1_235' title='bbox 624 1149 721 1186; x_wconf 84' lang='lat' dir='ltr'>fintin</span> <span class='ocrx_word' id='word_1_236' title='bbox 732 1150 1040 1200; x_wconf 75' lang='lat' dir='ltr'>niagnetodispositi‚</span> <span class='ocrx_word' id='word_1_237' title='bbox 1052 1158 1085 1188; x_wconf 61' lang='grc' dir='ltr'>ἃ</span> <span class='ocrx_word' id='word_1_238' title='bbox 1097 1157 1136 1189; x_wconf 81' lang='lat' dir='ltr'>in</span> <span class='ocrx_word' id='word_1_239' title='bbox 1151 1156 1271 1189; x_wconf 66' lang='lat' dir='ltr'>reetam</span> <span class='ocrx_word' id='word_1_240' title='bbox 1285 1154 1401 1189; x_wconf 82' lang='lat' dir='ltr'>lineam</span> <span class='ocrx_word' id='word_1_241' title='bbox 1415 1169 1471 1206; x_wconf 85' lang='lat' dir='ltr'>ap-</span> 
     </span>
     <span class='ocr_line' id='line_1_23' title="bbox 90 1198 1468 1252; baseline 0.005 -19"><span class='ocrx_word' id='word_1_242' title='bbox 90 1200 198 1241; x_wconf 84' lang='lat' dir='ltr'>tati,ut</span> <span class='ocrx_word' id='word_1_243' title='bbox 205 1211 241 1233; x_wconf 88' lang='lat' dir='ltr'>ea</span> <span class='ocrx_word' id='word_1_244' title='bbox 254 1201 387 1234; x_wconf 85' lang='lat' dir='ltr'>materia</span> <span class='ocrx_word' id='word_1_245' title='bbox 399 1201 457 1234; x_wconf 88' lang='lat' dir='ltr'>iter</span> <span class='ocrx_word' id='word_1_246' title='bbox 466 1198 523 1233; x_wconf 88' lang='lat' dir='ltr'>sibi</span> <span class='ocrx_word' id='word_1_247' title='bbox 534 1200 814 1234; x_wconf 86' lang='lat' dir='ltr'>accommodatum</span> <span class='ocrx_word' id='word_1_248' title='bbox 826 1201 857 1234; x_wconf 90' lang='lat' dir='ltr'>in</span> <span class='ocrx_word' id='word_1_249' title='bbox 877 1212 1028 1248; x_wconf 82' lang='lat' dir='ltr'>magnete</span> <span class='ocrx_word' id='word_1_250' title='bbox 1037 1213 1093 1235; x_wconf 86' lang='lat' dir='ltr'>aut</span> <span class='ocrx_word' id='word_1_251' title='bbox 1104 1202 1190 1236; x_wconf 87' lang='lat' dir='ltr'>ferro</span> <span class='ocrx_word' id='word_1_252' title='bbox 1203 1201 1349 1237; x_wconf 79' lang='lat' dir='ltr'>offendat</span> <span class='ocrx_word' id='word_1_253' title='bbox 1364 1206 1468 1252; x_wconf 87' lang='lat' dir='ltr'>Qod</span> 
     </span>
     <span class='ocr_line' id='line_1_24' title="bbox 90 1246 1471 1298; baseline 0.002 -16"><span class='ocrx_word' id='word_1_254' title='bbox 90 1249 203 1294; x_wconf 90' lang='lat' dir='ltr'>utique</span> <span class='ocrx_word' id='word_1_255' title='bbox 215 1246 252 1282; x_wconf 83' lang='lat' dir='ltr'>fit</span> <span class='ocrx_word' id='word_1_256' title='bbox 262 1247 360 1283; x_wconf 80' lang='lat' dir='ltr'>velex</span> <span class='ocrx_word' id='word_1_257' title='bbox 374 1260 414 1282; x_wconf 90' lang='lat' dir='ltr'>eo</span> <span class='ocrx_word' id='word_1_258' title='bbox 428 1249 567 1282; x_wconf 82' lang='lat' dir='ltr'>maxime</span> <span class='ocrx_word' id='word_1_259' title='bbox 578 1247 666 1294; x_wconf 87' lang='lat' dir='ltr'>quod</span> <span class='ocrx_word' id='word_1_260' title='bbox 683 1250 838 1295; x_wconf 84' lang='lat' dir='ltr'>magnetis</span> <span class='ocrx_word' id='word_1_261' title='bbox 853 1261 947 1296; x_wconf 84' lang='lat' dir='ltr'>poros</span> <span class='ocrx_word' id='word_1_262' title='bbox 961 1248 1109 1298; x_wconf 87' lang='lat' dir='ltr'>oblongae</span> <span class='ocrx_word' id='word_1_263' title='bbox 1118 1250 1278 1298; x_wconf 72' lang='lat' dir='ltr'>particulae</span> <span class='ocrx_word' id='word_1_264' title='bbox 1297 1256 1332 1287; x_wconf 71' lang='grc' dir='ltr'>ὃ(</span> <span class='ocrx_word' id='word_1_265' title='bbox 1351 1254 1382 1286; x_wconf 88' lang='lat' dir='ltr'>in</span> <span class='ocrx_word' id='word_1_266' title='bbox 1395 1264 1471 1289; x_wconf 88' lang='lat' dir='ltr'>ean-</span> 
     </span>
     <span class='ocr_line' id='line_1_25' title="bbox 90 1295 1472 1349; baseline 0.003 -20"><span class='ocrx_word' id='word_1_267' title='bbox 90 1295 165 1330; x_wconf 80' lang='lat' dir='ltr'>dem</span> <span class='ocrx_word' id='word_1_268' title='bbox 185 1307 430 1344; x_wconf 52' lang='lat' dir='ltr'>partem‘pronae</span> <span class='ocrx_word' id='word_1_269' title='bbox 441 1295 724 1343; x_wconf 80' lang='lat' dir='ltr'>intus-exasperent</span> <span class='ocrx_word' id='word_1_270' title='bbox 737 1311 744 1332; x_wconf 74' lang='grc' dir='ltr'>ε</span> <span class='ocrx_word' id='word_1_271' title='bbox 758 1296 827 1331; x_wconf 88' lang='lat' dir='ltr'>sunt</span> <span class='ocrx_word' id='word_1_272' title='bbox 841 1299 928 1332; x_wconf 87' lang='lat' dir='ltr'>enim</span> <span class='ocrx_word' id='word_1_273' title='bbox 944 1297 1033 1332; x_wconf 91' lang='lat' dir='ltr'>velut</span> <span class='ocrx_word' id='word_1_274' title='bbox 1047 1298 1104 1346; x_wconf 91' lang='lat' dir='ltr'>pili</span> <span class='ocrx_word' id='word_1_275' title='bbox 1115 1301 1321 1345; x_wconf 87' lang='lat' dir='ltr'>quimateriae</span> <span class='ocrx_word' id='word_1_276' title='bbox 1337 1313 1472 1349; x_wconf 84' lang='lat' dir='ltr'>magne-</span> 
     </span>
     <span class='ocr_line' id='line_1_26' title="bbox 91 1343 1471 1394; baseline 0.004 -15"><span class='ocrx_word' id='word_1_277' title='bbox 91 1345 164 1379; x_wconf 82' lang='lat' dir='ltr'>tica:</span> <span class='ocrx_word' id='word_1_278' title='bbox 176 1356 214 1379; x_wconf 80' lang='lat' dir='ltr'>ex</span> <span class='ocrx_word' id='word_1_279' title='bbox 226 1356 316 1379; x_wconf 87' lang='lat' dir='ltr'>certo</span> <span class='ocrx_word' id='word_1_280' title='bbox 327 1345 400 1379; x_wconf 89' lang='lat' dir='ltr'>loco</span> <span class='ocrx_word' id='word_1_281' title='bbox 412 1350 443 1382; x_wconf 66' lang='grc' dir='ltr'>ὃς</span> <span class='ocrx_word' id='word_1_282' title='bbox 454 1344 512 1380; x_wconf 79' lang='lat' dir='ltr'>situ</span> <span class='ocrx_word' id='word_1_283' title='bbox 524 1343 667 1379; x_wconf 87' lang='lat' dir='ltr'>subeunti</span> <span class='ocrx_word' id='word_1_284' title='bbox 685 1343 846 1380; x_wconf 77' lang='lat' dir='ltr'>transitum</span> <span class='ocrx_word' id='word_1_285' title='bbox 862 1348 1054 1393; x_wconf 72' lang='lat' dir='ltr'>permittunt</span> <span class='ocrx_word' id='word_1_286' title='bbox 1070 1363 1079 1388; x_wconf 91' lang='lat'>;</span> <span class='ocrx_word' id='word_1_287' title='bbox 1107 1347 1204 1382; x_wconf 87' lang='lat' dir='ltr'>aliam</span> <span class='ocrx_word' id='word_1_288' title='bbox 1222 1360 1292 1394; x_wconf 86' lang='lat' dir='ltr'>quae</span> <span class='ocrx_word' id='word_1_289' title='bbox 1312 1353 1471 1385; x_wconf 82' lang='lat' dir='ltr'>contraria</span> 
     </span>
     <span class='ocr_line' id='line_1_27' title="bbox 90 1393 1470 1444; baseline 0.005 -18"><span class='ocrx_word' id='word_1_290' title='bbox 90 1404 180 1441; x_wconf 79' lang='lat' dir='ltr'>parte</span> <span class='ocrx_word' id='word_1_291' title='bbox 195 1393 316 1441; x_wconf 81' lang='lat' dir='ltr'>ingredi</span> <span class='ocrx_word' id='word_1_292' title='bbox 331 1393 464 1428; x_wconf 86' lang='lat' dir='ltr'>molitur</span> <span class='ocrx_word' id='word_1_293' title='bbox 475 1422 485 1437; x_wconf 86' lang='lat'><strong>,</strong></span> <span class='ocrx_word' id='word_1_294' title='bbox 502 1404 641 1429; x_wconf 46' lang='lat' dir='ltr'>arceantf</span> <span class='ocrx_word' id='word_1_295' title='bbox 649 1393 747 1430; x_wconf 89' lang='lat' dir='ltr'>Unde</span> <span class='ocrx_word' id='word_1_296' title='bbox 758 1396 982 1442; x_wconf 79' lang='lat' dir='ltr'>&amp;magnetica</span> <span class='ocrx_word' id='word_1_297' title='bbox 995 1393 1163 1430; x_wconf 81' lang='lat' dir='ltr'>substantia</span> <span class='ocrx_word' id='word_1_298' title='bbox 1176 1399 1259 1430; x_wconf 85' lang='lat' dir='ltr'>circa</span> <span class='ocrx_word' id='word_1_299' title='bbox 1269 1409 1470 1444; x_wconf 85' lang='lat' dir='ltr'>magnetem,</span> 
     </span>
     <span class='ocr_line' id='line_1_28' title="bbox 91 1441 1471 1494; baseline 0.002 -19"><span class='ocrx_word' id='word_1_300' title='bbox 91 1443 214 1479; x_wconf 80' lang='lat' dir='ltr'>&amp;intra</span> <span class='ocrx_word' id='word_1_301' title='bbox 228 1441 329 1490; x_wconf 88' lang='lat' dir='ltr'>ipsum</span> <span class='ocrx_word' id='word_1_302' title='bbox 342 1443 501 1477; x_wconf 85' lang='lat' dir='ltr'>vorticem</span> <span class='ocrx_word' id='word_1_303' title='bbox 519 1442 691 1488; x_wconf 86' lang='lat' dir='ltr'>quemdam</span> <span class='ocrx_word' id='word_1_304' title='bbox 711 1444 799 1491; x_wconf 84' lang='lat' dir='ltr'>agit,</span> <span class='ocrx_word' id='word_1_305' title='bbox 822 1447 856 1478; x_wconf 75' lang='grc' dir='ltr'>δε</span> <span class='ocrx_word' id='word_1_306' title='bbox 874 1442 1124 1489; x_wconf 86' lang='lat' dir='ltr'>nusquamalibi.</span> <span class='ocrx_word' id='word_1_307' title='bbox 1153 1447 1241 1481; x_wconf 86' lang='lat' dir='ltr'>Nam</span> <span class='ocrx_word' id='word_1_308' title='bbox 1266 1446 1298 1479; x_wconf 90' lang='lat' dir='ltr'>in</span> <span class='ocrx_word' id='word_1_309' title='bbox 1320 1457 1471 1494; x_wconf 75' lang='lat' dir='ltr'>magnete</span> 
     </span>
     <span class='ocr_line' id='line_1_29' title="bbox 90 1488 1471 1540; baseline 0 -14"><span class='ocrx_word' id='word_1_310' title='bbox 90 1491 178 1526; x_wconf 77' lang='lat' dir='ltr'>viam</span> <span class='ocrx_word' id='word_1_311' title='bbox 189 1488 243 1524; x_wconf 82' lang='lat' dir='ltr'>fibi</span> <span class='ocrx_word' id='word_1_312' title='bbox 254 1492 360 1525; x_wconf 89' lang='lat' dir='ltr'>munit</span> <span class='ocrx_word' id='word_1_313' title='bbox 374 1501 517 1538; x_wconf 87' lang='lat' dir='ltr'>apertam</span> <span class='ocrx_word' id='word_1_314' title='bbox 528 1489 704 1526; x_wconf 84' lang='lat' dir='ltr'>&amp;liberam</span> <span class='ocrx_word' id='word_1_315' title='bbox 716 1517 725 1531; x_wconf 85' lang='lat'><strong>‚</strong></span> <span class='ocrx_word' id='word_1_316' title='bbox 738 1503 845 1537; x_wconf 90' lang='lat' dir='ltr'>neque</span> <span class='ocrx_word' id='word_1_317' title='bbox 854 1490 873 1526; x_wconf 75' lang='grc' dir='ltr'>ὲ</span> <span class='ocrx_word' id='word_1_318' title='bbox 884 1493 1014 1524; x_wconf 79' lang='lat' dir='ltr'>materia</span> <span class='ocrx_word' id='word_1_319' title='bbox 1025 1491 1176 1526; x_wconf 79' lang='lat' dir='ltr'>consimili</span> <span class='ocrx_word' id='word_1_320' title='bbox 1196 1504 1234 1527; x_wconf 85' lang='lat' dir='ltr'>ex</span> <span class='ocrx_word' id='word_1_321' title='bbox 1246 1492 1388 1540; x_wconf 80' lang='lat' dir='ltr'>opposita</span> <span class='ocrx_word' id='word_1_322' title='bbox 1399 1507 1471 1540; x_wconf 88' lang='lat' dir='ltr'>par.</span> 
     </span>
     <span class='ocr_line' id='line_1_30' title="bbox 90 1537 1470 1587; baseline 0.001 -14"><span class='ocrx_word' id='word_1_323' title='bbox 90 1548 126 1573; x_wconf 83' lang='lat' dir='ltr'>-te</span> <span class='ocrx_word' id='word_1_324' title='bbox 136 1539 369 1582; x_wconf 85' lang='lat' dir='ltr'>accedente,ut</span> <span class='ocrx_word' id='word_1_325' title='bbox 379 1538 496 1586; x_wconf 87' lang='lat' dir='ltr'>ubique</span> <span class='ocrx_word' id='word_1_326' title='bbox 507 1537 588 1582; x_wconf 90' lang='lat' dir='ltr'>fere,</span> <span class='ocrx_word' id='word_1_327' title='bbox 599 1538 774 1586; x_wconf 86' lang='lat' dir='ltr'>repellitur.</span> <span class='ocrx_word' id='word_1_328' title='bbox 793 1538 970 1573; x_wconf 85' lang='lat' dir='ltr'>Substantia</span> <span class='ocrx_word' id='word_1_329' title='bbox 979 1541 1066 1573; x_wconf 87' lang='lat' dir='ltr'>enim</span> <span class='ocrx_word' id='word_1_330' title='bbox 1078 1539 1199 1587; x_wconf 86' lang='lat' dir='ltr'>liquida</span> <span class='ocrx_word' id='word_1_331' title='bbox 1214 1546 1248 1577; x_wconf 89' lang='lat'>&amp;</span> <span class='ocrx_word' id='word_1_332' title='bbox 1265 1543 1367 1575; x_wconf 87' lang='lat' dir='ltr'>tenuis</span> <span class='ocrx_word' id='word_1_333' title='bbox 1390 1542 1470 1577; x_wconf 84' lang='lat' dir='ltr'>faci-</span> 
     </span>
     <span class='ocr_line' id='line_1_31' title="bbox 89 1585 1472 1634; baseline 0 -11"><span class='ocrx_word' id='word_1_334' title='bbox 89 1586 122 1623; x_wconf 69' lang='lat' dir='ltr'>le</span> <span class='ocrx_word' id='word_1_335' title='bbox 130 1588 161 1621; x_wconf 90' lang='lat' dir='ltr'>in</span> <span class='ocrx_word' id='word_1_336' title='bbox 175 1589 333 1622; x_wconf 81' lang='lat' dir='ltr'>vorticem</span> <span class='ocrx_word' id='word_1_337' title='bbox 343 1597 584 1634; x_wconf 86' lang='lat' dir='ltr'>contorquetur,</span> <span class='ocrx_word' id='word_1_338' title='bbox 602 1585 676 1620; x_wconf 73' lang='lat' dir='ltr'>cum</span> <span class='ocrx_word' id='word_1_339' title='bbox 688 1587 799 1634; x_wconf 87' lang='lat' dir='ltr'>rapido</span> <span class='ocrx_word' id='word_1_340' title='bbox 810 1586 910 1622; x_wconf 86' lang='lat' dir='ltr'>fertur</span> <span class='ocrx_word' id='word_1_341' title='bbox 926 1588 1128 1634; x_wconf 88' lang='lat' dir='ltr'>motu‚idque</span> <span class='ocrx_word' id='word_1_342' title='bbox 1143 1591 1281 1623; x_wconf 83' lang='lat' dir='ltr'>maxime</span> <span class='ocrx_word' id='word_1_343' title='bbox 1291 1588 1347 1623; x_wconf 90' lang='lat' dir='ltr'>ubi</span> <span class='ocrx_word' id='word_1_344' title='bbox 1358 1592 1391 1625; x_wconf 90' lang='lat' dir='ltr'>in</span> <span class='ocrx_word' id='word_1_345' title='bbox 1401 1603 1472 1626; x_wconf 90' lang='lat' dir='ltr'>cor-</span> 
     </span>
     <span class='ocr_line' id='line_1_32' title="bbox 91 1633 1471 1684; baseline 0.004 -15"><span class='ocrx_word' id='word_1_346' title='bbox 91 1647 149 1684; x_wconf 80' lang='lat' dir='ltr'>pus</span> <span class='ocrx_word' id='word_1_347' title='bbox 169 1635 322 1679; x_wconf 79' lang='lat' dir='ltr'>offendit,</span> <span class='ocrx_word' id='word_1_348' title='bbox 340 1637 428 1683; x_wconf 89' lang='lat' dir='ltr'>quod</span> <span class='ocrx_word' id='word_1_349' title='bbox 441 1640 502 1683; x_wconf 82' lang='lat' dir='ltr'>ejus</span> <span class='ocrx_word' id='word_1_350' title='bbox 515 1636 616 1670; x_wconf 88' lang='lat' dir='ltr'>motui</span> <span class='ocrx_word' id='word_1_351' title='bbox 634 1633 754 1669; x_wconf 84' lang='lat' dir='ltr'>obfistit</span> <span class='ocrx_word' id='word_1_352' title='bbox 766 1650 774 1670; x_wconf 96' lang='lat'><strong>:</strong></span> <span class='ocrx_word' id='word_1_353' title='bbox 786 1646 852 1670; x_wconf 89' lang='lat' dir='ltr'>tum</span> <span class='ocrx_word' id='word_1_354' title='bbox 867 1637 996 1670; x_wconf 87' lang='lat' dir='ltr'>enimin</span> <span class='ocrx_word' id='word_1_355' title='bbox 1007 1635 1103 1684; x_wconf 80' lang='lat' dir='ltr'>seipsa</span> <span class='ocrx_word' id='word_1_356' title='bbox 1116 1637 1276 1680; x_wconf 84' lang='lat' dir='ltr'>volvitur,</span> <span class='ocrx_word' id='word_1_357' title='bbox 1287 1642 1320 1673; x_wconf 91' lang='lat'>&amp;</span> <span class='ocrx_word' id='word_1_358' title='bbox 1334 1640 1471 1674; x_wconf 89' lang='lat' dir='ltr'>circum-</span> 
     </span>
     <span class='ocr_line' id='line_1_33' title="bbox 91 1682 1473 1736; baseline 0.004 -17"><span class='ocrx_word' id='word_1_359' title='bbox 91 1682 166 1719; x_wconf 82' lang='lat' dir='ltr'>fusae</span> <span class='ocrx_word' id='word_1_360' title='bbox 184 1686 324 1719; x_wconf 85' lang='lat' dir='ltr'>matetiae</span> <span class='ocrx_word' id='word_1_361' title='bbox 343 1697 453 1728; x_wconf 83' lang='lat' dir='ltr'>parum</span> <span class='ocrx_word' id='word_1_362' title='bbox 467 1695 523 1719; x_wconf 92' lang='lat' dir='ltr'>aut</span> <span class='ocrx_word' id='word_1_363' title='bbox 532 1683 608 1719; x_wconf 87' lang='lat' dir='ltr'>nihil</span> <span class='ocrx_word' id='word_1_364' title='bbox 622 1683 733 1718; x_wconf 64' lang='lat' dir='ltr'>monis</span> <span class='ocrx_word' id='word_1_365' title='bbox 743 1684 1178 1733; x_wconf 61' lang='lat' dir='ltr'>conimunicat.»Hujusmodi</span> <span class='ocrx_word' id='word_1_366' title='bbox 1192 1688 1331 1720; x_wconf 89' lang='lat' dir='ltr'>vortices</span> <span class='ocrx_word' id='word_1_367' title='bbox 1343 1688 1375 1722; x_wconf 91' lang='lat' dir='ltr'>in</span> <span class='ocrx_word' id='word_1_368' title='bbox 1391 1701 1473 1736; x_wconf 86' lang='lat' dir='ltr'>aqua</span> 
     </span>
     <span class='ocr_line' id='line_1_34' title="bbox 91 1731 639 1780; baseline 0.004 -15"><span class='ocrx_word' id='word_1_369' title='bbox 91 1737 127 1770; x_wconf 70' lang='grc' dir='ltr'>δε</span> <span class='ocrx_word' id='word_1_370' title='bbox 142 1734 173 1766; x_wconf 93' lang='lat' dir='ltr'>in</span> <span class='ocrx_word' id='word_1_371' title='bbox 185 1745 257 1767; x_wconf 87' lang='lat' dir='ltr'>aere</span> <span class='ocrx_word' id='word_1_372' title='bbox 271 1731 380 1780; x_wconf 72' lang='lat' dir='ltr'>passim</span> <span class='ocrx_word' id='word_1_373' title='bbox 395 1731 639 1780; x_wconf 84' lang='lat' dir='ltr'>conspiciuntur.</span> 
     </span>
    </p>

    <p class='ocr_par' dir='ltr' id='par_1_4' title="bbox 87 1781 1476 2360">
     <span class='ocr_line' id='line_1_35' title="bbox 133 1781 1473 1831; baseline 0.003 -15"><span class='ocrx_word' id='word_1_374' title='bbox 133 1781 202 1821; x_wconf 79' lang='lat' dir='ltr'>3.1d</span> <span class='ocrx_word' id='word_1_375' title='bbox 213 1783 396 1828; x_wconf 73' lang='lat' dir='ltr'>magnerico</span> <span class='ocrx_word' id='word_1_376' title='bbox 411 1783 525 1815; x_wconf 89' lang='lat' dir='ltr'>vortici</span> <span class='ocrx_word' id='word_1_377' title='bbox 536 1783 697 1829; x_wconf 88' lang='lat' dir='ltr'>proprium</span> <span class='ocrx_word' id='word_1_378' title='bbox 707 1781 754 1816; x_wconf 88' lang='lat' dir='ltr'>est</span> <span class='ocrx_word' id='word_1_379' title='bbox 763 1809 772 1824; x_wconf 93' lang='lat'><strong>,</strong></span> <span class='ocrx_word' id='word_1_380' title='bbox 783 1781 869 1828; x_wconf 89' lang='lat' dir='ltr'>quod</span> <span class='ocrx_word' id='word_1_381' title='bbox 882 1781 1066 1818; x_wconf 85' lang='lat' dir='ltr'>circularem</span> <span class='ocrx_word' id='word_1_382' title='bbox 1077 1782 1281 1831; x_wconf 58' lang='lat' dir='ltr'>figuramsut</span> <span class='ocrx_word' id='word_1_383' title='bbox 1291 1787 1473 1827; x_wconf 56' lang='lat' dir='ltr'>estrei-imon</span> 
     </span>
     <span class='ocr_line' id='line_1_36' title="bbox 94 1828 1474 1880; baseline 0 -16"><span class='ocrx_word' id='word_1_384' title='bbox 94 1828 235 1865; x_wconf 67' lang='lat' dir='ltr'>affectet.</span> <span class='ocrx_word' id='word_1_385' title='bbox 247 1830 332 1864; x_wconf 88' lang='lat' dir='ltr'>Cum</span> <span class='ocrx_word' id='word_1_386' title='bbox 344 1831 429 1864; x_wconf 85' lang='lat' dir='ltr'>enim</span> <span class='ocrx_word' id='word_1_387' title='bbox 447 1828 614 1864; x_wconf 87' lang='lat' dir='ltr'>substantia</span> <span class='ocrx_word' id='word_1_388' title='bbox 624 1829 676 1864; x_wconf 88' lang='lat' dir='ltr'>illa</span> <span class='ocrx_word' id='word_1_389' title='bbox 687 1831 843 1878; x_wconf 76' lang='lat' dir='ltr'>magnetis</span> <span class='ocrx_word' id='word_1_390' title='bbox 860 1842 955 1877; x_wconf 88' lang='lat' dir='ltr'>poros</span> <span class='ocrx_word' id='word_1_391' title='bbox 969 1833 1055 1866; x_wconf 66' lang='lat' dir='ltr'>reeta</span> <span class='ocrx_word' id='word_1_392' title='bbox 1074 1830 1253 1879; x_wconf 81' lang='lat' dir='ltr'>pertransiit</span> <span class='ocrx_word' id='word_1_393' title='bbox 1265 1861 1275 1876; x_wconf 84' lang='lat'>,</span> <span class='ocrx_word' id='word_1_394' title='bbox 1291 1845 1379 1880; x_wconf 84' lang='lat' dir='ltr'>aeqna</span> <span class='ocrx_word' id='word_1_395' title='bbox 1393 1833 1474 1868; x_wconf 69' lang='lat' dir='ltr'>faci„</span> 
     </span>
     <span class='ocr_line' id='line_1_37' title="bbox 90 1876 1475 1927; baseline 0.004 -15"><span class='ocrx_word' id='word_1_396' title='bbox 90 1876 188 1913; x_wconf 76' lang='lat' dir='ltr'>‘litate</span> <span class='ocrx_word' id='word_1_397' title='bbox 197 1878 257 1912; x_wconf 80' lang='lat' dir='ltr'>hue</span> <span class='ocrx_word' id='word_1_398' title='bbox 272 1877 347 1913; x_wconf 90' lang='lat' dir='ltr'>illuc</span> <span class='ocrx_word' id='word_1_399' title='bbox 359 1880 439 1912; x_wconf 88' lang='lat' dir='ltr'>circa</span> <span class='ocrx_word' id='word_1_400' title='bbox 453 1890 635 1926; x_wconf 83' lang='lat' dir='ltr'>magnetem</span> <span class='ocrx_word' id='word_1_401' title='bbox 653 1890 823 1921; x_wconf 85' lang='lat' dir='ltr'>movetur,</span> <span class='ocrx_word' id='word_1_402' title='bbox 842 1890 878 1912; x_wconf 89' lang='lat' dir='ltr'>ac</span> <span class='ocrx_word' id='word_1_403' title='bbox 895 1877 1012 1927; x_wconf 87' lang='lat' dir='ltr'>largior</span> <span class='ocrx_word' id='word_1_404' title='bbox 1026 1878 1102 1915; x_wconf 81' lang='lat' dir='ltr'>effer</span> <span class='ocrx_word' id='word_1_405' title='bbox 1119 1882 1169 1914; x_wconf 77' lang='lat' dir='ltr'>via</span> <span class='ocrx_word' id='word_1_406' title='bbox 1184 1879 1205 1914; x_wconf 88' lang='lat' dir='ltr'>fi</span> <span class='ocrx_word' id='word_1_407' title='bbox 1221 1881 1307 1915; x_wconf 90' lang='lat' dir='ltr'>idem</span> <span class='ocrx_word' id='word_1_408' title='bbox 1324 1884 1385 1916; x_wconf 84' lang='lat' dir='ltr'>iter</span> <span class='ocrx_word' id='word_1_409' title='bbox 1404 1881 1475 1917; x_wconf 85' lang='lat' dir='ltr'>infi-</span> 
     </span>
     <span class='ocr_line' id='line_1_38' title="bbox 87 1925 1475 1978; baseline 0.003 -17"><span class='ocrx_word' id='word_1_410' title='bbox 87 1925 188 1961; x_wconf 70' lang='lat' dir='ltr'>steret</span> <span class='ocrx_word' id='word_1_411' title='bbox 198 1954 207 1969; x_wconf 93' lang='lat'>,</span> <span class='ocrx_word' id='word_1_412' title='bbox 220 1938 286 1972; x_wconf 89' lang='lat' dir='ltr'>quo</span> <span class='ocrx_word' id='word_1_413' title='bbox 299 1938 354 1974; x_wconf 88' lang='lat' dir='ltr'>per</span> <span class='ocrx_word' id='word_1_414' title='bbox 366 1925 503 1960; x_wconf 88' lang='lat' dir='ltr'>alterum</span> <span class='ocrx_word' id='word_1_415' title='bbox 518 1926 627 1973; x_wconf 88' lang='lat' dir='ltr'>polum</span> <span class='ocrx_word' id='word_1_416' title='bbox 641 1937 810 1962; x_wconf 86' lang='lat' dir='ltr'>remearet.</span> <span class='ocrx_word' id='word_1_417' title='bbox 826 1928 946 1972; x_wconf 90' lang='lat' dir='ltr'>Neque</span> <span class='ocrx_word' id='word_1_418' title='bbox 963 1939 1000 1961; x_wconf 84' lang='lat' dir='ltr'>ea</span> <span class='ocrx_word' id='word_1_419' title='bbox 1012 1930 1145 1963; x_wconf 85' lang='lat' dir='ltr'>materia</span> <span class='ocrx_word' id='word_1_420' title='bbox 1158 1941 1214 1977; x_wconf 88' lang='lat' dir='ltr'>per</span> <span class='ocrx_word' id='word_1_421' title='bbox 1222 1940 1394 1978; x_wconf 87' lang='lat' dir='ltr'>utrumque</span> <span class='ocrx_word' id='word_1_422' title='bbox 1405 1943 1475 1965; x_wconf 89' lang='lat' dir='ltr'>ma-</span> 
     </span>
     <span class='ocr_line' id='line_1_39' title="bbox 96 1972 1475 2026; baseline 0.005 -19"><span class='ocrx_word' id='word_1_423' title='bbox 96 1975 202 2023; x_wconf 84' lang='lat' dir='ltr'>gnetis</span> <span class='ocrx_word' id='word_1_424' title='bbox 212 1973 323 2021; x_wconf 86' lang='lat' dir='ltr'>polum</span> <span class='ocrx_word' id='word_1_425' title='bbox 333 1972 415 2008; x_wconf 89' lang='lat' dir='ltr'>subit</span> <span class='ocrx_word' id='word_1_426' title='bbox 425 2003 434 2017; x_wconf 93' lang='lat'>‚</span> <span class='ocrx_word' id='word_1_427' title='bbox 456 1985 490 2008; x_wconf 91' lang='lat' dir='ltr'>ut</span> <span class='ocrx_word' id='word_1_428' title='bbox 499 1973 599 2009; x_wconf 88' lang='lat' dir='ltr'>visum</span> <span class='ocrx_word' id='word_1_429' title='bbox 609 1974 654 2008; x_wconf 89' lang='lat' dir='ltr'>est</span> <span class='ocrx_word' id='word_1_430' title='bbox 665 1974 808 2010; x_wconf 83' lang='lat' dir='ltr'>Cattesio</span> <span class='ocrx_word' id='word_1_431' title='bbox 828 1991 837 2017; x_wconf 82' lang='lat'>3</span> <span class='ocrx_word' id='word_1_432' title='bbox 858 1974 912 2009; x_wconf 87' lang='lat' dir='ltr'>sed·</span> <span class='ocrx_word' id='word_1_433' title='bbox 927 1987 965 2010; x_wconf 87' lang='lat' dir='ltr'>ex</span> <span class='ocrx_word' id='word_1_434' title='bbox 983 1989 1045 2010; x_wconf 88' lang='lat' dir='ltr'>una</span> <span class='ocrx_word' id='word_1_435' title='bbox 1056 1978 1210 2012; x_wconf 86' lang='lat' dir='ltr'>duntaxat</span> <span class='ocrx_word' id='word_1_436' title='bbox 1221 1978 1296 2012; x_wconf 86' lang='lat' dir='ltr'>coeli</span> <span class='ocrx_word' id='word_1_437' title='bbox 1307 1990 1397 2026; x_wconf 78' lang='lat' dir='ltr'>parte</span> <span class='ocrx_word' id='word_1_438' title='bbox 1410 1993 1420 2014; x_wconf 75' lang='lat' dir='ltr'><strong><em>z</em></strong></span> <span class='ocrx_word' id='word_1_439' title='bbox 1439 1980 1475 2014; x_wconf 89' lang='lat' dir='ltr'>Id</span> 
     </span>
     <span class='ocr_line' id='line_1_40' title="bbox 99 2022 1475 2075; baseline 0.004 -19"><span class='ocrx_word' id='word_1_440' title='bbox 99 2023 187 2057; x_wconf 88' lang='lat' dir='ltr'>enim</span> <span class='ocrx_word' id='word_1_441' title='bbox 203 2023 307 2056; x_wconf 85' lang='lat' dir='ltr'>minus</span> <span class='ocrx_word' id='word_1_442' title='bbox 321 2022 446 2056; x_wconf 86' lang='lat' dir='ltr'>videtur</span> <span class='ocrx_word' id='word_1_443' title='bbox 462 2024 579 2056; x_wconf 83' lang='lat' dir='ltr'>rationi</span> <span class='ocrx_word' id='word_1_444' title='bbox 590 2022 838 2058; x_wconf 87' lang='lat' dir='ltr'>consentaneum</span> <span class='ocrx_word' id='word_1_445' title='bbox 850 2052 859 2065; x_wconf 88' lang='lat'>‚</span> <span class='ocrx_word' id='word_1_446' title='bbox 877 2035 948 2057; x_wconf 87' lang='lat' dir='ltr'>eam</span> <span class='ocrx_word' id='word_1_447' title='bbox 961 2023 1166 2060; x_wconf 86' lang='lat' dir='ltr'>substantiam</span> <span class='ocrx_word' id='word_1_448' title='bbox 1179 2038 1218 2060; x_wconf 85' lang='lat' dir='ltr'>ex</span> <span class='ocrx_word' id='word_1_449' title='bbox 1232 2025 1383 2074; x_wconf 82' lang='lat' dir='ltr'>oppositis</span> <span class='ocrx_word' id='word_1_450' title='bbox 1401 2039 1475 2075; x_wconf 85' lang='lat' dir='ltr'>par-</span> 
     </span>
     <span class='ocr_line' id='line_1_41' title="bbox 97 2069 1475 2117; baseline 0.004 -12"><span class='ocrx_word' id='word_1_451' title='bbox 97 2070 185 2106; x_wconf 85' lang='lat' dir='ltr'>tibus</span> <span class='ocrx_word' id='word_1_452' title='bbox 199 2069 283 2104; x_wconf 79' lang='lat' dir='ltr'>simul</span> <span class='ocrx_word' id='word_1_453' title='bbox 298 2072 330 2105; x_wconf 91' lang='lat' dir='ltr'>in</span> <span class='ocrx_word' id='word_1_454' title='bbox 344 2081 527 2117; x_wconf 86' lang='lat' dir='ltr'>magnetem</span> <span class='ocrx_word' id='word_1_455' title='bbox 537 2083 719 2105; x_wconf 88' lang='lat' dir='ltr'>commeare</span> <span class='ocrx_word' id='word_1_456' title='bbox 731 2088 740 2114; x_wconf 82' lang='lat'>3</span> <span class='ocrx_word' id='word_1_457' title='bbox 756 2083 812 2105; x_wconf 91' lang='lat' dir='ltr'>aut</span> <span class='ocrx_word' id='word_1_458' title='bbox 825 2082 988 2106; x_wconf 86' lang='lat' dir='ltr'>meatuum</span> <span class='ocrx_word' id='word_1_459' title='bbox 1003 2072 1135 2108; x_wconf 87' lang='lat' dir='ltr'>tubulos</span> <span class='ocrx_word' id='word_1_460' title='bbox 1147 2076 1178 2108; x_wconf 91' lang='lat' dir='ltr'>in</span> <span class='ocrx_word' id='word_1_461' title='bbox 1189 2074 1390 2111; x_wconf 87' lang='lat' dir='ltr'>cochlearum</span> <span class='ocrx_word' id='word_1_462' title='bbox 1402 2089 1475 2110; x_wconf 92' lang='lat' dir='ltr'>mo-</span> 
     </span>
     <span class='ocr_line' id='line_1_42' title="bbox 99 2116 1475 2169; baseline 0.004 -17"><span class='ocrx_word' id='word_1_463' title='bbox 99 2119 177 2153; x_wconf 89' lang='lat' dir='ltr'>dum</span> <span class='ocrx_word' id='word_1_464' title='bbox 191 2116 230 2152; x_wconf 87' lang='lat' dir='ltr'>sic</span> <span class='ocrx_word' id='word_1_465' title='bbox 240 2117 301 2153; x_wconf 83' lang='lat' dir='ltr'>effe</span> <span class='ocrx_word' id='word_1_466' title='bbox 315 2129 458 2153; x_wconf 88' lang='lat' dir='ltr'>tornatos</span> <span class='ocrx_word' id='word_1_467' title='bbox 473 2146 483 2161; x_wconf 88' lang='lat'>‚</span> <span class='ocrx_word' id='word_1_468' title='bbox 494 2130 528 2153; x_wconf 87' lang='lat' dir='ltr'>ut</span> <span class='ocrx_word' id='word_1_469' title='bbox 543 2118 593 2152; x_wconf 86' lang='lat' dir='ltr'>alii</span> <span class='ocrx_word' id='word_1_470' title='bbox 611 2118 807 2153; x_wconf 84' lang='lat' dir='ltr'>dextrorsum</span> <span class='ocrx_word' id='word_1_471' title='bbox 821 2148 830 2162; x_wconf 87' lang='lat'>,</span> <span class='ocrx_word' id='word_1_472' title='bbox 844 2118 898 2152; x_wconf 91' lang='lat' dir='ltr'>alii</span> <span class='ocrx_word' id='word_1_473' title='bbox 911 2117 1111 2156; x_wconf 83' lang='lat' dir='ltr'>sinistrorsum</span> <span class='ocrx_word' id='word_1_474' title='bbox 1126 2133 1352 2168; x_wconf 87' lang='lat' dir='ltr'>torqueantur:</span> <span class='ocrx_word' id='word_1_475' title='bbox 1369 2134 1475 2169; x_wconf 88' lang='lat' dir='ltr'>neque</span> 
     </span>
     <span class='ocr_line' id='line_1_43' title="bbox 94 2165 1476 2215; baseline 0.003 -14"><span class='ocrx_word' id='word_1_476' title='bbox 94 2169 199 2201; x_wconf 81' lang='lat' dir='ltr'>¹etiam</span> <span class='ocrx_word' id='word_1_477' title='bbox 211 2168 241 2201; x_wconf 75' lang='lat' dir='ltr'>id</span> <span class='ocrx_word' id='word_1_478' title='bbox 253 2165 419 2201; x_wconf 83' lang='lat' dir='ltr'>verisimile</span> <span class='ocrx_word' id='word_1_479' title='bbox 431 2167 473 2199; x_wconf 83' lang='lat' dir='ltr'>est</span> <span class='ocrx_word' id='word_1_480' title='bbox 484 2195 493 2206; x_wconf 83' lang='grc'>,</span> <span class='ocrx_word' id='word_1_481' title='bbox 504 2165 574 2213; x_wconf 88' lang='lat' dir='ltr'>pilis</span> <span class='ocrx_word' id='word_1_482' title='bbox 585 2171 618 2202; x_wconf 87' lang='lat'>&amp;</span> <span class='ocrx_word' id='word_1_483' title='bbox 628 2167 717 2201; x_wconf 88' lang='lat' dir='ltr'>velut</span> <span class='ocrx_word' id='word_1_484' title='bbox 731 2167 829 2201; x_wconf 81' lang='lat' dir='ltr'>aristis</span> <span class='ocrx_word' id='word_1_485' title='bbox 844 2169 874 2201; x_wconf 87' lang='lat' dir='ltr'>in</span> <span class='ocrx_word' id='word_1_486' title='bbox 886 2171 1059 2203; x_wconf 46' lang='lat' dir='ltr'>contrarias</span> <span class='ocrx_word' id='word_1_487' title='bbox 1069 2169 1138 2204; x_wconf 84' lang='lat' dir='ltr'>situs</span> <span class='ocrx_word' id='word_1_488' title='bbox 1155 2169 1375 2215; x_wconf 84' lang='lat' dir='ltr'>dispofitis,eos</span> <span class='ocrx_word' id='word_1_489' title='bbox 1385 2182 1476 2205; x_wconf 84' lang='lat' dir='ltr'>mea-</span> 
     </span>
     <span class='ocr_line' id='line_1_44' title="bbox 102 2213 1476 2264; baseline 0.002 -15"><span class='ocrx_word' id='word_1_490' title='bbox 102 2225 151 2249; x_wconf 85' lang='lat' dir='ltr'>tus</span> <span class='ocrx_word' id='word_1_491' title='bbox 168 2216 302 2263; x_wconf 87' lang='lat' dir='ltr'>crispari.</span> <span class='ocrx_word' id='word_1_492' title='bbox 318 2215 352 2250; x_wconf 90' lang='lat' dir='ltr'>Id</span> <span class='ocrx_word' id='word_1_493' title='bbox 365 2213 482 2249; x_wconf 85' lang='lat' dir='ltr'>enimsi</span> <span class='ocrx_word' id='word_1_494' title='bbox 494 2217 537 2249; x_wconf 89' lang='lat' dir='ltr'>ita</span> <span class='ocrx_word' id='word_1_495' title='bbox 548 2214 622 2249; x_wconf 79' lang='lat' dir='ltr'>esset</span> <span class='ocrx_word' id='word_1_496' title='bbox 639 2243 648 2258; x_wconf 84' lang='lat'><strong>,</strong></span> <span class='ocrx_word' id='word_1_497' title='bbox 669 2217 701 2249; x_wconf 90' lang='lat' dir='ltr'>in</span> <span class='ocrx_word' id='word_1_498' title='bbox 717 2215 785 2263; x_wconf 87' lang='lat' dir='ltr'>ipso</span> <span class='ocrx_word' id='word_1_499' title='bbox 799 2217 884 2250; x_wconf 82' lang='lat' dir='ltr'>exitu</span> <span class='ocrx_word' id='word_1_500' title='bbox 905 2217 921 2252; x_wconf 81' lang='grc' dir='ltr'>ὲ</span> <span class='ocrx_word' id='word_1_501' title='bbox 937 2230 1088 2264; x_wconf 82' lang='lat' dir='ltr'>magnete</span> <span class='ocrx_word' id='word_1_502' title='bbox 1105 2217 1238 2253; x_wconf 81' lang='lat' dir='ltr'>effluvia</span> <span class='ocrx_word' id='word_1_503' title='bbox 1264 2217 1321 2252; x_wconf 89' lang='lat' dir='ltr'>sibi</span> <span class='ocrx_word' id='word_1_504' title='bbox 1345 2214 1476 2253; x_wconf 86' lang='lat' dir='ltr'>adversa</span> 
     </span>
     <span class='ocr_line' id='line_1_45' title="bbox 100 2261 1476 2315; baseline 0.004 -18"><span class='ocrx_word' id='word_1_505' title='bbox 100 2275 304 2299; x_wconf 84' lang='lat' dir='ltr'>occurrerent</span> <span class='ocrx_word' id='word_1_506' title='bbox 315 2293 324 2307; x_wconf 92' lang='lat'><strong><em>‚</em></strong></span> <span class='ocrx_word' id='word_1_507' title='bbox 359 2276 395 2297; x_wconf 86' lang='lat' dir='ltr'>ac</span> <span class='ocrx_word' id='word_1_508' title='bbox 421 2261 483 2297; x_wconf 66' lang='lat' dir='ltr'>sese</span> <span class='ocrx_word' id='word_1_509' title='bbox 503 2274 615 2298; x_wconf 87' lang='lat' dir='ltr'>mutuo</span> <span class='ocrx_word' id='word_1_510' title='bbox 633 2263 824 2311; x_wconf 84' lang='lat' dir='ltr'>repellerent</span> <span class='ocrx_word' id='word_1_511' title='bbox 833 2293 842 2306; x_wconf 89' lang='lat'>,</span> <span class='ocrx_word' id='word_1_512' title='bbox 872 2270 905 2300; x_wconf 69' lang='grc' dir='ltr'>ὅ(</span> <span class='ocrx_word' id='word_1_513' title='bbox 926 2265 1064 2313; x_wconf 78' lang='lat' dir='ltr'>oppositi</span> <span class='ocrx_word' id='word_1_514' title='bbox 1079 2268 1218 2302; x_wconf 87' lang='lat' dir='ltr'>vortices</span> <span class='ocrx_word' id='word_1_515' title='bbox 1236 2265 1294 2300; x_wconf 85' lang='lat' dir='ltr'>fibi</span> <span class='ocrx_word' id='word_1_516' title='bbox 1327 2265 1396 2315; x_wconf 88' lang='lat' dir='ltr'>ipsis</span> <span class='ocrx_word' id='word_1_517' title='bbox 1429 2266 1476 2302; x_wconf 84' lang='lat' dir='ltr'>es-</span> 
     </span>
     <span class='ocr_line' id='line_1_46' title="bbox 104 2311 426 2360; baseline 0.009 -15"><span class='ocrx_word' id='word_1_518' title='bbox 104 2311 171 2346; x_wconf 86' lang='lat' dir='ltr'>sent</span> <span class='ocrx_word' id='word_1_519' title='bbox 180 2313 426 2360; x_wconf 78' lang='lat' dir='ltr'>impedimento,</span> 
     </span>
    </p>
   </div>
   <div class='ocr_carea' id='block_1_2' title="bbox 136 2358 1476 2460">
    <p class='ocr_par' dir='ltr' id='par_1_5' title="bbox 136 2358 1476 2460">
     <span class='ocr_line' id='line_1_47' title="bbox 136 2358 1476 2447; baseline -0.001 -50"><span class='ocrx_word' id='word_1_520' title='bbox 136 2373 172 2408; x_wconf 76' lang='lat'>4.</span> <span class='ocrx_word' id='word_1_521' title='bbox 182 2361 259 2397; x_wconf 81' lang='lat' dir='ltr'>Illud</span> <span class='ocrx_word' id='word_1_522' title='bbox 274 2373 404 2410; x_wconf 89' lang='lat' dir='ltr'>quoque</span> <span class='ocrx_word' id='word_1_523' title='bbox 419 2360 615 2409; x_wconf 60' lang='lat' dir='ltr'>experientia</span> <span class='ocrx_word' id='word_1_524' title='bbox 627 2360 767 2405; x_wconf 82' lang='lat' dir='ltr'>constat,</span> <span class='ocrx_word' id='word_1_525' title='bbox 784 2363 940 2410; x_wconf 81' lang='lat' dir='ltr'>magnetis</span> <span class='ocrx_word' id='word_1_526' title='bbox 957 2365 1113 2401; x_wconf 86' lang='lat' dir='ltr'>vorticem</span> <span class='ocrx_word' id='word_1_527' title='bbox 1124 2361 1236 2447; x_wconf 50' lang='lat' dir='ltr'>prgcul</span> <span class='ocrx_word' id='word_1_528' title='bbox 1253 2358 1386 2420; x_wconf 60' lang='lat' dir='ltr'>disfimdi</span> <span class='ocrx_word' id='word_1_529' title='bbox 1394 2391 1405 2409; x_wconf 88' lang='lat'><em>‚</em></span> <span class='ocrx_word' id='word_1_530' title='bbox 1417 2375 1476 2400; x_wconf 74' lang='lat' dir='ltr'>eo.</span> 
     </span>
     <span class='ocr_line' id='line_1_48' title="bbox 1211 2424 1306 2460; baseline -0.032 0"><span class='ocrx_word' id='word_1_531' title='bbox 1211 2424 1231 2460; x_wconf 69' lang='grc' dir='ltr'><strong>ἕ</strong></span> <span class='ocrx_word' id='word_1_532' title='bbox 1243 2424 1264 2459; x_wconf 74' lang='lat' dir='ltr'>g</span> <span class='ocrx_word' id='word_1_533' title='bbox 1287 2424 1306 2457; x_wconf 60' lang='grc' dir='ltr'>Ι]</span> 
     </span>
    </p>
   </div>
  </div>
 </body>
</html>
