1878 2724
539 118 612 156 DE
645 113 973 157 MET'EORrS.1
1387 128 1421 164 36

63 177 97 210 εὶ
112 167 394 209 lndiaeOrientalis
409 165 594 213 littoribus,
620 175 652 206 &
672 172 766 204 certis
784 167 940 204 mensibus
954 169 1133 205 constanter
1154 167 1283 217 spirant.
1296 137 1441 206 -Motioz

62 232 118 256 nes
133 219 297 267 appellant
307 246 316 260 ,
329 217 520 265 plerumque
540 216 722 267 5mensibus
739 219 781 252 ab
794 231 857 253 una
879 229 970 253 terrae
983 219 1075 268 plaga
1092 248 1102 262 ‚
1123 218 1262 252 totidem
1276 217 1318 253 ab
1334 233 1439 268 oppo-

61 267 117 304 fita
129 270 234 315 perflai
243 291 256 300 ,Δ
275 296 279 300 .
291 266 415 301 duobus
428 264 506 301 vero
521 266 676 302 mensibus
686 279 766 301 circa
776 269 948 310 Martium,
961 274 991 304 ὅ(
1005 265 1231 316 Septembrem
1240 279 1293 302 aut
1306 267 1438 314 cessLmt,

59 327 115 352 aut
126 315 196 350 aliis
208 320 313 350 ventis
324 316 454 350 cedunt.
466 315 679 350 huto-boreas
693 318 724 350 in
739 318 818 349 utari
830 317 940 350 indico
954 327 1020 351 tum
1034 317 1102 351 fere
1115 316 1218 363 spirat,
1230 328 1301 350 cum
1313 316 1354 351 so*
1374 330 1437 354 cn:-

59 376 94 400 cn
105 366 283 413 Tropicum
299 365 415 399 Cancri
433 363 584 400 deflectit.
612 365 850 399 Constantiores
862 363 907 397 ibi
923 363 992 400 sunt
1005 378 1050 400 eae
1065 367 1246 407 motiones,
1262 367 1364 412 quam
1381 366 1438 403 ubi

59 424 147 451 mare
158 415 258 461 magis
269 412 474 448 contrahitur.
501 416 585 461 Qae
593 412 652 448 {int
663 425 772 447 earum
784 412 1028 448 vicissitudinum
1041 413 1133 448 causae
1148 430 1157 456 3
1169 426 1209 447 an
1223 412 1294 447 solis
1305 428 1410 450 motus
1424 445 1436 460 ,

59 473 97 497 ex
116 474 182 509 quo
194 465 333 496 maxime
344 463 485 509 pendent
499 476 560 506 3an
573 462 757 508 colliquatae
769 474 861 496 nives
873 477 881 503 3
898 474 937 496 an
950 461 1042 510 ipsius
1053 461 1270 509 atmosphaerae
1288 466 1376 499 varia
1386 477 1438 499 ra-

57 510 213 554 referam„
234 522 287 545 aut
298 510 522 545 condensatio:
538 523 609 545 rum
620 509 740 545 scilicet
758 522 894 558 vapores
906 523 938 544 in
954 514 1077 559 maguis
1093 511 1196 545 insulis
1209 539 1219 554 ‚
1237 523 1291 545 aut
1308 515 1438 548 vicino.

54 571 127 594 tum
136 559 278 594 littorum
287 561 517 606 promontoriis
528 558 613 605 quafi
623 561 654 593 in
665 557 851 606 quibusdam
872 562 1097 606 promptuariis
1110 571 1340 594 coacervantur
1349 590 1359 604 ‚
1376 563 1437 596 doh

57 619 119 644 nec
138 619 195 642 aut
207 609 247 643 rvi
262 607 390 641 elastica
406 611 506 651 aeris,
519 619 581 642 aut
593 609 815 643 rarefafflone
842 609 1069 656 protrudantur
1085 636 1095 651 ‚
1113 612 1168 644 vix
1190 608 1348 655 explicare
1363 609 1437 658 posi.

56 655 192 692 surriuss⁴

95 710 123 741 6.
139 708 173 741 ln
183 704 231 740 his
241 702 426 754 regionibus
437 704 525 741 nulli-
535 717 621 755 pene
635 703 703 740 sunt
715 718 774 740 con
781 705 916 750 stantes3
937 717 991 741 aut
1003 704 1215 741 'anniversarii
1235 709 1324 742 venti
1340 722 1349 745 ε
1365 721 1434 745 ma..

87 766 120 788 ia
129 756 308 802 anniparte
319 766 455 803 regnant
467 754 696 790 Occidentales
708 783 718 798 ‚
743 766 796 788 aur
809 768 920 790 eorum
933 755 1131 790 collaterales
1146 769 1153 791 ε
1171 767 1273 790 verno
1288 768 1435 806 tempore

55 765 202 837 fforeales
216 831 227 846 ,
237 808 269 840 ὃ(
281 805 382 841 ortivi
398 806 551 852 praecipue
564 804 789 838 dominantur:
801 805 887 850 quod
904 804 989 840 forte
1005 815 1072 838 tum
1085 806 1239 850 temporis
1262 803 1305 839 sol
1325 808 1363 841 ad
1378 809 1436 843 Sei.

55 851 290 899 ptentrionales
308 851 416 900 plagas
438 852 611 888 deflectens
624 851 762 887 nubibus
779 879 789 894 ,
817 857 851 889 δε
866 853 994 888 nivibus
1013 865 1128 900 opacas
1141 881 1151 895 ,
1170 865 1321 901 magnam
1332 868 1434 904 vapor

45 912 126 941 ‚rum
135 899 387 948 copiamfiirsum
398 900 540 944 tollat,&
549 901 655 936 calore
665 901 782 935 diurno
793 902 824 935 in
841 913 956 936 ventos
969 900 1079 937 difflet.
1087 904 1126 937 Et
1135 901 1207 936 sane
1217 904 1301 936 circa
1311 915 1435 941 utrum-

54 960 119 995 que
132 951 362 997 aequinofflum
372 948 548 984 crebriores
559 949 628 985 sunt
639 952 727 985 venri
737 979 747 993 ‚
765 949 853 996 quod
866 948 981 985 halitus
995 963 1055 985 nec
1069 951 1436 999 nimiumextenuenrur,

54 1008 91 1031 ut
107 999 140 1033 in
152 999 256 1033 aestate
266 1011 342 1043 ,nec
357 998 424 1046 plus
434 998 505 1033 satis
522 998 692 1034 densentur
703 1010 756 1037 ‚ut
764 997 890 1046 hyemis
905 1011 1071 1046 tempore:
1083 998 1134 1033 sed
1144 999 1346 1035 mediocriter
1356 1002 1436 1039 den-

54 1044 158 1081 santur
171 1075 180 1090 ,
207 1052 240 1083 &
253 1047 381 1095 frigent.
397 1049 496 1082 Hine
512 1047 652 1082 australis
668 1058 782 1082 ventus
794 1049 897 1095 magis
908 1049 947 1082 de
955 1048 1053 1083 nodke
1064 1076 1073 1090 ,
1082 1046 1180 1094 quam
1197 1047 1238 1081 de
1248 1049 1301 1083 die
1315 1049 1411 1097 spirat
1425 1066 1434 1088 ς

54 1095 142 1141 quod
157 1097 188 1130 in
204 1098 241 1129 iis
256 1094 441 1143 regionibus
454 1108 490 1128 va
517 1107 589 1130 ores
609 1097 748 1130 interdiu
760 1094 819 1141 sint
840 1097 996 1139 rariores;
1014 1096 1064 1130 sed
1086 1097 1126 1130 de
1148 1097 1246 1130 noste
1265 1102 1436 1146 appetenti

56 1143 213 1178 mediocri
228 1143 347 1192 frigore
357 1108 595 1180 condenliintur.
612 1145 693 1178 Fieri
706 1145 804 1178 etiam
817 1144 924 1192 potest
941 1156 977 1179 ut
988 1143 1031 1179 sol
1053 1146 1131 1178 circa
1150 1155 1319 1191 utrumque
1335 1152 1436 1195 aequi.

55 1192 202 1227 noCkium
226 1196 324 1228 Zonae
335 1192 464 1227 torridae
473 1195 559 1227 viam
573 1191 730 1234 msrstens,
741 1194 901 1239 utrimque
913 1205 1048 1241 vapores
1062 1205 1181 1240 magno
1193 1194 1314 1240 impetu
1329 1198 1435 1233 versus

55 1241 148 1287 polos
163 1241 342 1289 prorrudat.
355 1243 443 1276 Hinc
453 1241 606 1290 largiores
616 1243 653 1275 iis
665 1239 865 1289 temporibus
881 1241 1000 1290 pluviae
1010 1269 1022 1285 ,
1051 1253 1129 1288 quae
1141 1247 1176 1278 &
1187 1245 1295 1277 ventis
1308 1258 1431 1282 novam

55 1291 233 1324 materiam·
250 1290 460 1338 suppeditant.
477 1316 480 1319 ι

57 1371 81 1385 y,
89 1342 271 1374 Ventorum
281 1341 475 1373 mutationes
485 1351 528 1374 ‘ex
540 1337 666 1374 asc'ensu
679 1343 712 1375 &
723 1337 868 1373 descensu
878 1336 1065 1388 hydrargyri
1081 1340 1113 1374 in
1127 1340 1315 1375 Barometro
1329 1344 1434 1389 conJiss

45 1399 127 1423 ¹cere
141 1386 299 1436 possumus
315 1416 324 1430 ‚
342 1399 378 1421 ut
395 1387 509 1421 diserte
522 1400 539 1421 e
549 1389 669 1435 xplicat
682 1390 725 1423 D.
737 1388 898 1421 Mariotte
909 1390 941 1422 in
956 1391 1133 1423 tentamine
1147 1388 1188 1422 de
1203 1401 1287 1425 aere.
1300 1398 1328 1425 10
1346 1392 1435 1426 Parii.

56 1435 104 1471 siis
126 1448 164 1470 ex
179 1435 298 1471 crebris
313 1434 593 1471 observationibus
606 1437 637 1470 id
652 1437 795 1480 constat,
807 1435 1039 1484 hydrargyrum
1049 1437 1088 1471 ad
1104 1441 1142 1473 ιδ’
1160 1438 1341 1486 &amplius
1352 1440 1435 1489 digi-

47 1484 373 1520 *toturn-altitudinem
382 1484 572 1532 plerumque
582 1485 749 1519 ascendere
759 1513 768 1526 ,
784 1497 854 1518 cum
872 1483 984 1518 boreas
999 1514 1008 1528 ‚
1024 1497 1079 1520 aut
1089 1484 1305 1520 Euro-boreas
1320 1489 1433 1532 austro,

44 1533 112 1573 ‚vel
125 1532 240 1568 Africo
255 1533 413 1575 succedit,
430 1545 464 1568 ut
478 1533 614 1569 vicissim
624 1533 786 1567 descendit
794 1533 832 1566 ad
849 1546 885 1576 27
894 1533 1013 1580 digitos
1027 1562 1037 1576 ,
1052 1545 1106 1568 aut
1123 1535 1248 1568 circiter
1258 1563 1268 1577 ,
1292 1548 1364 1570 cum
1378 1549 1433 1571 au-

45 1582 117 1619 ster
128 1582 178 1616 vel
188 1582 350 1630 zephyrus
361 1581 495 1617 boream
505 1583 624 1629 excipit
636 1595 644 1616 :
654 1580 708 1615 nifi
719 1581 804 1616 forte
815 1593 892 1626 quas
906 1581 1009 1615 auster
1017 1581 1118 1616 nubes
1128 1582 1433 1626 advexerat‚boreas

53 1642 108 1666 aut
117 1630 460 1672 subsolanris-revehat3
475 1641 542 1664 tum
552 1632 637 1666 enim
646 1629 722 1678 saepe
734 1629 836 1665 nubes
846 1629 976 1664 reduces
989 1635 1023 1667 δι
1031 1630 1164 1665 densatae
1177 1630 1320 1679 pluviam
1331 1635 1434 1678 unius,

54 1691 110 1714 aut
126 1678 252 1714 alterius
270 1680 335 1714 diei
350 1690 526 1726 procreant.
542 1705 546 1708 -
950 1724 952 1726 v

94 1730 210 1763 Boreas
225 1726 348 1764 vero&
363 1730 460 1763 Eurus
472 1727 705 1775 hydrargyrum
715 1726 868 1761 attollunt
881 1729 913 1762 in
924 1727 1130 1765 barometro:
1149 1726 1211 1764 five
1235 1742 1342 1766 aerem
1360 1760 1369 1774 ‚
1397 1737 1432 1769 &

53 1778 236 1825 graviorem
251 1781 283 1812 &
297 1775 473 1811 densiorem
485 1774 624 1811 efficiant
638 1794 646 1817 ᾖ
661 1775 764 1810 sivein
778 1788 893 1811 terram
907 1788 944 1810 ex
959 1776 1026 1811 alto
1042 1777 1164 1813 demiffi
1175 1791 1282 1813 aerem
1296 1779 1432 1815 inferio-

55 1837 123 1859 rem
140 1837 307 1873 premant,
327 1824 455 1862 &illius
472 1825 636 1859 elaterium
647 1836 795 1871 augeant.
812 1826 867 1860 *Hi
882 1823 960 1860 vero
969 1828 1058 1860 venti
1074 1827 1106 1860 in
1117 1827 1221 1861 Gallia
1237 1827 1304 1863 sunt
1321 1827 1431 1863 siccio-

55 1885 104 1908 res
114 1902 124 1916 ,
142 1874 230 1920 quod
241 1873 260 1909 ὲ
272 1887 372 1922 regno
383 1873 503 1908 Sinenfi
517 1873 613 1921 usque
623 1873 662 1907 ad
675 1873 814 1908 Galliam
829 1873 951 1908 nullum
973 1886 1060 1908 mate
1077 1876 1294 1922 pertranseant
1310 1895 1320 1920 -,
1344 1880 1441 1924 quod‘

47 1923 154 1956 etiam
171 1934 210 1956 ex
222 1922 336 1957 altiore
347 1922 420 1956 loco
437 1921 609 1970 perflantes
620 1922 797 1969 impediant
808 1934 848 1956 ne
864 1934 1000 1969 vapores
1013 1924 1029 1958 ὲ
1047 1933 1129 1957 terra
1139 1923 1254 1959 sursum
1266 1925 1408 1962 ferantur
1420 1945 1432 1972 3

55 1981 195 2016 cumque
209 1982 316 2005 aerem
329 1969 506 2004 densiorem
516 1969 657 2005 efficiunt
667 1999 677 2013 ,
690 1969 780 2006 simul
792 1970 919 2005 obstant
930 1982 970 2004 ne
980 1983 1113 2019 vapores
1125 1971 1238 2008 sublati
1249 1976 1280 2008 in
1296 1975 1432 2011 inferio,

50 2030 104 2054 ses
118 2018 263 2052 recidant
274 2046 283 2059 ,
307 2030 342 2052 ut
356 2017 446 2053 finiul
462 2020 562 2067 JunCti
576 2020 608 2052 in
617 2018 739 2065 pluvias
749 2022 873 2055 co'e'ant.
890 2020 990 2066 Qod
1001 2031 1110 2055 autem
1124 2024 1218 2056 Eurus
1234 2022 1354 2059 hveme
1371 2037 1432 2072 poi.

57 2064 208 2102 tiffimum
222 2065 340 2100 nebula
350 2077 465 2102 terram
477 2065 618 2101 obducat
628 2093 638 2108 ‚
657 2079 729 2102 eam
742 2067 836 2102 affert
847 2070 1007 2103 rationem
1019 2069 1146 2103 Author
1161 2062 1309 2106 laudatus
1321 2100 1330 2114 ,
1345 2073 1431 2118 quod

57 2114 110 2150 hic
121 2126 236 2150 ventus
249 2128 314 2149 non
325 2127 425 2150 eir-eo
440 2117 519 2149 aeris
535 2126 626 2149 motu
636 2118 695 2161 qui-
707 2127 760 2150 aut
776 2115 916 2151 sublatos
930 2128 1065 2164 vapores
1083 2117 1207 2166 diffipet
1217 2146 1227 2161 ,
1252 2132 1305 2154 aut
1320 2132 1376 2153 veos
1397 2122 1430 2156 in

55 2174 177 2198 terram
187 2163 346 2209 deprimat
358 2191 368 2206 ,
384 2163 436 2197 sed
452 2175 490 2198 ex
508 2162 575 2197 solo
589 2175 778 2198 terraemotu
792 2166 911 2199 oriatur
926 2178 934 2200 :
951 2166 1082 2200 adeout
1096 2178 1150 2200 aer
1165 2177 1256 2200 terrae
1266 2166 1429 2202 vfinitimus

58 2216 91 2247 ὃ(
104 2212 232 2246 tardiori
242 2223 330 2246 motu
340 2211 460 2246 delatus
470 2224 603 2259 vapores
611 2222 698 2248 terrae
709 2214 830 2248 vicinos
843 2214 982 2249 intaetos
999 2213 1159 2261 relinquat
1172 2239 1184 2256 ,
1198 2214 1314 2262 eosque
1325 2215 1431 2252 diver.

56 2257 95 2296 [κ
109 2271 200 2295 terrae
215 2272 319 2309 partes
333 2259 496 2295 succeffive
510 2271 651 2308 tangant.

95 2309 209 2344 Auster
221 2315 254 2347 &
268 2309 393 2344 Africus
411 2322 450 2344 ex
460 2309 537 2343 locis
547 2307 772 2343 remotioribus
784 2309 911 2345 adveffl
930 2307 1099 2345 secundum
1112 2309 1210 2345 lineas
1225 2322 1293 2357 quae
1311 2321 1428 2349 terram

58 2358 249 2406 contingunt
264 2386 273 2400 ,
290 2358 441 2405 spirantes
453 2358 610 2396 inferioris
625 2358 704 2394 aeris
716 2356 881 2397 elaterium
894 2360 1108 2398 imminuunt:
1122 2359 1205 2396 unde
1215 2358 1429 2410 hydrargyrus

224 2407 260 2441 T
256 2419 324 2443 om.,
353 2408 374 2441 1
382 2408 409 2440 l.
1192 2409 1221 2445 A
1232 2419 1251 2442 a
1259 2419 1279 2442 a
