1878 2724
393 136 455 176 362⁷
705 126 973 165 PHYSICAE
1011 127 1178 164 PARS
1219 124 1502 165 SECUNDA.'

404 182 515 219 ‚Circa
528 178 742 214 aestummatis
759 178 825 214 haec
843 188 976 225 quoque
993 175 1066 213 aD-
1078 176 1196 212 Richer
1204 179 1239 213 in
1248 175 1357 212 insulis
1377 173 1508 210 Brasiliae
1527 176 1647 213 vicinis
1666 176 1778 214 obser.·
1826 177 1827 181 ’

388 241 466 264 vata
479 230 656 275 comperio,
1214 258 1216 260 .
1383 258 1386 259 γ
1763 243 1785 275 ⁷1
1826 268 1828 270 v

434 286 472 312 12
499 279 536 310 In
552 288 590 310 ea
607 277 740 324 regione
754 288 824 324 quae
835 287 937 325 prope
949 275 1073 311 flumen
1094 273 1308 318 Amasonum‚
1325 279 1360 312 &
1376 275 1509 311 insulam
1529 275 1626 324 vulgo
1649 276 1770 314 dietam
1826 298 1828 302 ν

388 327 422 358 la
441 327 591 371 Cayenne
603 338 688 367 ‚non
703 326 809 360 minus
831 326 915 360 statis
940 325 1026 360 horis
1041 324 1149 360 aestum
1171 335 1332 358 recurrere
1349 336 1446 371 quam
1458 326 1498 359 ad
1515 325 1627 360 Galliae
1641 324 1750 361 littora
1759 343 1776 371 ς.

388 376 421 408 in
432 373 616 420 pleniluniis
630 376 803 418 nimirum,
826 373 1045 411 &noviluniis
1064 376 1147 408 circa
1161 372 1276 408 horam
1290 372 1313 408 ὲ
1339 374 1475 408 meridie
1497 384 1662 422 quartam:
1685 375 1806 410 adeo?
1828 417 1830 420 y

386 433 423 456 ut
440 421 517 456 illud
537 424 684 470 principii
707 422 781 457 loco
795 423 907 458 haberi
936 436 1002 459 non
1022 434 1175 472 oporteat
1187 450 1199 466 ,
1218 433 1288 458 tum
1299 422 1404 457 aestum
1417 422 1478 458 effe
1487 425 1661 458 maximum
1674 452 1684 468 ,
1698 434 1776 461 cum
1828 422 1830 432 ¹

388 470 463 506 luna
477 471 515 504 ad
535 472 748 507 meridianum
765 471 828 507 loci
844 474 1006 521 pervenit.
1766 486 1770 500 1
1829 469 1832 480 ⁹

437 530 488 555 20.
506 522 552 555 Eo
571 519 633 555 loci
652 531 741 556 mare
754 521 793 556 ad
805 521 857 556 sex
865 522 986 569 pedum
996 520 1204 557 altitudinem
1216 550 1227 564 ,
1241 533 1316 555 cum
1327 521 1417 555 aestus
1431 519 1502 556 sunt
1518 522 1672 565 maximi,
1685 522 1772 558 intu-

388 568 526 603 mescere
549 582 557 603 :
581 571 670 617 quod
694 583 732 605 ex
752 570 828 618 palo
850 569 949 605 infixo
972 582 1030 619 per
1048 572 1211 619 integrum
1225 582 1345 604 annum
1371 569 1661 606 fuitobservatum.
1680 571 1774 606 Circa
1806 568 1811 572 ’

389 620 596 667 aequinoffia-
616 619 709 655 aestus
740 618 801 655 else
822 621 982 655 maximos
1001 633 1009 655 :
1027 632 1101 654 curn
1131 631 1240 654 tamen
1258 617 1442 656 differentia
1458 621 1512 655 vix
1529 618 1580 655 sex
1597 620 1773 669 digitorum·

391 667 459 702 stat.
1769 684 1786 698 -i

427 724 463 760 30.
493 717 596 751 AEstus
611 714 672 752 effe
683 719 839 753 maximos
856 730 924 754 non
946 721 980 753 in
995 715 1064 766 ipfis
1085 715 1284 760 interluniis‚
1297 727 1351 751 aut
1364 715 1552 765 pleniluniis
1566 745 1576 760 ,
1596 717 1649 753 sed
1676 720 1775 754 tertio
1802 736 1806 742 ·

390 765 442 798 die
458 779 477 800 ι
492 765 682 810 novilunio,
705 779 760 801 aut
775 766 955 815 plenilunio
970 781 978 803 ι
994 766 1082 814 quod
1097 765 1140 800 ab
1160 765 1229 800 aliis
1248 778 1379 813 quoque
1395 765 1460 800 fuit
1476 764 1702 802 observatum:
1723 778 1788 802 aut·

391 826 477 848 certe
487 815 534 849 his
545 814 657 850 diebus
675 817 790 851 eadem
807 817 927 864 perstat
943 817 1037 851 maris
1057 814 1302 850 intumescentia
1315 842 1327 858 ,
1348 816 1416 850 imo
1437 819 1472 851 &
1497 814 1606 850 crescit
1621 844 1632 859 ,
1652 816 1721 851 fere
1739 826 1776 851 ut

390 862 462 907 solis
485 864 576 899 aestus
591 866 687 898 tertia
698 864 718 900 a
741 866 875 900 meridie
888 865 967 900 hora
981 869 1084 912 major
1102 864 1148 898 est
1159 893 1168 907 ,
1183 877 1280 912 quam
1292 866 1326 898 in
1344 862 1408 912 ipsa
1421 864 1568 899 meridie.

428 920 482 954 4⁰.
502 915 576 960 Jam
589 913 797 948 observatum
810 913 851 948 ab
866 926 908 948 eo
925 914 1032 949 fuerat
1046 925 1132 947 anno
1143 920 1223 956 1670
1237 914 1289 948 die
1310 919 1345 948 16
1356 912 1441 960 Julii
1456 915 1489 948 in
1504 925 1593 948 nova
1606 913 1721 963 Anglia
1735 913 1777 948 ad

392 961 506 996 ostium
522 960 664 998 fluminis
678 962 777 1011 vulgo
787 962 971 1012 Pentagoest
983 961 1160 997 latitudinis
1172 961 1311 998 Borealis
1326 961 1395 996 fere
1407 975 1453 1009 44
1463 963 1665 1009 graduum‚in
1679 963 1778 1007 novi·v

391 1010 481 1045 lunio
501 1011 610 1046 aestum
624 1013 816 1060 contingere
835 1014 1011 1047 maximum
1029 1011 1106 1046 hora
1121 1010 1292 1046 undecima
1306 1039 1315 1054 ,
1339 1022 1410 1046 cum
1433 1010 1618 1058 quindecim
1645 1013 1829 1047 miiiutis„:'‚=

392 1058 447 1094 seu
459 1059 546 1094 horae
563 1060 740 1107 quadrante
758 1089 767 1103 ,
787 1060 904 1096 eodem
921 1072 1004 1108 pene
1020 1071 1166 1107 tempore
1182 1072 1249 1106 quo
1261 1058 1422 1107 Rupellae.
1441 1060 1531 1095 Nam
1544 1059 1594 1095 hic
1603 1060 1692 1096 locus
1709 1073 1780 1095 ma-
1817 1099 1821 1102 ,

391 1111 442 1156 gis
472 1109 512 1142 ad
534 1109 753 1144 Occidentem
768 1111 873 1157 vergit
894 1136 904 1151 ,
930 1114 964 1145 δε
984 1109 1098 1143 tardius
1114 1107 1161 1142 ibi
1176 1107 1222 1142 sol
1234 1109 1273 1142 ad
1286 1108 1498 1144 meridianum
1512 1112 1664 1157 pervenit
1678 1109 1781 1155 4·ὴο-

393 1161 435 1191 ris
445 1170 518 1192 cum
531 1156 651 1192 semiffe
669 1170 768 1204 quarn
780 1157 930 1206 Rupellae
945 1186 954 1200 ‚
967 1156 1022 1191 ubi
1033 1156 1122 1191 aestus
1133 1159 1290 1192 maximus
1304 1157 1421 1191 accidit
1431 1160 1525 1192 tertia
1535 1158 1555 1193 a
1569 1159 1704 1193 meridie
1715 1158 1782 1193 ho.

392 1218 426 1240 ra
437 1218 511 1240 cum
525 1205 656 1241 semiffe.
680 1207 780 1243 Unde
804 1206 883 1241 licet
899 1206 1052 1254 colligere
1069 1205 1158 1240 aestus
1183 1207 1298 1240 eodem
1316 1216 1462 1253 tempore
1477 1204 1532 1240 sub
1551 1208 1666 1242 eodem
1685 1210 1782 1243 rneri-

393 1255 493 1290 diano
507 1268 573 1290 non
586 1266 761 1299 recurrere,
779 1267 816 1290 ac
834 1254 921 1290 forte
932 1257 1104 1291 Oceanum
1117 1255 1158 1290 ab
1173 1255 1286 1290 Austro
1294 1255 1333 1289 ad
1355 1256 1492 1289 Boream
1504 1256 1643 1304 propelli
1653 1285 1663 1300 ,
1681 1262 1714 1294 &
1728 1258 1781 1292 in-

396 1304 454 1338 star
466 1302 635 1339 fluminum
653 1305 823 1341 exundare.

430 1366 473 1399 5⁷.
491 1353 616 1388 Eodem
629 1365 714 1389 anno
727 1353 818 1388 aestus
828 1352 976 1402 Rupellae
995 1352 1091 1388 solito
1105 1352 1207 1388 multo
1228 1358 1361 1402 majores
1387 1357 1470 1388 circa
1492 1365 1663 1402 utrumque
1673 1354 1782 1403 'aequi-

395 1403 542 1437 noctium
556 1403 722 1450 contigere
737 1415 842 1438 :nova
852 1413 921 1437 erat
930 1402 1004 1438 luna
1012 1405 1096 1437 circa
1108 1404 1338 1449 aequinoc'tium
1352 1397 1486 1439 vernurin
1496 1431 1506 1446 ,
1521 1403 1615 1451 plena
1628 1405 1712 1439 circa
1723 1416 1782 1439 au-

397 1450 543 1486 tumnale
555 1480 565 1494 ‚
583 1451 759 1499 utrobique
778 1451 840 1487 fuit
855 1453 1014 1501 perigaea..
1771 1472 1774 1479 ·

431 1507 476 1536 6⁶.
504 1502 571 1535 Die
586 1512 703 1547 quarto
718 1501 850 1549 Augusti
861 1500 998 1548 ejusdem
1025 1503 1099 1536 anni
1119 1502 1176 1548 qui
1192 1512 1259 1536 erat
1274 1501 1386 1537 itidem
1405 1512 1536 1548 quartus
1549 1499 1568 1535 ἐι
1589 1499 1799 1548 plenilunio‚:
1824 1501 1829 1503 ”

397 1554 499 1598 major
513 1549 577 1584 fuit
589 1549 678 1583 aestus
687 1562 786 1597 quam
796 1550 847 1584 die
857 1549 1175 1598 plenilunii,tumque
1189 1550 1260 1584 luna
1272 1563 1341 1586 erat
1351 1553 1496 1599 perigaea.
1512 1550 1620 1596 vQod
1640 1548 1660 1583 fi
1685 1551 1781 1583 variis

397 1601 430 1633 in
443 1598 521 1633 locis
535 1597 640 1633 multae
650 1598 741 1647 hujus
752 1601 877 1648 generis
891 1598 1009 1635 fierent
1024 1598 1268 1635 observationes
1282 1628 1290 1642 ‚
1303 1599 1388 1635 forte
1405 1600 1479 1635 hinc
1489 1598 1612 1646 aliquid
1626 1609 1680 1633 aut
1689 1599 1780 1641 certi,

397 1659 452 1683 aut
468 1646 644 1682 verisimilis
657 1649 740 1682 circa
759 1648 845 1683 aestus
856 1650 1012 1697 reciproci
1027 1648 1128 1682 causas
1143 1651 1211 1683 erui
1229 1647 1341 1695 poffet.
1772 1672 1775 1675 Δ

425 1699 504 1732 Sunt
520 1702 552 1733 δε
565 1696 618 1730 alii
638 1695 788 1743 speciales
807 1699 934 1733 Oceani
951 1710 1058 1733 motus
1072 1710 1154 1744 quos
1167 1696 1326 1745 sigillatim
1338 1697 1496 1745 explicare
1509 1709 1576 1731 non
1590 1694 1781 1744 suscipimus.

398 1747 503 1792 quue
521 1746 620 1779 aliiut
633 1747 669 1779 P.
691 1745 802 1788 Fabri,
813 1751 846 1783 δε
859 1748 1017 1781 Varenius
1027 1745 1157 1780 abunde
1169 1746 1399 1793 praestitemnt.,
1418 1746 1550 1793 Insignis
1561 1745 1608 1779 est
1619 1745 1673 1780 ille
1685 1747 1781 1780 maris

399 1806 506 1829 motus
521 1807 621 1842 prope
641 1794 805 1829 Guinearn
820 1822 829 1836 ‚
846 1807 912 1842 quo
926 1794 968 1828 ab
986 1795 1168 1831 Occidente
1183 1797 1215 1828 in
1233 1797 1408 1829 Orientem
1429 1805 1521 1829 tanto
1540 1795 1662 1841 impetu
1679 1793 1781 1828 versus

400 1842 500 1877 finum
520 1842 636 1878 Africae
651 1843 826 1889 impellitur
838 1872 847 1885 ‚
865 1855 900 1877 ut
917 1841 972 1877 nisi
986 1854 1090 1878 nautae
1104 1842 1145 1876 ab
1166 1845 1201 1876 iis
1216 1842 1379 1877 littoribus
1400 1853 1537 1877 caveant
1551 1869 1560 1883 ‚
1577 1854 1618 1876 ne
1638 1842 1782 1877 secundis

400 1892 533 1938 quidem
543 1893 647 1926 ventis
659 1903 800 1925 remeare
814 1889 942 1938 poffint.
966 1891 1079 1926 Multae
1099 1903 1198 1925 naves
1211 1893 1336 1938 periere
1353 1920 1361 1934 ,
1379 1903 1452 1925 cum
1472 1902 1578 1924 motus
1607 1890 1661 1925 ille
1678 1893 1782 1926 nautis

402 1940 545 1975 nondum
567 1951 634 1972 erat
652 1941 810 1987 cognitus,
829 1939 932 1974 Causa
951 1939 1036 1974 illius
1051 1940 1122 1974 satis
1141 1940 1187 1974 est
1207 1938 1363 1982 obscura„
1386 1938 1441 1974 nisi
1459 1938 1547 1974 forte
1563 1938 1605 1973 ab
1627 1941 1784 1975 Ameticae

401 1987 562 2023 littoribus
579 1999 665 2021 mare
676 1987 833 2035 repulsum
848 1990 880 2022 in
891 2001 963 2023 eum
972 1988 1072 2024 sinum
1084 2001 1154 2023 cum
1171 1991 1294 2036 impetu
1312 2000 1467 2023 excurrat.
1495 1990 1557 2022 Aut
1571 1986 1712 2023 fortaffis
1728 1988 1784 2032 lit-

404 2049 452 2072 tus
469 2049 509 2071 eo
529 2037 589 2071 loci
605 2036 651 2070 est
664 2036 830 2073 declivius.
850 2040 887 2073 In
903 2038 1105 2071 mediomari
1123 2049 1230 2072 motus
1247 2037 1302 2072 ille
1316 2051 1381 2072 non
1398 2037 1441 2072 est
1461 2035 1609 2071 senfibilis
1628 2065 1640 2080 ,
1656 2037 1746 2085 quod
1762 2036 1783 2072 a

402 2088 563 2121 contrario
573 2087 700 2120 Oceani
714 2098 806 2121 motu
819 2085 861 2120 ab
872 2097 944 2121 ortu
967 2089 1000 2121 in
1009 2085 1155 2121 occasum
1164 2086 1319 2121 deleatur.
1766 2091 1769 2093 “
1791 2106 1794 2110 ⁴

443 2143 483 2169 2⁰
508 2136 615 2182 Prope
637 2135 820 2168 Sumatram
840 2135 972 2170 insulam
993 2138 1144 2170 Oceanus
1157 2138 1189 2170 in
1203 2134 1299 2170 linum
1315 2134 1543 2183 Bengalensem
1570 2131 1612 2166 ab
1629 2133 1784 2169 Austroin

403 2187 540 2219 Boream
552 2185 734 2218 continenti
758 2188 791 2219 &
807 2184 920 2219 valido
932 2197 1024 2219 motu
1042 2183 1154 2220 affluit:
1166 2183 1257 2219 simili
1268 2185 1367 2219 modo
1382 2186 1412 2218 in
1426 2186 1505 2218 mari
1518 2180 1656 2217 Pacifico
1668 2181 1781 2218 Oceass

405 2235 539 2281 nusjugi
551 2245 641 2267 motu
652 2230 693 2266 ab
710 2232 824 2267 Austro
839 2236 869 2268 in
880 2235 1015 2268 Boream
1036 2234 1075 2267 ad
1092 2236 1268 2268 Peruviana
1280 2263 1289 2275 ‚
1312 2238 1345 2269 ὅ(
1361 2232 1481 2278 reliqua
1499 2232 1651 2265 Americae
1672 2231 1784 2266 littora

404 2282 556 2317 illabitur.
575 2283 704 2316 Horum
721 2293 868 2317 motuum
883 2281 970 2316 cariffi.
988 2283 1033 2316 est
1059 2294 1114 2317 aut
1129 2294 1235 2316 motus
1254 2283 1380 2317 Oceani
1393 2282 1445 2326 qui
1464 2279 1505 2313 ab
1522 2278 1644 2321 insulis,
1667 2278 1721 2314 vel
1739 2277 1781 2312 ab

405 2330 534 2365 australi
549 2342 630 2365 terra
648 2329 832 2378 repellitur3
856 2343 911 2365 aut
925 2334 1015 2366 venti
1040 2331 1208 2374 australes,
1225 2333 1282 2377 qui
1300 2333 1331 2364 in
1353 2331 1390 2362 iis
1415 2330 1570 2363 Americae
1597 2326 1792 2375 regionibus:

405 2378 615 2414 indesinenter
624 2379 747 2428 spirant.
769 2381 819 2414 Sic
840 2382 970 2416 Oceani
985 2392 1092 2415 motus
1101 2380 1259 2430 generalis
1273 2379 1294 2415 a
1313 2376 1434 2413 Brasilia
1446 2375 1584 2425 repulsus
1599 2375 1703 2412 versus
1715 2378 1784 2414 Au·
