1878 2724
313 135 379 177 706
851 127 878 163 P
903 126 939 163 H
961 127 991 163 Y
1015 127 1038 162 S
1060 124 1128 161 I‘C
1150 127 1189 161 ΑΞ

351 184 397 216 Ac
417 179 457 214 de
470 177 646 227 bombycis
662 176 817 213 structura
835 176 933 226 paulo
952 174 1083 212 uberius
1099 178 1222 225 egimus
1233 203 1242 218 ‚
1256 175 1346 223 quod
1358 175 1398 211 ad
1415 175 1568 212 naturalis
1588 176 1725 216 historias

317 229 564 264 illustrationem
577 256 586 270 ,
599 227 619 262 si
629 228 708 275 quid
720 228 804 261 aliud
815 255 824 270 ,
838 239 876 260 ea
886 228 1029 262 maxime
1039 229 1209 274 pertineat.
1223 226 1329 272 Atque
1348 227 1465 260 eadem
1489 238 1573 274 pene
1586 229 1633 262 est
1648 242 1724 264 eru-

316 292 422 313 carum
437 283 468 313 δε
486 277 687 326 papilionum
698 275 932 313 conformatio.
960 278 999 311 Et
1012 276 1147 323 quidem
1165 275 1395 310 inAcademiae
1411 280 1652 312 commentariis
1671 291 1724 313 re.

316 330 406 376 psrio
426 325 467 360 ab
488 326 696 362 eruditissimo
720 325 963 361 Mathe—manco
982 328 1026 361 D.
1045 325 1195 359 Sedilean
1223 324 1257 358 'id
1280 323 1489 360 observatum
1505 353 1514 367 ,
1533 336 1597 359 tres
1612 326 1724 376 infigm'

316 377 542 425 magnitudine
556 389 664 411 erucas
682 374 881 424 menseJulio
893 388 944 411 ani
960 378 970 408 i
1001 378 1072 412 1682.
1092 377 1125 409 in
1136 373 1306 422 sycomoro
1327 386 1489 423 repertas,
1516 387 1588 422 quae
1605 379 1723 424 quinto

316 428 388 473 post
400 427 451 460 die
465 438 539 460 cum
552 426 710 474 liquorem
724 424 880 460 vircosum
896 424 1057 474 ejeciffcnt
1072 453 1082 468 ‚
1096 423 1157 458 sese
1177 425 1258 457 intra
1272 424 1367 458 testas
1385 417 1723 467 firmas’involverunt.

316 478 426 512 Unam
444 488 483 509 ex
501 478 536 509 iis
555 476 626 523 post
638 476 718 510 duos
735 473 858 510 menses
873 477 998 522 aperuit
1012 504 1021 518 ‚
1040 474 1125 509 unde
1147 472 1268 506 aurelia
1292 474 1437 521 prodiit,
1460 478 1495 509 δε
1520 476 1554 509 18
1579 476 1665 510 Maii
1690 478 1724 514 in

314 538 468 574 magnum
480 528 681 572 papilionem
692 525 733 559 cst
750 522 914 563 conversa,
930 526 965 559 In
978 524 1087 558 medio
1098 522 1153 557 alae
1168 521 1277 556 oculus
1297 524 1333 557 iis
1345 537 1413 559 non
1423 521 1597 567 absimilis,
1617 526 1674 572 qui
1692 528 1727 562 in

315 577 417 609 cauda
430 580 564 622 pavonis
578 574 836 624 conspiciuntur,
859 576 953 608 variis
971 573 1099 609 nitebar
1122 570 1287 606 coloribus
1303 590 1311 616 3
1325 585 1424 621 atque
1440 572 1563 607 alarum
1580 585 1727 609 extrema

317 624 406 659 velut
419 623 513 659 fascia
525 625 672 672 quaedam
683 624 819 659 candida
833 622 986 672 cingebat
996 621 1116 658 duabus
1130 621 1221 656 lineis
1236 622 1309 658 lata.
1318 624 1418 659 Oculi
1429 622 1469 657 ad
1481 622 1623 658 candelae
1632 622 1730 659 flam-

316 688 406 710 mim
426 672 479 708 visi
496 672 563 709 sunt
577 675 685 711 lumen
703 672 884 709 reflectere.

353 725 483 768 Quarto
495 722 562 771 post
582 724 635 757 die
651 736 714 756 ova
725 722 848 766 emisit,
859 723 956 770 idque
971 735 1028 771 per
1041 722 1249 770 quatriduum
1261 737 1268 758 :
1279 727 1312 759 &
1329 721 1382 756 die
1402 736 1442 765 27
1458 725 1548 758 Maii
1566 724 1727 760 extinctus

317 775 371 810 est.
386 773 480 809 Alter
493 785 624 821 quoque
639 772 763 820 papilio
781 771 984 820 echrysalide
998 772 1047 808 sua
1064 771 1191 813 emersit
1203 802 1213 815 ,
1225 778 1259 809 &
1270 773 1357 806 idem
1370 771 1462 806 subiit
1481 772 1600 809 fatum.
1612 774 1676 809 Sed
1686 785 1726 808 ex

317 825 414 859 tertia
431 823 608 871 chrysalide
623 836 661 858 20
681 821 863 870 &amplius
874 834 1006 858 vermes
1020 822 1193 871 papilionis
1210 823 1283 857 loco
1297 822 1491 870 prodierunt
1502 851 1511 866 ‚
1531 824 1589 870 qui
1605 824 1727 858 exaffis

316 875 444 921 aliquot
464 871 575 908 diebus
598 874 631 907 in
650 871 786 908 aurelias
808 871 952 921 primum
965 901 975 914 ‚
996 884 1065 907 tum
1085 871 1205 907 deinde
1225 874 1260 907 in
1283 869 1403 907 muscas
1425 874 1533 921 nigras
1560 877 1598 909 §c
1616 872 1729 908 craffas

317 923 476 957 abierunt.
1618 939 1623 942 -

353 975 462 1018 Atque
476 971 539 1005 hoc
556 969 846 1017 muscarumgenus
863 969 902 1003 ad
913 980 1067 1015 quartum
1080 967 1273 1004 insectorum
1292 968 1601 1005 ordinem-revocari
1612 970 1728 1019 potest,

316 1033 454 1070 quorum
467 1021 637 1067 generatio
648 1017 745 1066 paulo
756 1018 799 1053 est
806 1017 1126 1064 obscurior‚eamque
1138 1017 1204 1052 fuse
1216 1017 1356 1065 explicat
1368 1020 1413 1052 D.
1424 1019 1672 1056 vaamerdam.
1690 1023 1728 1056 In

318 1084 358 1106 eo
381 1080 502 1119 genere
527 1069 613 1116 quod
625 1069 770 1116 gignitur
783 1066 923 1110 animal,
938 1069 1063 1103 vermis
1085 1065 1219 1115 figuram
1230 1069 1365 1101 retinet.
1383 1067 1469 1102 Cum
1486 1069 1639 1116 nymphae
1658 1069 1730 1105 fot,-

316 1133 405 1157 mam
420 1118 503 1154 subit
517 1147 526 1161 ‚
543 1118 620 1152 duas
640 1116 729 1152 simul
747 1116 848 1166 pelles
863 1120 952 1151 exuit
967 1147 976 1160 ‚
997 1128 1132 1164 quarum
1164 1116 1307 1150 exterior
1333 1127 1408 1150 cum
1432 1152 1434 1154 ,
1462 1115 1630 1165 letumque
1650 1119 1730 1153 dura

315 1169 352 1206 fit
380 1175 412 1205 &
442 1167 554 1211 firma,
578 1166 718 1215 speciem
734 1168 789 1202 ovi
808 1166 954 1215 praebet:
978 1179 1052 1201 cum
1074 1177 1187 1200 tamen
1210 1164 1405 1200 vermiculus
1428 1129 1464 1200 (ξι
1480 1195 1490 1210 ,
1519 1179 1587 1201 non
1605 1180 1731 1213 ovum,

318 1230 414 1255 motu
429 1218 564 1265 quidem
577 1218 666 1251 omni
683 1218 847 1264 privatur,
869 1229 942 1251 cum
957 1218 989 1251 in
1007 1215 1187 1264 nympham
1201 1217 1425 1258 convertitur,
1448 1214 1500 1249 sed
1519 1216 1659 1251 humore
1680 1217 1732 1253 su-

315 1267 439 1318 perfluo
454 1280 511 1315 per
536 1265 816 1314 transpirarionem
829 1264 979 1301 exhalato
989 1268 1072 1300 intra
1084 1276 1200 1313 paucos
1212 1263 1279 1297 dies
1294 1275 1422 1299 motum
1437 1263 1522 1299 suum
1537 1278 1706 1316 recuperat
1718 1284 1731 1311 ς

316 1329 461 1365 cumque
473 1315 637 1364 duplicem
652 1315 772 1364 pellem
786 1314 936 1366 deposuit
947 1344 957 1359 ,
971 1319 1038 1364 jam
1058 1312 1216 1349 omnibus
1237 1312 1296 1348 suis
1306 1312 1457 1365 partibus
1472 1320 1510 1353 δε
1528 1317 1730 1353 ornamentis

317 1369 487 1402 decoratus
504 1378 648 1414 apparet.
966 1365 969 1368 ’

352 1420 391 1452 In
402 1429 475 1451 eum
489 1417 624 1464 quidem
642 1413 767 1454 censum
783 1413 918 1449 adscribi
937 1413 1063 1464 possunt
1077 1427 1205 1450 vermes
1216 1415 1272 1462 qui
1286 1412 1384 1463 vulgo
1398 1427 1439 1450 ex
1458 1416 1606 1450 carnium
1619 1423 1734 1462 putre.‘

317 1468 395 1502 dine
415 1469 503 1514 gigni
523 1466 716 1508 creduntur,
744 1478 783 1500 ex
801 1464 921 1512 quibus
941 1467 1031 1499 varia
1051 1463 1231 1499 muscarum
1260 1465 1424 1512 prodeunt
1445 1477 1579 1513 genera.
1599 1465 1733 1500 Horum

317 1518 478 1551 vermium
493 1526 691 1550 recrementa
708 1514 830 1549 foetore
856 1513 910 1548 suo
925 1526 1037 1549 carnes
1055 1525 1281 1562 corrumpunt·
1305 1515 1379 1550 Nec
1395 1514 1508 1549 muscae
1523 1525 1639 1549 omnes
1653 1527 1733 1557 ova,

316 1566 369 1601 sed
383 1566 526 1614 plurimu:
542 1563 737 1598 vermiculos
748 1566 890 1612 pariunt.
903 1564 998 1599 Vidit
1011 1567 1055 1600 D.
1073 1564 1224 1597 Sedileau
1241 1562 1381 1598 muscam
1393 1565 1514 1598 cinerei
1526 1563 1733 1611 coloris,quae

317 1617 430 1665 digitis
446 1614 543 1664 prelsa
564 1629 609 1658 40
624 1626 679 1648 aut
694 1629 730 1663 50
745 1626 871 1648 vermes
884 1643 893 1657 ,
912 1613 1031 1660 eosque
1051 1615 1144 1647 vivos
1167 1615 1332 1661 parturiit.
1362 1612 1672 1660 Plerumqueoetiam
1693 1623 1734 1646 ex

318 1668 419 1701 erucis
438 1668 632 1714 gignuntur,
646 1669 677 1699 &
689 1676 728 1697 ex
744 1666 782 1697 iis
798 1662 1072 1712 saepevermiculis
1092 1665 1149 1709 qui
1164 1665 1200 1699 jn
1218 1661 1378 1697 fructibus
1398 1662 1468 1698 sunt
1487 1662 1662 1697 reconditi.
1689 1660 1736 1697 11-

318 1715 373 1750 lud
390 1714 429 1748 ab
447 1715 565 1749 eodem
576 1714 759 1760 percrudiro
769 1714 852 1748 Viro
864 1711 1071 1748 observatum
1084 1714 1116 1747 in
1129 1712 1239 1746 medio
1254 1711 1432 1755 tuberculi,
1452 1711 1542 1759 quod
1554 1713 1589 1746 in
1603 1711 1734 1746 Rham-

317 1779 361 1800 no
376 1765 529 1811 frequens
543 1763 608 1806 est,
625 1765 777 1801 exteriori
794 1763 928 1809 quidem
939 1762 1024 1796 facie
1043 1760 1249 1810 spongiosum
1261 1791 1270 1804 ,
1293 1763 1381 1796 intus
1402 1759 1734 1804 durum‚vermiculos

318 1814 380 1849 effe
397 1814 582 1849 reconditos
595 1842 604 1856 ‚
619 1814 675 1861 qui
689 1814 721 1847 in
732 1814 925 1848 minutiores
936 1809 1060 1848 muscas
1075 1814 1163 1846 miris
1176 1809 1345 1850 coloribus
1367 1814 1510 1847 nitentes
1532 1820 1733 1847 convertun-

322 1876 382 1900 tur.
628 1862 631 1864 ’

357 1917 404 1949 Ex
418 1916 455 1947 iis
466 1924 600 1961 quoque
618 1912 804 1948 vermiculis
817 1914 994 1949 contraitis
1014 1914 1123 1961 quiex
1141 1924 1306 1947 erucarum
1325 1921 1460 1958 corpore
1479 1914 1513 1947 &
1537 1908 1733 1944 aureliarum

317 1962 403 2010 pelle
417 1973 587 2010 emergunt
599 1990 607 2003 ,
625 1961 780 2008 nymphae
791 1961 948 2009 primurn,
960 1973 1030 1996 tum
1043 1961 1155 1996 muscae
1167 1961 1337 2008 prodeunt.
1355 1961 1400 1994 Ac
1414 1957 1492 2006 saepe
1505 1971 1630 1994 vermes
1661 1957 1734 2005 pel-

318 2013 382 2047 lem
393 2024 494 2046 erucae
508 2024 546 2045 ex
565 2022 628 2057 qua
653 2010 845 2044 alimentum
864 2010 954 2045 suum
972 2009 1236 2059 deprompserunt
1247 2039 1256 2052 ‚
1272 2009 1310 2052 sic
1330 2008 1478 2043 deserunt
1489 2037 1498 2052 ‚
1513 2021 1548 2043 ut
1560 2007 1622 2043 sese
1645 2005 1735 2042 folli-

318 2062 395 2097 culis
419 2062 550 2096 induant
576 2057 633 2094 sub
660 2059 879 2107 nympharum
900 2059 1010 2104 larva,
1043 2072 1080 2093 ac
1117 2059 1250 2094 tandem
1283 2061 1316 2093 in
1337 2056 1458 2092 muscas
1500 2057 1737 2093 transformen-

319 2123 378 2148 tur,
419 2113 462 2146 Ex
496 2113 531 2144 iis
566 2121 637 2156 quae
671 2107 837 2144 brassicam
874 2110 1015 2145 exedunt
1049 2111 1152 2143 erucis
1177 2137 1187 2151 ‚
1231 2107 1400 2142 vermiculi
1430 2106 1485 2141 fibi
1514 2108 1626 2142 nidum
1656 2105 1737 2139 seri-

318 2174 414 2195 ceum
447 2170 616 2208 perrexunt
642 2188 650 2201 ,
690 2161 723 2192 in
754 2170 821 2204 quo
858 2159 1017 2193 reconditi
1061 2171 1198 2193 ovorum
1238 2155 1375 2206 speciem
1419 2156 1569 2204 praebent
1610 2170 1618 2191 :
1659 2167 1735 2190 cum

318 2210 376 2245 sint
400 2210 554 2256 nvmphae
576 2237 584 2251 ‚
617 2209 664 2241 uti
698 2213 729 2243 δέ
759 2207 821 2242 illae
844 2220 916 2254 qua:
941 2210 974 2242 in
1003 2208 1090 2243 foliis
1116 2205 1244 2241 silicum
1273 2207 1362 2240 tenui
1398 2205 1550 2240 folliculo
1579 2203 1736 2240 involutae

317 2262 348 2294 izi
375 2257 496 2293 muscas
529 2257 649 2291 abeunt
674 2268 800 2291 teneras
837 2261 869 2293 ὃ(
899 2257 1062 2293 delicat-is.
1089 2258 1140 2290 Sic
1159 2256 1314 2305 nymphae
1334 2254 1511 2290 muscarum
1526 2284 1536 2298 ,
1555 2267 1624 2301 quae
1641 2254 1733 2299 equis

318 2315 350 2345 &
369 2307 475 2342 bobus
495 2308 578 2342 adeo
596 2305 665 2340 sunr
691 2306 835 2340 molestae
854 2335 862 2346 ,
892 2318 1031 2354 quaeque
1057 2305 1169 2341 tabani
1188 2334 1196 2348 ‚
1223 2304 1322 2353 vulgo
1342 2315 1430 2338 raom
1463 2306 1670 2344 vocitantur,
1694 2312 1734 2334 ex

318 2357 501 2392 vei-micul&
524 2359 580 2403 qui
604 2358 635 2389 in
657 2355 764 2390 fluviis
780 2354 891 2403 pail‘im
916 2368 1052 2404 repunt,
1084 2356 1165 2389 teste
1185 2353 1357 2389 Aristotele
1380 2359 1413 2390 δε
1436 2351 1638 2401 experientia
1661 2362 1738 2398 pro-

318 2417 472 2443 creantur,
489 2408 550 2443 Hae
567 2403 673 2441 musca:
686 2405 876 2455 proboscide
886 2403 975 2440 simul
989 2412 1020 2444 ἃ
1035 2405 1148 2440 aculco
1171 2404 1342 2447 instructae,
1366 2402 1560 2452 proboscide
1581 2411 1689 2436 rorem
1700 2403 1738 2436 §c
