1878 2724
437 112 504 151 DE
544 112 714 151 MOTU
758 112 1019 149 SIDERm.
1400 127 1415 149 2

65 163 377 217 tempus-definiunt.
390 164 437 199 Ac
447 163 532 200 forte
543 173 580 198 ut
594 165 627 197 in
643 162 780 211 planetis
799 161 837 196 fic
847 164 879 196 in
889 114 1023 203 cometis
1036 162 1174 210 perigaea
1190 173 1255 196 non
1269 127 1436 197 suntad3eg

65 217 128 253 fixa
143 245 153 260 ,
175 227 209 250 ut
221 215 327 249 locum
338 225 405 249 non
420 223 556 247 mutent.
570 214 606 246 ln
615 210 689 246 luna
701 213 872 260 perigaeum
883 222 1019 257 quatuor
1029 216 1061 247 ὅ(
1073 210 1207 258 amplius
1218 211 1342 246 zodiaci
1352 210 1438 261 signa.

63 267 145 300 intra
159 265 326 299 triennium
340 262 494 296 decurrit:
511 261 596 295 unde
614 260 802 309 &planetae
819 258 920 294 modo
931 258 1050 295 tardius
1065 288 1075 303 ‚
1088 259 1189 295 modo
1206 257 1298 294 citius
1320 261 1360 295 ad
1371 259 1438 295 eas-

10 331 11 334 *
62 313 138 348 dem
149 312 249 347 stellas
264 322 471 346 revertuntur.

94 362 161 396 Hic
170 361 304 408 quidem
316 371 444 394 cometa
454 359 557 407 plures
570 356 830 394 constellationes
852 357 945 393 citi-us
969 358 1137 392 decurrere
1162 356 1244 392 visus
1259 357 1300 391 est
1312 386 1321 400 ,
1341 356 1456 405 quam*

61 421 188 446 cometa
198 411 271 444 anni
289 422 358 456 1577
369 410 438 444 :cui
451 411 498 442 rei
511 407 703 456 explica-ndae
713 403 828 441 sufficit
839 409 963 456 perigaei
978 419 1097 443 motus.
1110 408 1198 441 Prior
1207 409 1327 454 quippe
1340 406 1396 442 ubi
1406 409 1440 442 in

62 458 268 507 conspe&urn
278 460 450 506 venit‚jam
459 459 632 512 perigaeurn
647 455 872 504 praetergrclsus
896 470 908 501 5
929 456 1042 503 gradus
1063 467 1261 502 unoquoque
1277 457 1328 488 die
1340 454 1441 490 confi-

0 499 2 508 '
28 524 31 527 ’
63 506 170 542 ciebat
184 505 255 550 3sub
271 505 368 541 finem
379 518 432 540 Vix
453 518 463 540 1
479 518 491 551 5
510 507 726 547 minuus‚aut
735 516 848 551 quarta
858 516 948 552 parte
960 507 1050 540 unius
1063 505 1177 552 gradus
1189 502 1364 539 ferebatur.
1376 504 1442 539 Sed

62 558 119 604 qui
138 568 224 590 anno
235 557 311 590 1680
318 557 464 602 apparuit
480 554 650 602 postquam
663 564 766 587 totum
777 554 836 586 iter
857 553 900 586 est
915 553 1054 588 emensus
1065 581 1074 596 ‚
1095 553 1183 600 quod
1195 554 1282 601 prior
1295 552 1442 587 decurre-

63 618 96 639 re
105 604 185 639 visus
205 603 309 639 fuerat
321 631 329 646 ,
341 605 422 637 inter
438 603 685 650 Sagittarium&
699 599 850 649 Pegasum
861 600 986 650 longius
1002 614 1058 650 per
1071 600 1441 644 Audromedangborea-

62 653 98 688 lis
109 652 198 701 piscis
211 664 306 700 caput
315 650 410 697 usque
419 651 460 685 ad
475 652 681 698 caput-Tauri
696 649 870 698 progreffus
885 651 937 686 est.
961 651 1100 685 Eandem
1112 663 1211 699 pene,
1229 662 1264 684 ut
1278 651 1414 686 diximus
1431 679 1441 693 ,

62 703 150 736 viam
167 712 299 735 cometae
318 711 478 734 annorum
504 705 589 746 1665
603 727 613 742 ‚
633 706 732 742 1672,
750 705 784 735 &
811 705 897 743 1677
915 698 1031 734 emenfi
1049 699 1204 742 fuerant,
1227 711 1292 734 non
1312 698 1373 734 sine
1389 700 1443 734 ali-

61 763 129 798 quo
142 748 340 784 discrimine:
356 750 444 794 quod
457 759 564 783 tamen
574 750 677 783 minus
688 747 734 781 est
746 760 786 782 eo
797 748 862 796 ipso
874 749 960 795 quod
976 750 1009 783 in
1021 748 1094 783 luna
1104 776 1114 791 ,
1132 752 1260 783 Venere
1272 776 1282 791 ‚
1301 753 1335 785 &
1348 750 1442 784 Mar-

64 810 96 832 te
109 798 303 846 quandoque
325 795 522 832 observatur.
542 797 624 843 Qae
639 795 749 845 saepius
761 799 935 839 eveniunt,
954 809 990 831 ea
1012 809 1099 831 certa
1114 802 1147 833 ὅ(
1166 797 1323 831 constanti
1345 797 1416 846 lege
1432 827 1442 842 ,

64 860 129 882 non
151 858 272 881 temere
284 851 317 883 &
329 846 469 881 fortuito
478 846 626 881 accidunt
636 858 723 880 :non
733 847 818 880 enim
832 857 957 880 tantum
970 845 1070 887 casui,
1095 858 1150 880 aut
1162 845 1297 881 fortunae
1311 846 1397 889 licet,
1408 858 1445 882 ut

64 897 240 931 constanter
249 895 410 932 &eodem
435 895 535 930 modo
554 895 784 944 progrediatur.
819 896 904 929 Huic
936 897 1094 942 principio
1110 895 1316 930 Astronomia
1338 898 1442 931 omnis

63 946 228 988 innititur,
243 956 348 991 neque
359 956 401 978 ex
415 943 480 978 alio
498 943 711 978 fundamento
718 955 828 977 motus
840 941 973 978 siderum
983 944 1023 977 ad
1040 954 1142 978 certas
1162 943 1248 992 leges
1268 944 1336 979 sunt
1347 957 1444 981 revo⁴

62 994 126 1028 cati
136 1010 147 1037 ;
158 1005 227 1027 nec·
238 992 333 1029 nobis
351 992 559 1027 alia=ratione
578 992 779 1042 exploratum
793 992 891 1036 foret,
904 994 1099 1027 Mercurium
1111 995 1165 1040 qui
1176 1004 1246 1027 raro
1262 995 1296 1027 in
1310 993 1444 1042 conspe..

65 1043 153 1077 &um
163 1044 254 1077 venit
267 1070 276 1085 ,
299 1041 439 1076 eundem
461 1041 522 1075 effe
533 1041 717 1090 planetam:
740 1053 813 1075 cum
827 1043 923 1088 igitur
940 1052 1073 1075 cometae
1091 1042 1229 1076 eandem
1252 1042 1443 1090 plerumque

64 1093 151 1124 viam
170 1092 300 1133 ineant,
319 1090 351 1124 id
373 1091 485 1136 utique
505 1089 525 1125 ὲ
543 1102 623 1125 vero
633 1103 699 1126 non
717 1087 887 1133 abhorret,
915 1102 1027 1124 eorum
1041 1102 1158 1124 zonam
1181 1090 1241 1125 este
1257 1090 1444 1136 definitam,

66 1141 110 1173 uti
125 1144 157 1175 ὅ(
167 1138 367 1187 planetarum
385 1140 558 1174 tramitem.
569 1163 571 1166 .

99 1190 172 1224 Nec
186 1190 304 1222 mirum
317 1186 338 1222 si
349 1198 476 1221 cometa
486 1186 668 1222 identidem
676 1196 872 1231 revertatur3
889 1196 949 1222 nec
967 1185 1111 1223 videatur
1127 1198 1234 1222 tamen
1248 1200 1341 1223 :nam
1361 1188 1446 1224 illius

64 1236 162 1270 cauda
177 1236 377 1282 estquiddam
396 1237 530 1271 omnino
545 1237 758 1271 adventitium
774 1250 782 1272 ε
799 1247 931 1284 augetur
950 1237 1108 1271 interdum
1122 1248 1175 1270 aut
1187 1238 1358 1280 minuitur,
1378 1239 1448 1272 imo·

65 1289 99 1321 ὅ(
109 1283 195 1320 nulla
206 1285 365 1319 interdum
383 1285 447 1327 est,
462 1296 532 1318 cum
543 1296 670 1319 cometa
682 1285 746 1332 ipse
760 1288 900 1319 cernitur
910 1313 918 1327 ,
938 1296 1072 1332 tumque
1082 1284 1177 1319 nobis
1191 1286 1386 1333 quandoque
1397 1287 1446 1321 est:

64 1335 303 1380 proximu3,nec
315 1332 357 1368 sui
376 1336 504 1381 copiam
516 1333 612 1377 facit,
629 1332 679 1368 seu
696 1333 752 1368 soli
769 1332 804 1368 fit
819 1335 955 1368 vicinior
966 1339 999 1370 &
1015 1339 1079 1383 ejus
1092 1334 1185 1367 radiis
1201 1333 1447 1376 occultetur‚seu

64 1381 157 1416 :isole
168 1381 204 1418 fit
221 1384 394 1424 remotior,
407 1394 448 1416 acv
462 1384 550 1416 tenui
564 1381 683 1416 lumine
693 1382 915 1430 perfundatur.
947 1384 1032 1417 Rem
1050 1385 1094 1416 ita
1111 1381 1171 1417 esse
1185 1382 1271 1431 polle
1294 1383 1349 1418 vel
1371 1383 1450 1418 hinc*

65 1429 143 1465 licet
164 1430 315 1479 colligere
329 1459 338 1473 ‚
356 1430 446 1478 quod
465 1432 644 1465 Mercurius
661 1431 763 1478 plures
785 1431 947 1465 interdum
961 1431 1178 1466 revolutiones
1201 1430 1366 1475 absolvat,
1385 1444 1449 1467 nec

66 1477 120 1521 sub
132 1478 283 1515 obtutum
296 1480 398 1514 cadat.
428 1482 480 1514 De
500 1478 588 1513 stella
602 1480 734 1526 quaeest
756 1481 787 1513 in
800 1478 886 1513 collo
908 1482 972 1515 ceti
992 1481 1127 1514 diximus
1144 1508 1153 1522 ,
1177 1492 1248 1526 quae
1259 1493 1341 1528 per7
1357 1493 1411 1515 aut
1428 1484 1449 1518 8>

65 1527 187 1562 menses
201 1526 323 1576 fingnlis
336 1529 425 1562 annis
439 1527 606 1562 oculorum
623 1530 725 1562 aciem
737 1527 828 1575 fugit.
839 1529 946 1573 ›Qod
961 1528 981 1563 si
992 1541 1030 1562 ea
1047 1528 1135 1562 stella
1144 1529 1278 1563 caudam
1289 1530 1382 1564 instar
1392 1542 1447 1563 co-

65 1588 169 1612 metes
186 1579 360 1624 projiceret
375 1604 384 1618 ,
403 1588 474 1612 eam
489 1587 597 1610 tamen
615 1589 683 1611 non
696 1576 788 1610 aliter
803 1576 984 1611 videremus
999 1605 1008 1619 ,
1024 1577 1120 1623 quam
1134 1577 1235 1610 videri
1248 1576 1337 1612 solet.
1357 1580 1446 1614 Nam

66 1625 87 1659 ἐι
113 1624 178 1659 sole
195 1630 227 1659 &
240 1636 323 1658 terra
338 1625 421 1659 adeo
442 1636 646 1666 removetur,
668 1636 704 1659 ut
718 1623 804 1658 orbis
818 1623 938 1659 telluris
962 1637 1016 1660 aut
1029 1625 1101 1660 solis
1122 1625 1217 1658 instar
1234 1627 1342 1672 punffl
1359 1625 1448 1660 obti-

65 1685 162 1716 neat,
177 1672 197 1707 si
213 1685 284 1707 cum
301 1685 336 1706 ea
352 1684 416 1707 tam
433 1672 585 1708 immensa
595 1673 744 1708 distantia
762 1672 946 1708 conferatur
960 1688 968 1710 z
991 1674 1076 1709 unde
1087 1673 1212 1710 &illius
1232 1675 1337 1708 caudae
1350 1686 1385 1709 ut
1399 1674 1447 1709 so-

66 1721 107 1765 li,
128 1720 166 1755 fic
178 1733 267 1756 terrae
278 1720 400 1768 semper
412 1720 487 1756 effer
495 1720 652 1769 opposita.
671 1721 777 1756 Simili
788 1723 912 1757 ratione
923 1726 1031 1757 tertius
1042 1724 1167 1757 Saturni
1186 1722 1308 1756 fatel'tes
1322 1725 1354 1757 in
1370 1736 1446 1758 una-

65 1782 196 1818 quaque
213 1770 435 1813 revolutione,
449 1782 525 1817 quae¹
535 1770 579 1804 est
593 1773 635 1806 80
648 1771 776 1804 dierum
787 1769 880 1804 nobis
899 1772 1076 1806 occultatus
1094 1782 1206 1806 manet
1224 1788 1233 1815 3
1256 1771 1355 1818 idque
1376 1784 1445 1808 tum

66 1820 182 1854 accidit
192 1831 263 1854 cum
280 1819 318 1853 ad
329 1831 387 1854 nos
400 1817 530 1867 propius
547 1819 678 1853 accedit.
707 1819 806 1864 Qod
819 1818 839 1853 fi
851 1820 950 1854 cauda
965 1819 1040 1856 esset
1058 1820 1223 1855 instruatis
1235 1847 1245 1862 ,
1264 1820 1330 1854 fors
1349 1821 1396 1855 est
1410 1833 1447 1856 ut

66 1866 86 1902 ὲ
103 1866 196 1902 nobis
209 1879 246 1902 ea
259 1867 397 1916 conspici
417 1881 483 1903 non
498 1867 624 1915 posset.-

101 1918 154 1950 De
163 1927 254 1961 motu
264 1918 393 1964 perigaei
410 1917 561 1959 diximus,
571 1919 627 1963 qui
637 1930 709 1952 cum
725 1916 875 1953 omnibus
896 1928 979 1965 pene
993 1916 1129 1965 planetis
1152 1916 1187 1951 fit
1197 1920 1375 1953 communis
1386 1944 1395 1956 ,
1414 1918 1447 1953 id

67 1962 236 1998 verisimile
251 1977 317 1998 non
329 1966 371 1999 est
381 1994 391 2008 ,
406 1976 549 1999 cometas
571 1978 663 2001 motu
682 1965 870 2014 simpliciore
888 1972 921 2002 &
931 1969 1032 2014 magis
1045 1965 1195 2013 aequabili
1209 1964 1270 2001 effe
1284 1967 1447 2014 praeditos,

66 2011 166 2058 quam
176 2010 318 2058 planetas
332 2040 341 2054 ,
353 2025 490 2059 quotum
503 2024 608 2048 motus
622 2017 715 2049 certis
731 2016 848 2064 regulis
863 2014 990 2050 definiri
1007 2028 1073 2050 non
1094 2026 1268 2062 potuerunt
1280 2044 1289 2058 ‚
1308 2013 1361 2050 nisi
1379 2016 1448 2063 post

68 2060 184 2094 multas
195 2060 358 2095 hominum
368 2072 486 2098 aetates,
500 2063 578 2107 Qo
600 2064 702 2099 minus
715 2065 895 2099 mirandum
908 2063 929 2098 si
942 2075 1142 2099 cometarum
1152 2075 1256 2100 motus
1268 2069 1301 2102 &
1314 2064 1446 2112 phaeno-

68 2120 162 2143 mena
177 2108 216 2142 ad
233 2120 333 2142 certas
353 2108 437 2158 leges
448 2123 514 2144 non
528 2110 622 2146 facile
633 2123 836 2148 revocentur.
1448 2156 1450 2158 ,

99 2158 207 2204 Atque
219 2169 254 2191 ut
266 2157 411 2205 planetas
421 2158 551 2192 eosdem
570 2157 631 2193 effe
651 2171 717 2195 non
731 2161 931 2210 colligimus,
952 2163 1040 2209 quod
1066 2162 1201 2198 eandem
1223 2161 1295 2197 coeli
1319 2161 1449 2209 plagam·

68 2216 240 2254 peragrent
255 2220 262 2242 ε
282 2205 320 2241 fic
336 2205 464 2241 eosdem
479 2206 539 2241 esse
551 2218 693 2242 cometas
707 2221 774 2245 non
787 2210 944 2246 continuo
960 2210 1178 2246 arbitrandum
1190 2238 1199 2253 ‚
1219 2210 1306 2256 quod
1322 2222 1377 2257 per
1390 2220 1447 2242 ea-

68 2256 144 2289 dem
154 2254 224 2288 loca
238 2254 477 2303 pertranseant:
496 2254 547 2289 sed
556 2267 710 2303 praeterea
724 2271 888 2294 momenta
899 2289 908 2302 ,
928 2260 1082 2308 &gradus
1095 2259 1275 2292 velocitatis
1285 2259 1448 2305 expende-

68 2314 255 2350 reoportet.
279 2306 457 2351 Nunquam
469 2306 579 2339 evenit
590 2316 626 2339 ut
634 2305 768 2341 duorum
778 2307 975 2354 planetarum
990 2319 1095 2342 motus
1108 2308 1153 2340 ita
1162 2317 1237 2354 apte
1250 2304 1307 2340 fibi
1319 2306 1449 2354 respon-

70 2351 168 2387 deant
179 2380 188 2396 ,
204 2364 312 2434 utqper
328 2352 434 2436 pllpres
443 2354 509 2390 dies
518 2366 585 2390 non
599 2352 699 2390 ruodo
706 2354 874 2403 aequabiles
883 2365 1078 2405 appareant,
1095 2353 1147 2390 sed
1157 2354 1295 2441 ealndem
1312 2353 1448 2393 subeant

266 2415 326 2437 om,
378 2425 385 2434 ι
1215 2421 1219 2424 ’
1226 2415 1239 2439 t
