1878 2724
127 179 241 225 alcali,
255 191 322 217 tum
342 177 398 217 fixi
417 191 483 217 tum
499 180 650 219 volatiles
668 212 678 227 ,
698 185 814 220 eadem
830 182 976 233 sanguini
993 183 1112 219 calenti
1128 182 1226 219 affiisa
1243 194 1318 219 eum
1335 183 1356 219 a
1373 149 1531 234 coagulZ

126 233 217 266 tione
228 232 396 267 vindicant
407 261 416 275 ‚
434 243 469 267 ut
479 232 664 268 identidem
675 236 870 270 monuimus.
888 234 975 269 Cum
985 232 1108 281 sanguis
1123 232 1223 268 serum
1237 234 1352 268 arctius
1372 237 1493 269 retinet
1507 264 1518 279 ,

127 290 194 315 tum
207 279 287 329 saepe
302 292 356 316 aut
370 280 549 317 effervescit
561 284 638 318 utin
648 281 817 325 febribus,
836 282 890 317 vel
898 294 995 319 tenax
1009 283 1056 317 est
1068 287 1103 320 &
1117 281 1250 317 viscidus
1265 311 1275 326 ‚
1292 293 1327 317 ut
1342 285 1374 317 in
1388 282 1520 319 scotbu-

126 339 173 365 to:
185 330 347 365 interdum
356 330 742 379 coagulationiobnoxius
753 331 999 375 circulationem
1009 329 1093 366 suam
1107 332 1167 366 tite
1182 345 1248 366 non
1263 329 1402 380 perficit,
1419 337 1454 369 &
1467 345 1522 367 ve-

125 377 174 413 lut
184 377 330 414 acescens
347 378 451 415 serum
468 382 562 415 citius
572 380 719 416 dimittit
730 409 741 425 ,
757 391 894 429 tumque
911 393 947 416 ur
960 381 1099 417 diximus
1111 380 1188 415 sales
1202 380 1297 415 alcali
1316 385 1350 416 &
1362 382 1521 426 diutetici‚

124 427 181 474 qni
194 427 336 477 sanguini
347 427 636 466 fermentationem
654 431 820 467 restituunt
836 459 846 474 ,
866 429 990 465 utiliter
1007 428 1213 466 adhibentur.
1230 431 1284 464 Sic
1297 429 1449 478 pulveres
1470 443 1520 466 te-

123 476 217 511 stacei
229 505 240 520 ,
255 477 297 512 {al
309 479 407 513 urinae
422 507 432 522 ,
442 490 497 514 aut
512 478 597 514 illius
615 478 738 528 spiritus
751 508 762 522 ‚
778 478 970 527 millepedes
985 507 994 523 ‚
1010 480 1078 515 imo
1092 484 1126 516 δε
1142 477 1279 514 sulfurea
1291 478 1438 525 quaedam
1458 508 1467 523 ‚
1485 491 1523 515 ut

125 525 469 571 terebinthina‚oleum
482 530 619 577 iuniperi
633 530 763 578 praecipi
775 527 959 573 solent,non
968 528 1052 562 acidi
1065 526 1143 563 sales
1152 540 1207 563 aut
1220 528 1361 576 liquores
1374 556 1384 571 ‚
1401 540 1437 563 ut
1453 526 1522 564 suc-

122 586 176 609 cus
190 574 350 611 limonum
370 603 381 619 ,
394 578 507 613 vinum
528 576 882 626 album‚pomaceum,
903 575 960 613 nisi
983 577 1069 613 forte
1085 589 1160 614 cum
1183 576 1227 612 sal
1242 576 1402 626 sanguinis
1421 580 1464 612 est
1489 580 1523 614 in

123 623 205 658 statu
216 636 272 668 ,ut
285 627 376 660 aiunt
390 654 400 668 ,
417 620 650 674 fixationisssgt
667 629 701 663 in
719 625 905 665 scorbuticis
918 655 928 670 ,
952 631 986 664 δι
998 638 1234 674 nonnunquam
1263 637 1295 661 in
1311 626 1498 674 hydropicis
1513 642 1525 664 z

122 684 192 707 rum
207 676 296 710 enim
308 675 391 709 acidi
405 673 483 710 sales
495 678 562 711 vim
575 674 661 711 suam
677 678 709 711 in
726 674 806 711 sales
821 673 901 710 fixos
915 685 1072 711 exerunt:
1087 674 1140 710 sed
1158 675 1345 724 plerumque
1362 673 1522 724 sanguinis

119 720 230 757 crafim
241 735 432 772 pervertunt
444 738 452 760 z
466 725 552 760 unde
566 724 770 761 incatarthis
789 727 889 774 magis
903 723 1011 759 obeise
1031 723 1137 759 solent
1157 723 1258 772 quarn
1283 722 1438 772 prodeffe.
1456 726 1523 760 Sed

119 767 258 806 sulfurea
271 773 418 820 quaedam
428 784 463 808 ut
475 774 612 809 diximus
623 802 633 818 ,
645 779 679 811 δι
715 773 840 808 ulveres
852 774 978 808 testacei
988 772 1050 807 sale
1060 772 1156 808 alcali
1167 774 1329 816 dites,ute
1343 773 1426 807 testis
1439 787 1522 809 ovo-

119 830 190 856 rum
203 849 214 864 ‚
230 832 286 856 aut
304 821 465 869 lapidibus
474 824 683 858 cancrorumi
699 823 816 858 c'hutiis
828 851 838 866 ‚
855 835 927 858 cum
943 820 1063 857 scilicet
1075 824 1170 858 urinae
1184 821 1320 857 secretio
1335 821 1520 867 inhibetur,

118 880 241 918 magno
253 868 324 906 sunt
336 871 482 906 remedio
491 900 501 915 ,
513 872 601 919 quod
616 873 811 907 mixtionem
831 870 976 918 sanguini
990 873 1150 920 integram
1161 871 1348 915 restituant,
1363 876 1395 908 ὅ(
1409 872 1521 907 acido—

118 928 190 952 rum
208 920 276 953 vim
295 919 483 967 infringant.

151 980 192 1013 4⁰
204 966 292 1002 Cum
306 964 407 1002 serum
417 966 436 1003 ὲ
447 967 602 1016 sanguine
616 965 750 1002 uberius
759 966 893 1002 discedit
902 997 911 1012 ‚
930 979 1000 1004 tum
1011 974 1110 1018 penes
1130 965 1316 1017 sanguinem
1331 967 1426 1017 culpa
1449 969 1498 1004 est
1507 999 1518 1014 ‚

115 1015 205 1062 quod
219 1014 306 1050 illius
321 1014 410 1050 crafis
428 1016 528 1051 laxior
541 1015 596 1059 sit,
617 1028 677 1051 nec
688 1015 812 1063 aquosae
821 1029 926 1065 partes
944 1017 964 1052 ξι
977 1015 1176 1053 crassiotibus
1196 1019 1358 1052 contineri
1382 1017 1516 1068 possint.

115 1065 204 1099 Hinc
212 1062 292 1113 saepe
310 1064 380 1113 post
391 1067 527 1100 nimium
554 1066 653 1099 urinae
675 1063 871 1113 profluvium
888 1064 1013 1115 sanguis
1037 1064 1173 1101 refiduus
1188 1064 1316 1101 crassior
1332 1065 1379 1100 est
1404 1080 1412 1102 :
1437 1066 1516 1102 hine

114 1111 224 1161 pulsus·
234 1112 385 1160 frequens
395 1142 405 1157 ,
421 1125 458 1149 ut
474 1112 495 1149 ὲ
510 1113 737 1162 coagulatione
747 1113 870 1162 sanguis
879 1115 1068 1151 vindicetur.
1082 1115 1161 1149 Fieri
1180 1116 1280 1149 etiarn
1293 1115 1398 1163 potest
1411 1127 1447 1151 ut
1461 1118 1510 1150 vi-

115 1164 196 1198 tium
206 1160 243 1196 fit
255 1165 287 1197 in
298 1161 429 1198 renibus
445 1161 516 1206 ,vel
530 1162 617 1210 quod
637 1161 743 1198 tubuli
761 1165 857 1198 nimis
871 1175 1026 1213 pateant,
1042 1169 1076 1201 &
1091 1161 1186 1198 citius
1200 1163 1298 1211 quam
1315 1176 1371 1212 par
1383 1163 1419 1199 fit
1432 1193 1442 1209 ‚
1461 1163 1509 1200 se-

114 1221 185 1245 rum
208 1210 425 1247 transmittant
443 1226 452 1248 z
475 1212 562 1260 quod
583 1222 694 1247 tamen
718 1224 792 1246 cum
807 1211 865 1257 fit,
894 1224 964 1248 turn
983 1215 1074 1248 urina
1104 1224 1238 1248 cruenta
1257 1215 1401 1248 cernitur
1420 1231 1429 1258 3
1458 1214 1518 1250 vel

113 1260 203 1306 quod
213 1259 342 1295 acidum
359 1260 559 1296 fermentum
570 1262 601 1296 in
614 1259 746 1296 renibus
755 1263 878 1310 vigeat,
891 1263 981 1310 quod
990 1261 1175 1311 sanguinem
1194 1262 1311 1298 fundit.
1335 1263 1436 1299 Unde
1445 1275 1502 1298 ne-

112 1307 243 1356 phtitici
256 1309 447 1358 plerumque
461 1321 538 1346 ante
552 1309 778 1358 paroxysmum
791 1322 911 1358 aquam
928 1310 1089 1360 copiosam
1112 1316 1146 1351 ὁ(
1165 1310 1336 1367 'limpidam
1361 1312 1508 1348 reddunt.

115 1358 225 1405 Atque
239 1359 274 1393 in
291 1360 328 1393 iis
345 1358 432 1394 forte
444 1370 499 1403 ,ut
512 1360 544 1394 in
563 1358 634 1393 aliis
648 1358 772 1395 morbis
786 1358 979 1397 convullivis
1000 1387 1010 1403 ,
1029 1372 1066 1395 ut
1091 1361 1124 1395 in
1143 1359 1252 1397 colicis
1266 1359 1452 1404 doloribus,
1475 1363 1509 1396 in

104 1401 301 1455 'tympanite
314 1410 412 1443 etiam
430 1406 569 1444 fortaffis
582 1436 592 1450 ,
605 1420 678 1443 cum
692 1408 812 1445 scilicet
820 1407 987 1447 abdomen
999 1409 1090 1444 instar
1105 1411 1253 1459 tympani
1271 1408 1395 1444 tensum
1409 1411 1463 1453 est,
1474 1413 1508 1446 in

111 1455 267 1490 asthmate
279 1456 697 1507 persaepe,nervi&spiritus
713 1457 867 1494 animales
880 1457 965 1493 male
973 1455 1160 1494 afficiuntur
1175 1475 1185 1502 i
1209 1470 1246 1493 ac
1265 1456 1284 1492 fi
1304 1461 1373 1506 quis
1389 1457 1426 1493 lit
1441 1459 1508 1494 suc-

110 1514 166 1537 cus
176 1517 311 1539 nerveus
321 1535 331 1550 ‚
345 1508 370 1540 is
379 1507 501 1541 acidior
511 1507 614 1545 faetus
629 1508 663 1541 in
678 1505 811 1541 diabete
822 1509 928 1542 urinas
945 1507 1028 1542 adeo
1041 1506 1184 1556 copiosas
1202 1508 1392 1556 praecipitat.
1410 1508 1507 1545 Unde

114 1553 152 1584 V
148 1555 239 1588 villis
256 1553 286 1588 se
305 1553 484 1590 observasse
497 1558 530 1590 in
541 1553 687 1604 pluribus
704 1554 828 1590 diabeti
851 1554 1001 1593 obnoxiis
1018 1556 1169 1599 testatur,
1181 1556 1283 1603 'quod
1308 1568 1384 1591 ante
1407 1559 1506 1592 urinae

109 1601 318 1648 profluvium,
331 1616 430 1653 vagos
446 1606 481 1639 in
498 1616 570 1639 toro
584 1616 721 1653 corpore
734 1607 873 1653 partium
882 1603 1092 1641 nervosarum
1100 1605 1227 1640 dolores
1241 1605 1416 1653 aliquando
1430 1619 1502 1641 cum

109 1650 234 1698 stupore
249 1679 259 1693 ,
274 1654 402 1687 interim
415 1651 534 1688 crebris
551 1652 679 1702 spasmis
691 1656 878 1700 conjunCtos
892 1652 1051 1692 senserint.
1065 1655 1165 1690 Unde
1183 1651 1319 1689 affiduus
1340 1657 1480 1703 pomacii
1492 1683 1503 1699 ‚

109 1709 162 1734 aut
177 1702 244 1735 vini
256 1701 408 1737 Rhenani
421 1730 431 1744 ,
445 1703 573 1739 &acidi
599 1702 667 1737 usus
687 1731 696 1746 ‚
727 1715 847 1738 moeror
870 1703 1036 1739 diuturnus
1049 1732 1058 1747 ,
1075 1703 1209 1740 affectus
1222 1702 1400 1739 convulfivi
1417 1703 1502 1743 hunc

109 1747 260 1784 morbum
273 1749 354 1798 saepe
370 1750 534 1786 accersunt
544 1780 553 1795 ,
567 1762 622 1786 aut
633 1751 761 1788 fovent.
771 1753 855 1796 Qae
869 1762 978 1786 autem
989 1753 1136 1788 dicuntur
1147 1750 1345 1788 incrassantia
1359 1753 1502 1787 medica-

108 1798 196 1831 mina
211 1826 221 1840 ‚
242 1810 277 1833 ut
292 1811 391 1848 oryza
402 1828 410 1842 ‚
422 1802 567 1848 gummi,
580 1806 618 1838 &-
627 1800 734 1836 resinae
752 1802 899 1848 quaedam
911 1802 943 1836 in
956 1801 1018 1836 hoc
1028 1801 1148 1837 morbo
1163 1806 1271 1850 juvare
1284 1799 1400 1844 solent,
1411 1803 1501 1849 quod

105 1843 230 1893 viscosis
250 1846 309 1882 suis
319 1850 482 1896 particulis
493 1848 651 1898 sanguinis
669 1861 775 1898 partes
792 1849 998 1894 devinciant,
1010 1855 1042 1888 ὅ(
1056 1849 1126 1885 nea
1147 1850 1176 1885 se
1190 1862 1305 1885 mutuo
1322 1849 1499 1894 discedant,

104 1904 163 1928 aut
175 1907 247 1930 cum
265 1895 368 1932 salinis
384 1897 592 1942 misceantur,
620 1899 810 1947 impediant.
826 1898 915 1934 Sales
941 1899 1033 1937 alcali
1053 1901 1297 1937 concretionem
1313 1911 1444 1943 arcent,
1465 1905 1501 1940 ὃς

103 1940 243 1978 fluorem
258 1943 403 1994 sanguini
414 1947 593 1982 naturalem
605 1948 788 1984 restituunt.
1352 1946 1355 1949 Δ

140 1991 465 2042 Adstringentiavero
476 1997 714 2036 medicamenta
726 2009 813 2049 ‚quae
825 1995 946 2035 scilicet
957 1997 1074 2034 acerba
1087 1998 1158 2034 sunt
1170 2026 1181 2040 ,
1197 1996 1254 2031 vel
1268 1998 1389 2032 austera
1401 1997 1498 2033 fibras

102 2039 238 2086 quidem
254 2042 447 2077 contrahunt
461 2072 470 2086 ‚
486 2049 519 2080 ὃς
535 2046 605 2084 vim
619 2044 747 2079 illarum
758 2046 966 2094 expultricem
980 2047 1180 2094 infringunt,
1198 2044 1249 2079 sed
1267 2046 1298 2080 in
1310 2046 1496 2094 sanguinem

102 2087 184 2123 nihil
199 2091 236 2123 iis
250 2089 342 2134 licet,
361 2103 420 2126 nec
429 2091 526 2139 usque
539 2092 579 2127 ad
594 2104 688 2127 renes
702 2094 752 2127 vis
763 2105 878 2129 eorum
895 2106 1075 2142 permanat.
1094 2097 1207 2133 Serum
1226 2093 1306 2129 veto
1326 2096 1415 2141 quod
1431 2095 1495 2131 unit

101 2149 175 2171 cum
185 2135 338 2186 sanguine
352 2139 521 2180 circulator
531 2170 542 2186 ,
552 2154 619 2176 non
633 2142 677 2176 est
692 2144 826 2177 noxium
837 2155 890 2183 aut
905 2143 1019 2178 inutile
1033 2172 1044 2187 ‚
1061 2143 1241 2179 dummodo
1256 2156 1322 2178 non
1339 2142 1375 2178 fit
1392 2144 1495 2191 quam

101 2197 159 2234 par
172 2185 207 2221 fit
221 2188 359 2232 uberius,
369 2193 405 2225 &
414 2187 597 2239 sanguinem
607 2189 676 2238 plus
688 2203 786 2238 aequo
798 2190 934 2227 fluidum
947 2204 1003 2229 aut
1017 2205 1123 2227 acrem
1136 2205 1202 2228 non
1217 2191 1344 2228 efficiat.
1360 2195 1494 2242 Sanguis

99 2237 188 2270 enim.
207 2236 324 2272 dumus
334 2237 480 2273 vasorum
495 2239 654 2287 angustias
665 2238 790 2277 facilius
801 2241 948 2289 pervadit
959 2255 966 2276 :
978 2253 1075 2289 atque
1084 2244 1118 2277 in'
1127 2240 1274 2283 cerebro,
1284 2240 1494 2288 pe&ore‚vis.

100 2283 225 2318 ceribus
238 2285 341 2321 multa
355 2285 425 2322 sunt
435 2287 506 2322 vasti
519 2291 780 2337 excretoria,quae
790 2289 956 2338 copiosum
967 2288 1068 2325 serum
1081 2290 1292 2338 excipiunt.1d
1307 2293 1404 2325 etiam
1417 2289 1492 2325 sales

96 2331 215 2377 alcali„
237 2340 272 2372 ὃς
291 2346 445 2374 tartareos
460 2335 605 2374 exsolvit.
631 2338 717 2373 Cum
731 2350 840 2374 autem
852 2339 1007 2387 aquosum
1031 2338 1108 2374 illud
1125 2338 1227 2375 serum
1247 2337 1361 2373 salibus
1373 2339 1493 2374 foemm

92 2383 194 2417 acrius
205 2382 240 2418 stt
248 2413 258 2430 ,
271 2391 305 2424 ὅ(
316 2385 482 2422 molestum
492 2386 688 2424 membranis
706 2392 741 2425 δε
750 2391 869 2442 ηεὸνὶς,
885 2389 918 2424 id
928 2389 1101 2425 commode
1112 2387 1286 2423 secernitur
1295 2389 1330 2422 in
1349 2388 1489 2425 renibus.

1125 2438 1232 2485 Qiq
1252 2449 1274 2485 c1
1307 2438 1338 2485 iii
