1878 2724
397 159 456 205 503
857 147 1203 195 *PHYSI'C'AE

437 201 600 255 Qaeri'tut
609 215 650 238 an
662 201 701 236 ad
714 197 836 249 ingenii
848 201 915 235 vim
927 201 1089 249 pertineat
1108 198 1165 235 illa
1191 197 1349 236 calliditas
1360 225 1370 243 ,
1397 207 1469 246 quae
1484 194 1524 233 vin
1538 196 1794 249 politicithorhi·

400 255 496 291 nibus
515 255 665 288 cernitur.
1780 258 1793 270 ²⁷

440 307 490 339 An
501 302 585 338 forte·
594 330 603 345 ,
617 313 651 336 ut
664 301 767 336 visum
778 300 821 336 est
831 299 881 335 Cl.
891 299 974 334 Viro
986 299 1018 333 in
1028 297 1169 345 quadam
1178 297 1276 333 animi
1288 297 1495 347 perspicacia,
1509 309 1547 332 ea
1562 297 1610 333 est
1621 296 1791 345 collocata,

399 354 463 400 qua
477 351 612 398 quidem
626 351 783 398 principia
798 352 831 384 in
842 349 1008 384 communi
1022 346 1074 381 usu
1088 345 1189 395 posita
1204 375 1214 390 ,
1227 345 1279 381 sed
1292 359 1364 395 quae
1375 346 1554 383 subtilitate
1569 345 1620 382 sua
1633 351 1667 384 ὃς
1678 358 1792 382 nume-

399 413 435 434 ro
446 402 563 435 mentis
582 402 687 434 aciem
709 398 804 435 facile-3
816 397 993 446 effugiunt,
1008 408 1075 431 uno
1091 401 1125 433 &
1139 396 1257 431 eodem
1294 397 1355 434 ene
1365 395 1496 439 obtutu,
1507 408 1544 431 ac
1558 407 1678 445 magna
1689 397 1791 433 animi

396 449 564 484 celeritate
579 449 917 498 comprehenduntur?
933 447 1023 481 Hinc
1038 444 1146 479 callidi
1159 409 1317 482 &verlini
1332 474 1341 490 ,
1352 447 1474 493 quique
1488 447 1521 480 in
1535 443 1628 479 rebus
1641 445 1789 493 gerendis

396 498 580 542 versantur,
598 499 640 532 ad
664 497 847 545 disciplinas
870 508 942 544 quae
966 497 1001 530 in
1012 494 1290 543 contemplatione
1300 494 1405 544 pofitae
1417 492 1507 538 sunt,
1524 505 1561 529 ut
1573 495 1789 544 geometriam

396 549 501 582 minus
513 547 583 583 sunt
596 548 716 583 idoneii
738 548 820 592 Qiae
832 548 924 582 enim
937 543 1006 580 sunt
1021 543 1062 579 ab
1074 543 1127 579 usu
1139 547 1305 580 communi
1316 555 1443 579 remota
1454 573 1464 588 ‚
1475 556 1613 591 quaeque
1624 544 1789 592 principiis

394 597 540 631 constant
551 599 667 646 jejunis
679 626 689 641 ,
712 594 871 634 &nullius
887 595 972 643 pene
989 593 1138 629 utilitatis
1149 621 1159 637 ,
1170 606 1207 628 ac
1217 593 1350 643 longam
1362 592 1485 629 habent
1495 592 1728 641 probationum
1741 592 1790 627 se-

394 648 476 681 riem
489 675 498 689 ,
510 645 625 681 horum
639 646 773 681 fastidiis
792 643 861 680 cito
878 641 1092 679 adhaerescunt
1103 659 1112 687 3
1123 655 1184 678 nec
1199 643 1333 678 demum
1344 654 1522 693 geometrae
1539 641 1790 677 demonstratio-

392 693 489 730 nibus
505 693 616 730 affueti
628 724 638 739 ‚
653 697 693 730 ad
711 706 760 729 res
770 694 883 730 civiles
897 695 929 728 in
941 691 1087 729 moribus
1104 697 1139 729 δε
1156 695 1325 728 communi
1338 693 1512 728 hominum
1525 693 1593 727 vita
1611 689 1725 740 positas
1737 690 1790 726 ul-

393 754 446 778 tro
458 744 635 794 adjungunt
648 747 801 780 animum.
814 747 850 778 In
864 742 982 777 callido
995 741 1131 777 homine
1146 746 1182 780 &
1207 742 1295 777 civili
1311 744 1480 791 ingenium
1502 740 1566 776 late
1582 752 1696 788 patet:
1715 752 1790 776 cum

389 793 496 828 ‚multa
507 793 597 829 fimul
609 793 730 829 habeat
741 797 774 828 in
790 791 967 840 conspe&u
980 793 1147 839 principia.
1161 791 1254 825 Idem
1269 803 1400 827 acutum
1414 790 1458 825 est
1469 795 1503 827 &
1513 801 1695 838 penetrans:
1705 789 1786 837 quid
1839 825 1845 828 ,

393 854 435 876 ex
452 854 518 890 quo
528 842 676 890 sequatur
691 861 700 889 3
718 843 841 892 quidin
859 853 893 876 re
913 851 1045 889 quaque
1065 838 1101 875 fit
1115 841 1318 888 adiumenti,
1339 840 1417 888 quid
1434 839 1659 882 incommodi,
1683 839 1788 874 statim

392 891 554 939 perspicit.
567 894 604 927 In
619 905 687 939 quo
701 892 834 940 quidem
844 890 1018 938 visJudicii
1031 888 1136 923 elucet
1154 891 1307 926 maxime.
1328 890 1425 926 Adest
1435 900 1567 936 quoque
1585 900 1704 937 magna
1718 888 1789 922 ani-

391 941 439 975 mi
451 940 612 984 celeritas,
625 953 688 988 qua
707 951 758 975 tot
775 941 934 988 principia
952 937 1043 972 simul
1061 939 1223 981 intuetur,
1239 944 1272 975 &
1293 937 1391 974 sentit
1412 937 1658 984 quodammodo
1673 939 1786 972 :exiis

389 988 514 1025 summa
528 989 686 1025 facilitate
703 988 919 1024 conclusiones
928 987 1079 1030 deducit',
1093 998 1130 1021 ac
1141 999 1190 1021 res
1199 989 1342 1023 maxime
1359 989 1524 1022 intricatas
1543 985 1682 1021 evolvit.
1699 986 1786 1033 Qiae

390 1039 526 1085 quidem
536 1041 635 1074 animi
645 1039 738 1073 dotes
752 1040 787 1073 in
802 1037 986 1086 perfectum
995 1046 1160 1072 oratorem
1170 1038 1298 1084 optime
1307 1036 1555 1078 conveniunt,in
1566 1035 1698 1070 eruditis
1708 1048 1789 1083 geo-

389 1089 503 1122 metris
523 1090 576 1123 vix
591 1098 645 1122 aut
657 1099 824 1134 nunquam
838 1094 1016 1120 occurrunt.
1033 1086 1122 1120 Nam
1141 1083 1265 1132 ubique
1279 1086 1438 1134 principia
1456 1081 1637 1119 inconcussa
1651 1110 1662 1127 ,
1679 1088 1712 1120 δε
1727 1095 1786 1132 pet·v

391 1135 423 1171 se
432 1135 538 1180 clara,
557 1137 889 1174 &demonstrationes
899 1143 1068 1183 quaerunt:
1086 1132 1204 1183 singula
1225 1136 1388 1169 excutiunt
1407 1132 1600 1182 diligentet3
1622 1132 1782 1181 paulatim

390 1187 639 1233 progrediuntur
653 1215 662 1229 ,
680 1184 887 1228 definitiones
907 1212 918 1226 ,
933 1181 1091 1231 postulata
1111 1188 1146 1219 δε
1175 1185 1336 1219 axiomata
1349 1182 1471 1230 ubique
1493 1182 1695 1230 praemittunt
1713 1210 1722 1225 ,
1743 1193 1784 1217 ex

388 1234 508 1281 quibus
519 1234 808 1270 demonstrationes
818 1233 884 1268 suas
893 1231 1089 1274 conficiunt,
1109 1234 1141 1266 in
1159 1232 1191 1265 id
1204 1231 1348 1268 maxime
1362 1233 1482 1267 intenti
1496 1258 1504 1270 .
1520 1242 1561 1266 ne
1575 1231 1654 1278 quid
1668 1230 1724 1266 fibi
1737 1230 1786 1266 su-

388 1294 480 1317 mere
492 1284 680 1327 videantur,
698 1282 788 1331 quod
800 1293 877 1318 ante
893 1293 960 1316 non
977 1279 1158 1316 concessum
1176 1279 1274 1316 fuerit
1288 1299 1297 1325 3
1316 1292 1373 1316 aut
1387 1279 1583 1329 supponere,
1600 1280 1690 1327 quod
1730 1293 1786 1315 ro-

388 1330 503 1367 batum
521 1335 712 1381 oportuerit.
733 1331 822 1368 Cum
845 1341 956 1366 autem
967 1333 1000 1365 in
1016 1328 1111 1365 rebus
1136 1329 1176 1364 ad
1205 1332 1308 1367 vitam
1327 1342 1537 1366 communem
1550 1293 1782 1377 spectantibus,

389 1386 426 1418 &
443 1383 476 1416 in
499 1382 622 1431 vulgari
639 1382 807 1430 prudentia
838 1379 901 1415 fitis
921 1377 1049 1414 easdem
1077 1381 1245 1415 cautiones
1279 1379 1437 1415 adhibent
1450 1407 1460 1422 ,
1479 1390 1548 1413 tum
1572 1377 1602 1412 se
1627 1377 1783 1414 omnibus

388 1430 584 1466 deridendos
607 1430 764 1480 praebent.
793 1431 915 1477 Neque
932 1430 1021 1463 enim
1040 1430 1196 1476 principia
1209 1427 1383 1465 offendunt
1397 1439 1464 1463 tam
1480 1438 1591 1476 aperta
1603 1455 1613 1470 ,
1629 1438 1696 1462 tam
1719 1427 1784 1462 ob..

387 1481 442 1513 via
455 1496 465 1522 ς
482 1491 586 1528 eaque
598 1494 666 1516 non
678 1479 839 1529 sigillatim
852 1484 886 1515 δε
897 1476 984 1525 quasi
1000 1477 1144 1513 ostiatim
1169 1477 1323 1526 pulsanda
1333 1507 1342 1521 ‚
1357 1476 1409 1512 sed
1426 1476 1516 1511 fimul
1528 1487 1700 1511 occurrunt
1715 1479 1783 1512 ani-

388 1541 465 1565 mo:
482 1540 597 1564 verum
616 1528 769 1576 exquisita
782 1534 815 1566 &
824 1529 887 1563 acri
902 1528 1018 1563 mentis
1030 1528 1099 1561 acie
1109 1539 1187 1575 opus
1200 1528 1243 1562 est
1254 1555 1265 1570 ,
1283 1526 1350 1574 quo
1361 1539 1401 1561 ex
1415 1528 1453 1560 iis
1471 1527 1637 1574 principiis
1651 1526 1784 1562 conclu-

388 1575 491 1613 fiones
506 1590 582 1627 apte
594 1579 800 1615 deducantur.
813 1581 928 1625 Itaque
941 1577 990 1611 vis
1002 1577 1125 1624 ingenii
1140 1576 1204 1611 late
1214 1574 1281 1611 fusa
1292 1605 1301 1619 ,
1316 1587 1452 1625 quaeque
1466 1574 1675 1610 multitudine
1690 1578 1780 1623 prin-

388 1628 548 1674 cipiorum
567 1633 601 1665 &
627 1627 872 1663 conclusionum
897 1638 965 1661 non
978 1622 1151 1669 obruatur,
1176 1637 1213 1660 ut
1227 1628 1260 1661 in
1269 1637 1438 1674 geometra
1450 1653 1459 1667 ‚
1488 1622 1528 1659 fic
1549 1626 1582 1658 in
1594 1623 1730 1672 politico
1743 1630 1779 1662 δε

388 1676 508 1710 callido
519 1677 651 1713 homine
666 1679 839 1724 requiritur
852 1693 862 1720 3
878 1685 1050 1723 penetrans
1064 1677 1141 1710 item
1154 1680 1186 1712 &
1199 1674 1299 1710 solida
1311 1704 1321 1718 ,
1331 1687 1365 1711 ut
1381 1675 1468 1709 exiis
1486 1673 1564 1720 quid
1579 1672 1660 1708 boni
1674 1702 1684 1715 ‚
1699 1675 1778 1720 qnid

386 1724 468 1758 mali
481 1725 693 1773 consequatur
707 1756 716 1769 ,
730 1726 910 1774 prospiciat.
934 1725 1023 1760 Nam
1036 1725 1071 1759 in
1082 1723 1176 1759 rebus
1189 1725 1335 1759 humanis
1354 1736 1419 1759 non
1437 1735 1474 1757 ea
1498 1723 1540 1757 est
1557 1721 1720 1756 causarum
1741 1728 1777 1760 &

388 1772 565 1809 effictuum
584 1778 668 1809 inter
683 1774 712 1809 se
724 1776 887 1811 connexio
900 1801 910 1816 ,
922 1785 992 1820 quae
1009 1775 1042 1807 in
1059 1773 1310 1809 mathematicis.
1326 1775 1451 1822 Magna
1466 1772 1586 1821 ingenii
1602 1770 1776 1807 subtilitate

388 1827 422 1859 ὅ(
437 1822 626 1873 perspicacia
637 1837 715 1874 opus
728 1824 773 1860 est
784 1853 795 1868 ,
807 1835 844 1859 ut
853 1835 895 1858 eae
909 1821 998 1859 velut
1014 1824 1171 1870 juncturae
1188 1834 1375 1873 appareant.

879 1922 910 1956 C
938 1922 967 1956 A
993 1924 1018 1959 P
1042 1921 1077 1959 U
1099 1923 1130 1957 T
1191 1923 1222 1957 V
1235 1923 1247 1955 l
1263 1923 1290 1956 Ι.

501 2023 556 2054 De
564 2022 690 2067 sbmm,
711 2020 749 2056 ἀ
765 2020 901 2070 vigilia,
921 2032 960 2055 ac
973 2019 1012 2055 de
1023 2022 1186 2070 praecipuis
1204 2018 1394 2054 animalium
1403 2016 1630 2066 funilionibus.

393 2119 546 2204 Clrca
565 2119 711 2155 somnum
727 2124 761 2156 &
783 2119 931 2169 vigiliam
947 2123 1045 2169 quaeri
1063 2121 1180 2154 merito
1200 2119 1320 2168 potest,
1344 2121 1425 2153 xoin
1440 2130 1507 2163 quo
1527 2117 1667 2150 maxime
1688 2113 1772 2149 som-

480 2181 539 2203 nus
559 2167 705 2204 consistat
719 2198 726 2211 ‚
745 2174 778 2206 &
794 2181 832 2203 ex
850 2169 966 2217 quibus
981 2170 1076 2205 causis
1097 2171 1232 2212 oriatur,
1250 2180 1349 2215 quarn
1367 2166 1491 2202 cerebri
1509 2176 1634 2213 partem
1647 2162 1771 2212 potiffi-

384 2230 472 2252 mum
485 2230 642 2266 occupet:
659 2229 755 2265 atque
767 2229 802 2252 ut
816 2230 907 2253 certo
917 2219 1029 2254 ordine
1047 2218 1302 2267 progrediamur.

409 2267 598 2302 Dicendum
612 2268 654 2302 est
669 2274 698 2301 1⁰
717 2269 748 2301 in
762 2266 876 2302 somno
887 2266 1011 2316 spiritus
1025 2267 1182 2303 animales
1193 2265 1340 2301 contrahi
1357 2294 1366 2308 ,
1387 2267 1420 2300 in
1432 2265 1543 2312 vigilia
1563 2264 1602 2300 sic
1623 2261 1770 2305 dilatati,

382 2319 416 2350 ὃς
435 2316 591 2364 expandi,
601 2329 637 2350 ut
650 2315 773 2350 cerebri
789 2315 884 2350 fibras
896 2345 904 2359 ‚
916 2322 949 2352 δέ
960 2328 1078 2352 nervos
1092 2316 1288 2352 distendant.
1301 2317 1393 2349 Hinc
1407 2328 1444 2349 ea
1459 2315 1606 2350 somnum
1621 2339 1629 2353 ‚
1649 2317 1682 2347 ὃ(
1701 2322 1770 2344 tor-

380 2375 493 2408 porem
510 2363 648 2400 afferunt
663 2395 671 2409 ,
684 2377 756 2411 quae
778 2364 903 2413 spiritus
917 2364 1020 2412 figunt
1031 2395 1039 2409 ‚
1054 2377 1108 2400 aut
1120 2365 1318 2411 deprimunt,
1333 2374 1368 2398 ut
1378 2367 1489 2413 opium
1502 2394 1510 2408 ,
1528 2364 1578 2398 seu
1602 2361 1770 2410 papaveris

381 2410 485 2449 succan
501 2440 511 2456 ,
528 2426 666 2464 quaeque
679 2415 827 2450 dicuntur
843 2417 1019 2459 mareotica,
1034 2427 1088 2450 aut
1105 2413 1280 2462 soporifera
1294 2442 1306 2458 ,
1318 2425 1354 2448 ut
1377 2412 1495 2449 setosus
1512 2414 1627 2449 humor
1641 2410 1697 2458 qui
1715 2420 1769 2445 ce,
