1878 2724
353 111 453 196 mtgis
471 144 590 181 collum
606 144 797 193 porrigitur,
811 144 893 178 utin
904 154 992 192 equo
1001 172 1011 188 ,
1020 155 1222 194 cervo‚grue
1237 153 1369 181 cernere
1379 140 1436 181 est.
1445 144 1539 194 Apri,
1550 155 1607 181 aut
1617 143 1677 181 suis
1687 141 1759 183 col-

349 197 417 233 lum
433 196 479 230 est
494 194 688 229 contractius
700 221 710 237 ‚
725 194 761 228 in
778 192 952 243 elephante
968 194 1084 229 itidem
1098 192 1203 229 breve
1217 192 1267 236 ‚est
1278 220 1289 236 ,
1311 192 1385 228 licet
1402 205 1493 228 crura
1509 192 1569 230 fint
1583 194 1731 244 longiora
1748 224 1760 240 ,

316 243 319 245 ’
352 245 441 294 quod
459 242 651 291 proboscide
662 253 787 287 utatur,
798 254 835 279 ut
848 255 885 278 ex
900 254 983 278 terta
992 255 1047 278 aut
1062 255 1101 279 ex
1109 241 1281 278 arboribus
1299 241 1456 279 alimenta
1465 243 1636 292 depromat
1649 259 1658 281 ε
1671 246 1755 281 adeo

351 307 386 330 ut
398 290 563 341 proboscis
582 290 620 327 fit
638 291 684 327 illi
697 293 791 328 instar
802 293 1108 342 manuS,appendice
1123 290 1212 341 quasi
1231 291 1350 341 pollice
1369 294 1525 337 munitae3
1543 305 1648 340 eaque
1663 295 1756 330 instat

350 342 428 379 valis
441 353 497 377 aut
511 340 621 391 poculi
639 342 731 385 est,ut
747 344 840 391 potui
855 342 1048 391 excipiendo
1064 341 1191 380 serviat.
1212 340 1428 378 Chamaeleon
1443 340 1538 379 brevi
1554 342 1690 391 quidem
1709 343 1757 380 est

351 391 438 428 eollo
451 396 484 429 δε
495 392 666 441 praelongis
682 392 825 439 cruribus
839 391 968 441 :lingua
981 394 1069 427 enim
1077 404 1113 427 ut
1123 391 1314 441 proboscide
1331 393 1445 435 utitur,
1457 404 1557 441 quam
1567 403 1656 428 extra
1668 397 1757 441 jacu-

351 441 436 477 latur
447 469 455 485 ,
469 440 557 490 quafi
569 454 641 477 eam
652 453 810 490 expueret
822 471 831 486 ‚
846 447 880 479 &
890 440 1030 477 muscam
1039 440 1162 478 viscoso
1181 442 1318 477 humore
1332 470 1342 486 ,
1356 453 1423 489 quo
1443 453 1625 478 extremum
1639 441 1757 491 linguae
1801 463 1804 464 ν

351 490 505 527 imbuitur
514 520 523 535 ,
538 493 697 526 irretitam
711 490 818 527 statim
829 491 978 527 retrahit.
992 493 1067 528 Pars
1078 491 1194 542 linguae
1203 493 1339 527 interior
1355 490 1452 526 tubus
1463 491 1506 526 est
1515 490 1756 528 membranosus

351 543 434 577 circa
445 540 561 591 stylum
571 539 815 589 cartilagineum
824 541 991 588 involutus
1000 570 1009 586 ,
1020 543 1120 590 quiin
1131 541 1230 590 plicas
1242 541 1344 577 modo
1359 552 1544 591 corrugatur
1554 569 1566 585 ‚
1577 546 1611 579 δι
1627 552 1758 579 contra.-

353 591 438 628 bitur
450 620 460 635 ,
478 590 579 626 modo
594 590 757 627 evolvitur
767 598 800 629 δι
834 591 1007 629 roducitur.

387 640 506 676 Muscae
517 646 551 678 &
562 639 681 675 culices
692 640 800 689 probo
815 641 886 676 cide
901 641 1016 676 itidem
1032 650 1166 677 utuntur
1175 668 1184 683 ‚
1211 651 1311 687 quam
1320 650 1375 675 aut
1388 639 1569 684 retrahunt,
1582 650 1636 674 aut
1645 638 1760 689 profe-

353 702 448 726 runt:
462 695 527 734 ejus
541 692 648 739 apices
665 691 697 724 in
711 703 830 738 porum
843 691 946 724 carnis
958 689 1030 725 satis
1050 689 1116 725 alte
1137 688 1278 725 influunt
1289 717 1299 732 ,
1322 700 1358 723 ut
1375 686 1565 738 sanguinem
1581 689 1756 738 exsugam-z

351 753 424 775 cum
435 739 555 775 scilicet
564 740 679 789 corpus
688 738 888 784 distenditur,
899 744 933 777 ὃ(
946 752 1004 789 per
1013 752 1128 776 cavum
1137 719 1336 789 proboscidis
1354 736 1478 788 sanguis
1496 737 1589 775 velut
1612 737 1760 776 suctione

352 789 504 826 ascendit.
626 799 638 805 “
735 785 737 791 ’
874 788 877 791 ’

389 837 545 874 Mirabile
557 839 602 874 est
615 841 680 888 pici
689 868 700 884 ,
714 838 816 888 vulgo
824 852 867 874 un
877 841 987 888 pivert
996 837 1167 877 artificium
1177 841 1212 876 in
1222 839 1330 889 lingua
1340 835 1538 888 proferenda
1551 865 1561 880 ,
1578 847 1612 872 ut
1621 838 1655 872 in
1669 839 1759 873 rimis

355 893 390 926 &
409 887 613 923 foraminulis
626 887 777 923 arborum
792 888 930 936 praedam
942 886 1095 924 &cibum
1113 900 1150 922 ca
1177 900 1245 924 tet:
1261 889 1332 923 haec
1352 889 1441 922 enim
1455 885 1580 935 spiculo
1599 886 1761 937 cartilagi-

354 948 420 974 neo
430 939 590 981 munitur,
606 949 672 985 quo
681 949 809 972 vermes
827 935 932 973 &alia
943 935 1063 972 inseeta
1076 938 1110 972 in
1122 902 1231 973 cibum
1249 938 1344 986 capit.
1366 939 1490 972 Verum
1506 934 1570 969 hoc
1586 933 1759 971 artificium

355 985 466 1035 pulcre
478 985 672 1035 descriptum
683 987 759 1021 vide
767 985 852 1033 apud
873 986 1052 1020 Auctorem
1069 985 1188 1033 ipsum,
1207 985 1329 1032 nosque
1346 984 1387 1019 ad
1404 985 1436 1019 id
1446 983 1536 1031 quod
1552 984 1760 1030 instituimus,

354 1046 478 1083 nempe
499 1033 540 1069 ad
561 1037 698 1083 primam
716 1034 864 1069 alimenti
879 1035 1148 1083 praeparationem
1165 1033 1341 1069 referamus
1352 1061 1362 1077 ‚
1379 1031 1418 1068 fic
1432 1043 1545 1068 tamen
1553 1033 1666 1069 ut·hoc
1676 1047 1760 1083 quo-

356 1096 422 1133 que
433 1084 508 1119 loco
518 1082 560 1119 ab
573 1084 693 1119 eodem
712 1083 867 1134 scriptore
880 1084 1015 1133 egregio
1028 1082 1186 1119 nonnulla
1199 1094 1395 1120 mutuemur.

395 1132 501 1169 Cibus
512 1136 547 1170 in
561 1146 618 1170 ore
631 1136 768 1183 primam
787 1132 876 1169 velut
885 1133 1098 1182 digestionem
1107 1131 1201 1178 subit,
1211 1146 1285 1168 cum
1293 1130 1445 1167 dentibus
1455 1132 1633 1167 conteritur
1647 1137 1681 1170 &
1694 1132 1758 1168 hu-

356 1195 449 1220 more
467 1182 590 1219 salivali
608 1182 793 1220 exsolvitur.
821 1185 948 1219 Dentes
965 1194 1044 1217 vero
1056 1182 1190 1232 triplicis
1207 1182 1278 1218 sunt
1292 1183 1422 1230 generis
1433 1183 1606 1225 ,nimirum
1627 1181 1759 1228 incifivi,

356 1235 510 1269 canini&
523 1233 673 1270 molares.
692 1230 850 1281 Plfl'aque
860 1231 1011 1268 animalia
1024 1234 1220 1268 ruminantia
1240 1229 1376 1267 incisivis
1397 1228 1550 1266 dentibus
1573 1232 1606 1266 in
1626 1231 1760 1267 maxilla

357 1281 506 1318 inferiori
518 1283 679 1319 donantur
688 1297 697 1319 ε
706 1280 747 1317 fic
757 1279 908 1318 dentibus
919 1281 960 1317 ad
972 1280 1116 1330 linguam
1132 1282 1186 1318 vel
1202 1281 1242 1316 ad
1255 1292 1382 1330 partem
1394 1282 1459 1315 oris
1470 1280 1641 1315 anterioris
1652 1281 1760 1330 appli-

356 1334 434 1367 catis
463 1343 590 1368 tenetas
612 1331 730 1368 herbas
745 1331 870 1366 facilius
888 1330 1034 1367 evellunt
1045 1360 1055 1375 ‚
1065 1330 1181 1379 easque
1191 1332 1377 1379 integrasin
1390 1331 1533 1379 primum
1544 1331 1759 1367 ventriculum

355 1382 552 1427 demittunt,
573 1394 611 1417 ex
628 1393 696 1430 quo
708 1382 790 1418 inter
808 1379 1044 1417 ruminandum
1057 1382 1090 1417 in
1108 1393 1143 1416 os
1154 1382 1305 1430 rejiciunt
1321 1378 1474 1415 dentibus
1487 1377 1663 1415 molaribus
1680 1392 1760 1416 con-

357 1431 538 1468 terendum.

393 1483 521 1515 Dentes
531 1481 639 1516 canini
651 1479 785 1528 reliquis
802 1479 873 1515 sunt
882 1478 1048 1528 longiores
1058 1493 1066 1515 :
1077 1480 1111 1515 in
1121 1481 1207 1529 apris
1225 1481 1296 1514 cavi
1319 1477 1389 1515 sunt
1410 1491 1449 1514 ex
1459 1490 1515 1513 ore
1525 1479 1761 1527 prominentes3

356 1529 473 1579 triplici
489 1529 655 1578 superficie
672 1530 833 1565 donantur
846 1528 917 1564 fere
931 1529 1024 1564 instar
1039 1528 1218 1577 prismatis,
1242 1534 1276 1565 δε
1296 1530 1331 1564 in
1357 1540 1467 1563 arcum
1480 1527 1549 1562 sunt
1572 1526 1698 1563 inflexi.
1717 1530 1755 1564 ln

357 1579 523 1614 crocodilo
536 1579 629 1615 multi
641 1578 712 1614 sunt
721 1579 836 1614 dentes
851 1576 989 1622 incifivi,
1004 1589 1058 1613 aut
1066 1577 1206 1613 molares
1215 1607 1226 1622 ,
1236 1576 1289 1613 sed
1301 1589 1416 1613 omnes
1427 1579 1555 1620 canini,
1572 1577 1654 1622 duri,
1662 1578 1760 1622 acuti,

356 1629 505 1672 candidi,
520 1629 629 1665 striati.
652 1630 691 1663 ln
703 1629 879 1677 gammaris
894 1638 957 1662 tres
967 1626 1036 1662 sunt
1047 1627 1160 1663 dentes
1175 1630 1210 1664 in
1221 1629 1289 1663 imo
1299 1625 1474 1663 ventriculi
1485 1623 1587 1662 affixi.

394 1679 431 1713 ln
444 1678 565 1713 castore
576 1707 586 1722 ,
602 1677 714 1725 lepore
725 1707 735 1721 ,
749 1689 841 1712 mure
855 1706 866 1720 ‚
876 1682 911 1714 &
922 1674 1083 1726 plerisque
1093 1675 1314 1713 animantibus
1323 1706 1332 1720 ,
1345 1689 1416 1725 quae
1429 1674 1583 1711 dentibus
1596 1673 1761 1712 durissima

356 1739 495 1775 quaeque
504 1728 681 1763 corrodunt
690 1754 700 1771 ,
712 1738 767 1762 aut
776 1726 900 1770 secant,
915 1737 951 1761 ut
965 1726 1104 1761 castores
1114 1725 1265 1762 arborum
1276 1739 1384 1761 ramos
1399 1754 1409 1769 ‚
1428 1725 1543 1760 dentes
1555 1722 1679 1760 incisivi
1688 1725 1761 1761 sunt

356 1777 520 1825 longiores
529 1807 538 1821 ,
549 1783 582 1814 &
594 1789 677 1826 pene
691 1789 725 1811 ut
735 1775 868 1812 forfices.
881 1775 988 1811 secant
1000 1776 1103 1812 :adeo
1112 1787 1148 1811 ut
1160 1778 1252 1811 unius
1265 1777 1350 1811 acies
1370 1777 1404 1810 in
1417 1773 1549 1809 alterius
1565 1775 1668 1810 aciem
1689 1787 1760 1810 non

354 1828 494 1861 incurrat
506 1840 514 1862 :
526 1839 598 1861 cum
611 1829 645 1861 in
658 1825 729 1860 aliis
741 1824 961 1861 animantibus
975 1823 1094 1872 quibus
1113 1825 1229 1861 dentes
1246 1823 1369 1861 incisivi
1386 1823 1457 1859 sunt
1470 1821 1656 1866 breviores,
1668 1824 1755 1858 inter

355 1874 525 1909 secandum
535 1873 593 1909 fibi
603 1885 717 1909 mutuo
729 1885 919 1917 occurrant,
936 1885 1021 1922 pene
1031 1885 1065 1907 ut
1082 1873 1234 1922 forcipes.
1249 1877 1287 1908 In
1300 1873 1426 1907 histrice
1439 1900 1450 1914 ,
1468 1869 1568 1919 vulgo
1582 1872 1760 1921 porc-e'pie,

356 1923 472 1959 dentes
484 1922 604 1958 incisivi
621 1921 722 1957 tribus
733 1923 842 1970 digitis
859 1934 933 1956 cum
944 1920 1064 1956 semisse
1074 1920 1164 1970 longi
1179 1922 1332 1958 visuntur:
1345 1933 1417 1956 cum
1432 1919 1616 1968 semidigito
1631 1931 1761 1958 tantum

357 1983 448 2007 extra
456 1971 620 2007 alveolum
635 1982 844 2020 promineant
858 1970 963 2006 :adeo
977 1981 1014 2005 ut
1029 1969 1245 2019 longitudinis
1264 1983 1336 2020 pars
1355 1969 1493 2018 septima
1506 1979 1635 2006 tanturn
1648 1981 1762 2016 extet;

357 2021 449 2069 quod
459 2021 619 2069 reliquum
633 2021 677 2056 est
696 2019 740 2054 ob
759 2026 916 2064 majorem
936 2018 1125 2055 firmitatem
1139 2022 1172 2056 in
1188 2020 1321 2056 alveolo
1335 2019 1507 2055 delitescit.

393 2073 428 2105 In
444 2072 562 2119 viperis
577 2071 642 2105 duo
654 2069 722 2105 sunt
733 2070 845 2104 dentes
856 2071 981 2112 canini,
994 2067 1152 2118 oblongi,
1171 2073 1257 2106 acuti
1270 2100 1281 2114 ,
1294 2068 1436 2105 mobiles
1459 2083 1468 2105 :
1482 2069 1600 2119 reliqui
1613 2069 1685 2106 sunt
1694 2071 1760 2106 im-

358 2119 501 2155 mobiles
515 2122 658 2161 3caninis
672 2133 738 2155 non
749 2130 892 2161 utuntur,
909 2117 965 2154 nisi
977 2131 1014 2153 ut
1028 2120 1202 2155 mordeant
1216 2135 1225 2157 :
1242 2131 1280 2155 ut
1296 2119 1409 2155 leones
1425 2131 1547 2167 ungues
1560 2133 1628 2155 non
1640 2119 1759 2154 disten-

358 2170 440 2204 dunt
448 2199 457 2213 ,
472 2168 529 2205 nifi
539 2181 575 2204 ut
585 2169 662 2216 qnid
672 2170 836 2216 arripiant.
853 2170 978 2203 Dentes
991 2167 1129 2204 molares
1143 2171 1176 2204 in
1188 2167 1411 2205 animantibus
1420 2180 1492 2215 quae
1503 2168 1614 2204 herbis
1625 2167 1759 2204 vescun-

358 2230 409 2253 tur
424 2247 432 2261 ‚
459 2230 514 2253 aut
524 2220 628 2268 granis
641 2247 649 2261 ‚
662 2217 732 2253 sunt
742 2217 834 2252 instar
845 2216 1005 2252 molarum
1023 2217 1244 2266 complanari,
1258 2230 1294 2254 ut
1302 2217 1392 2253 cibos
1403 2228 1585 2262 conterant,
1600 2230 1635 2253 ut
1650 2219 1682 2252 in
1694 2216 1758 2252 bo-

357 2280 399 2303 ve
415 2273 449 2304 ὃ(
466 2280 563 2315 equo.
582 2269 620 2303 In
637 2266 805 2303 voracibus
819 2266 888 2302 sunt
908 2264 1079 2314 asperiores
1092 2296 1103 2310 ,
1130 2272 1163 2305 &
1183 2270 1284 2303 acutis
1307 2266 1397 2302 velut
1415 2265 1538 2314 spiculis
1561 2268 1699 2309 muniti,
1721 2276 1759 2301 ut

356 2329 467 2351 carnes
477 2317 654 2353 dilacerent
668 2318 774 2366 potius
785 2314 883 2365 quam
894 2327 1074 2353 conterant.
1092 2319 1174 2365 Qiae
1185 2319 1274 2352 omni
1285 2329 1405 2366 genere
1417 2314 1564 2351 ciborum
1579 2315 1758 2363 aluntuer

353 2365 475 2411 homo,
498 2366 612 2405 dentes
625 2366 763 2403 molares
777 2366 865 2402 naCti
878 2364 952 2404 sunt
966 2378 1034 2403 non
1050 2367 1135 2403 adeo
1149 2370 1251 2405 acutis
1266 2365 1358 2404 velut
1378 2364 1506 2415 spiculis
1531 2376 1673 2449 armatps
1689 2392 1699 2406 ‚
1719 2374 1755 2398 ut

1652 2423 1755 2450 eones
