1878 2724
23 199 26 201 ’
72 187 188 223 nimus:
208 196 347 234 cumque
364 213 374 230 ,
403 195 439 221 ut
457 185 615 229 diximus,
634 184 802 221 cerebrum
827 182 955 220 somnus
972 193 1111 232 occupat
1123 212 1133 228 ‚
1154 181 1263 219 sensus
1281 149 1457 220 extenti&

55 235 238 273 feriantur.
254 236 309 269 Sic
328 234 500 284 apoplexia
510 264 521 278 ‚
538 234 591 270 seu
606 233 725 270 morbo
733 238 876 270 attonito
890 231 1023 281 percuffi
1034 260 1043 271 ,
1058 244 1099 268 ne
1112 236 1297 281 compunCti
1309 234 1456 281 quidem,

55 294 124 319 -aut
140 296 194 318 cor
218 296 274 319 ote
285 283 405 321 diffeeu
417 282 571 329 sentiunt,
585 285 674 333 quod
683 286 832 333 princeps
846 281 981 320 facultas
994 293 1066 330 quae
1084 280 1218 317 cerebro
1238 283 1331 327 inest,
1343 285 1453 320 omni-

70 345 116 368 no
131 344 166 366 ce
193 345 239 369 et.

103 384 258 418 Praeterea
278 382 424 417 videmus
443 394 498 416 eos
523 380 638 430 quibus
663 393 776 417 manus
796 409 807 425 ,
830 392 886 415 aut
908 379 989 415 tibia
1004 379 1131 429 praecisa
1146 380 1212 423 est,
1234 379 1274 414 de
1291 381 1448 415 acerrimo

38 440 41 443 ·
70 431 265 478 quandoque
278 430 391 465 dolore
403 433 435 465 in
447 441 613 474 manu,aut
626 432 658 465 in
672 430 757 478 pede
771 431 864 477 queri
877 429 985 464 solitos
998 442 1006 465 :
1017 427 1102 476 quasi
1121 431 1253 477 integrae
1264 427 1368 462 adhuc
1378 441 1451 464 ma-

69 490 185 514 nerent
197 491 242 514 eae
252 491 357 527 partes
373 479 476 527 :quod
489 481 523 514 in
532 477 667 514 cerebro
681 506 691 521 ‚
706 491 772 513 non
790 481 823 513 in
837 476 982 526 partibus
996 477 1118 514 affieffis
1137 477 1193 512 siat
1206 479 1381 524 perceptio.
1395 479 1450 512 Sic

69 527 229 563 interdum
243 530 400 564 evenitut
418 528 534 562 diutius
547 526 660 562 cubito
675 528 777 562 innixi
796 527 960 574 stuporem
978 529 1013 562 in
1032 528 1133 575 digito
1151 525 1319 561 auriculari
1331 524 1449 560 sentia-

69 588 159 612 mus:
175 577 265 623 quod
288 589 404 612 nervus
419 578 475 624 qui
495 578 528 612 in
549 588 624 611 eum
649 577 784 625 digitum
803 574 936 620 definit,
953 578 1090 610 nimium
1110 570 1301 622 compressus
1332 575 1449 610 eodem

14 639 16 641 ·
66 626 167 660 modo
180 625 355 660 sensorium
371 637 545 661 commune
556 653 566 667 ,
581 624 635 660 seu
647 624 748 660 sensus
764 627 944 659 communis
958 637 1115 673 organum
1127 622 1265 665 afficiat,
1276 634 1312 656 ac
1327 621 1349 656 si
1363 623 1448 672 digi-

68 683 103 707 to
115 673 182 722 ipso
198 686 414 722 premeretur:
427 686 503 709 narn
513 673 648 709 solemus
663 673 782 709 doloris
801 673 922 709 sensum
934 674 975 708 ad
993 685 1064 708 eam
1078 684 1201 721 partem
1215 670 1335 705 referre
1346 699 1355 714 ,
1373 683 1446 719 quae

11 741 13 744 -
64 720 107 756 ab
125 721 266 770 objeffis
280 723 361 758 solet
375 725 596 766 commoveri,
611 725 687 760 &in
699 736 798 771 quam
813 721 908 757 tensae
920 734 1093 757 nervorum
1109 720 1195 756 fibrae
1209 717 1364 756 desinunt.

105 771 182 814 Sed,
195 773 317 819 inquies
328 800 338 814 ,
351 772 429 807 illud
446 774 555 821 negari
566 785 632 807 non
649 772 753 821 potest
765 774 842 820 quin
862 771 959 805 oculis
973 771 1136 805 videamus
1149 780 1224 812 ,aut
1241 767 1379 816 pedibus
1390 766 1447 801 do.

64 818 205 856 leamus:
223 831 301 870 ergo
311 820 412 856 sensus
434 819 500 869 ipse
514 834 581 857 non
599 822 632 856 in
645 819 777 856 cerebro
793 850 804 865 ,
823 819 921 855 sedin
939 818 1153 855 exterioribus
1175 818 1300 866 organis
1321 815 1448 864 perfici-

65 878 127 904 tur.

55 947 57 949 .
97 917 187 967 Kasp.
198 917 326 953 Sensum
343 917 489 953 inchoari
505 919 538 953 in
549 916 689 953 sensuum
701 918 1048 966 exteriorum'organis‚
1060 929 1125 951 non
1136 914 1257 964 perfici.
1274 914 1444 949 Cernimus

7 978 9 981 ⁴
61 967 194 1013 quidem
204 967 304 1002 oculis
315 995 325 1010 ‚
335 967 425 1014 quod
436 969 468 1001 in
479 968 514 1000 iis
530 966 674 1001 colorum
689 966 861 1003 &luminis
873 965 1090 1015 impressiones
1106 963 1185 1000 fiant
1196 982 1204 1008 3
1214 964 1303 1011 quod
1315 964 1445 997 interio-

60 1026 131 1050 rem
141 1014 328 1051 facultatem
340 1017 561 1051 determinent
572 1044 582 1058 ‚
595 1016 686 1062 quod
703 1017 737 1050 in
752 1017 790 1049 iis
808 1015 865 1050 siat
877 1018 980 1064 prima
997 1013 1160 1062 spirituum
1173 1013 1364 1047 commotio.
1379 1011 1443 1045 Sed

58 1065 147 1100 aetio
155 1066 272 1099 animae
281 1077 344 1112 qua
357 1063 518 1112 impreffio
531 1066 722 1112 percipitur,
736 1065 769 1098 in
783 1063 874 1112 ipsius
882 1066 996 1099 animae
1008 1066 1165 1110 praecipua
1176 1060 1248 1095 sede
1258 1089 1268 1104 ‚
1281 1072 1445 1107 quaecum-

3 1129 6 1131 Α
50 1124 125 1159 que
138 1112 190 1147 illa
204 1111 239 1147 sit
251 1141 261 1156 ,
276 1123 451 1149 exercetur.
468 1113 560 1147 Adde
575 1111 653 1146 illud
666 1124 817 1160 quoque,
831 1113 966 1148 eandem
981 1112 1042 1146 effe
1058 1113 1200 1145 animam
1215 1121 1286 1156 quae
1304 1111 1336 1143 in
1351 1120 1442 1142 cere-

62 1159 123 1195 bro
135 1190 146 1204 ‚
174 1172 330 1208 tanquam
344 1163 376 1196 in
393 1160 546 1196 tribunali
564 1160 672 1203 sedet,
697 1173 834 1209 quaeque
861 1173 918 1209 per
936 1158 1059 1208 spiritus
1075 1164 1108 1196 &
1127 1170 1245 1193 nervos
1257 1159 1291 1193 in
1311 1156 1442 1200 oculos,

14 1241 18 1244 .
60 1222 152 1244 aures
165 1238 176 1253 ‚
189 1215 222 1246 &
235 1211 296 1244 alia
314 1210 456 1245 sensuum
468 1221 590 1258 organa
604 1208 814 1245 diffunditur:
831 1211 914 1244 adeo
934 1221 970 1243 ut
985 1207 1087 1243 sensus
1105 1208 1232 1257 organis
1249 1211 1282 1243 &
1296 1205 1441 1241 funestio-

59 1257 153 1293 nibus
164 1287 175 1302 ‚
189 1272 255 1294 non
275 1271 310 1293 re
321 1258 384 1307 ipsa
395 1286 404 1301 ,
421 1270 476 1293 aut
488 1269 602 1294 natura
616 1259 698 1293 inter
714 1257 744 1292 se
757 1259 995 1307 distinguantur.

94 1309 218 1342 Contra
231 1306 369 1356 urgebis.
391 1309 471 1343 Non
488 1306 592 1356 potest
604 1319 667 1341 una
679 1312 713 1343 δι
726 1307 840 1342 eadem
850 1336 860 1351 ‚
874 1318 929 1342 aut
941 1305 1069 1355 simplex
1080 1307 1187 1341 anima
1201 1334 1211 1349 ‚
1225 1303 1279 1341 vel
1303 1303 1438 1340 facultas

60 1366 184 1391 tantam
200 1369 303 1391 rerum
315 1358 506 1392 varietatem
516 1356 720 1404 distinguere.

111 1407 197 1453 Restm
225 1407 374 1441 Animam
392 1405 524 1452 quidem
541 1404 733 1440 sentientem
753 1405 840 1441 forte
855 1404 916 1440 effe
929 1402 1108 1439 tmiusmodi
1129 1407 1162 1440 &
1187 1403 1434 1450 homogeneam.

58 1454 125 1489 Sed
145 1452 213 1488 fieri
227 1454 336 1502 potest
354 1465 387 1489 ut
401 1457 433 1488 in
455 1465 493 1488 ea
511 1465 601 1502 parte
620 1453 767 1497 cerebri,
782 1467 852 1501 quae
869 1454 915 1488 est
934 1455 1071 1501 primum
1084 1456 1117 1488 &
1139 1463 1313 1488 commune
1330 1450 1438 1484 senso-

58 1505 139 1537 rium
154 1531 161 1544 ,
177 1504 311 1538 distineri
325 1502 382 1537 sint
397 1504 514 1538 tractus
535 1501 697 1539 &diversa
711 1502 877 1551 spirituum
888 1502 1242 1549 promptuariazneque
1255 1501 1342 1535 enim
1359 1510 1437 1533 ean-

53 1552 133 1586 ·dem
149 1555 235 1587 viam
252 1551 390 1586 insistunt
406 1550 531 1598 spiritus
550 1553 605 1598 qui
623 1551 665 1585 ab
682 1551 797 1594 oculis,
815 1564 889 1586 cum
907 1553 944 1586 iis
958 1551 1013 1597 qui
1025 1548 1066 1583 ab
1079 1548 1206 1583 auribus
1222 1552 1255 1584 in
1267 1545 1434 1581 cerebrum

58 1599 242 1648 appellunt,
262 1603 308 1634 uti
329 1600 414 1635 forte
435 1612 503 1635 non
521 1599 591 1633 sunt
608 1598 746 1647 ejusdem
765 1611 884 1635 naturae
904 1611 940 1632 ac
958 1609 1096 1632 texturae.
1112 1599 1220 1644 Atque
1238 1593 1434 1631 incredibilis

57 1649 104 1683 est
125 1651 156 1683 in
174 1662 286 1684 eorum
300 1660 453 1683 contextu
465 1649 600 1682 varietas
615 1660 623 1682 ε
646 1651 699 1682 vix
717 1651 802 1683 enim
814 1644 977 1695 fieripoffe
995 1657 1105 1693 putem
1119 1658 1154 1681 ut
1170 1646 1291 1693 spiritus
1304 1643 1347 1678 sui
1362 1641 1436 1677 ubi-

55 1710 121 1744 que
134 1697 243 1732 similes
256 1710 320 1732 tam
339 1696 475 1732 diversas
489 1697 747 1739 affectionesmt
756 1696 961 1746 obje&orum
974 1693 1195 1742 impressiones
1210 1706 1274 1729 tam
1290 1704 1364 1739 apte
1377 1704 1434 1726 ex-

57 1746 443 1792 pr·iniant.Qimobrem
455 1746 586 1792 quidam
605 1757 777 1780 moventur
793 1752 825 1782 δέ
840 1744 1082 1786 fluctuantium
1092 1743 1146 1777 alii
1158 1743 1296 1791 perstant
1314 1744 1434 1776 immo-

59 1794 139 1829 biles
153 1813 161 1839 ·‚
173 1808 233 1830 nec
248 1797 276 1830 se
291 1794 320 1829 se
334 1806 443 1829 mutuo
455 1794 657 1842 impediunt:
672 1802 730 1829 nec
748 1806 871 1828 temere
888 1799 922 1829 ὃς
938 1792 998 1827 sine
1010 1791 1189 1826 discrimine
1206 1791 1226 1827 ἐι
1246 1788 1433 1837 corporibus

56 1855 146 1878 extra
162 1844 280 1892 .pofitis
307 1843 519 1892 percelluntur
542 1859 554 1886 ς
571 1855 628 1877 nec
653 1843 784 1878 demum
807 1855 863 1891 per
883 1841 1011 1876 eosdem
1031 1843 1172 1874 tramites
1192 1840 1214 1877 ἐι
1231 1839 1366 1874 cerebro
1385 1838 1435 1871 di-

57 1905 189 1927 manant
199 1922 208 1936 ,
222 1905 275 1928 aut
286 1896 317 1928 in
328 1895 465 1941 primum
481 1891 649 1926 sensorium
663 1904 757 1940 typos
767 1890 810 1926 ab
822 1890 958 1940 objestis
970 1887 1131 1937 imprell'os
1145 1888 1372 1924 transmittunt.
1386 1886 1433 1920 Il-

57 1940 176 1986 ludque
189 1942 234 1976 est
251 1955 328 1976 vero
341 1943 522 1989 proximum
536 1970 545 1984 ‚
559 1946 647 1989 juxta
664 1953 768 1975 rerum
795 1952 865 1986 quae
874 1940 1022 1987 distingui
1037 1937 1079 1972 ab
1097 1940 1205 1973 anima
1217 1936 1341 1971 debent
1360 1964 1370 1978 ,
1388 1936 1434 1969 di-

56 1988 250 2033 versitatem,
264 1993 295 2024 in
310 1989 452 2024 sensuum
471 1992 595 2036 organis
607 2018 617 2032 ,
634 2001 702 2024 turn
719 1991 752 2024 in
762 1988 827 2037 ipsa
839 1989 998 2037 spirituum
1012 1989 1068 2034 qui
1084 1988 1116 2022 in
1131 1988 1266 2035 propriis
1277 1984 1431 2026 sensoriis,

54 2039 124 2072 imo
136 2040 170 2072 in
183 2040 347 2074 communi
362 2037 498 2072 sensorio
509 2039 620 2084 vigent
634 2049 755 2072 textura
768 2066 783 2081 ,.
791 2050 942 2086 magnam
954 2048 1086 2085 quoque
1101 2038 1292 2071 varietatem
1308 2034 1431 2082 reperi-

56 2088 105 2129 ri,
117 2099 183 2133 quo
193 2089 291 2121 noxia
305 2085 347 2120 ab
364 2085 491 2120 utilibus
511 2085 734 2123 discernantur,

49 2152 53 2155 ·
87 2138 173 2170 Sunt
181 2138 266 2170 enim
281 2134 381 2170 sensus
394 2133 524 2168 animali
536 2134 574 2167 ad
589 2138 651 2182 ejus
665 2134 942 2169 conservati-<mem
961 2131 1099 2168 conceffi
1117 2132 1138 2169 ἓι
1150 2143 1271 2168 natura.
1289 2133 1377 2167 Hinc
1391 2128 1427 2164 fit

56 2195 92 2219 ut
103 2195 233 2231 propter
246 2196 350 2218 rerum
369 2192 438 2229 quae
457 2181 597 2229 prodesse
611 2194 667 2217 aut
691 2182 798 2218 obess‘e
812 2180 935 2231 poffimt
954 2185 1144 2217 varietatem
1155 2211 1164 2225 ,
1179 2180 1429 2227 unumquodque

55 2234 173 2267 animal
193 2235 285 2266 variis
299 2231 434 2268 sensibus
445 2231 619 2267 instruatur.
633 2233 720 2266 Hinc
729 2232 877 2279 cujusque
889 2230 987 2266 sensus
1001 2243 1154 2279 organum
1173 2233 1217 2264 ita
1231 2229 1274 2262 est
1294 2227 1426 2262 confor-

56 2292 178 2315 matum
193 2311 201 2324 ,
219 2293 255 2316 ut
273 2292 358 2316 certa
385 2292 556 2328 corporum
583 2278 711 2314 effluvia
725 2309 734 2323 ‚
752 2293 817 2315 non
836 2282 942 2315 aliena
967 2279 1063 2327 poffit
1082 2280 1240 2324 excipere,
1274 2278 1326 2310 Sic
1341 2274 1427 2308 oculi

55 2341 178 2366 meatus
194 2333 236 2365 ita
251 2329 428 2376 suntaptati
440 2358 448 2371 ,
469 2340 504 2362 ut
523 2327 599 2362 lucis
613 2329 735 2371 radios,
752 2341 815 2364 non
832 2327 923 2364 sonos
941 2330 1111 2362 admittant
1125 2339 1133 2360 τ
1150 2326 1233 2360 unde
1248 2330 1280 2360 &
1300 2324 1424 2371 spiritus

56 2378 212 2415 animales
226 2381 259 2415 in
271 2377 398 2415 diversis
416 2376 557 2413 sensoriis
569 2376 622 2413 seu
632 2380 759 2426 organis
770 2390 947 2426 ,tanquam
964 2379 997 2413 in
1011 2373 1150 2410 excubiis
1168 2373 1318 2415 collocati
1330 2401 1341 2417 ‚
1360 2385 1427 2408 nou
