1878 2724
492 148 560 182 DE
595 144 943 182 FOSSILIBUS.
1410 160 1434 181 ‘1

58 197 198 246 'quadam
216 195 372 245 prodeat,
392 206 463 242 quae
476 194 678 230 substantiam
698 194 830 230 virriolo
849 193 1041 230 simillimam
1060 194 1154 230 nacta
1182 191 1275 229 nobis
1298 157 1431 229 illudgsz

59 259 133 282 cum
148 258 185 281 ex
196 246 266 280 aliis
285 244 424 280 metallis
441 246 494 281 vix
509 244 580 278 elici
604 243 773 278 consmilis
788 242 958 288 substantia
998 241 1081 278 offit.

63 320 72 325 -
93 294 156 329 sed
168 306 272 341 neque
289 293 385 329 sulfur
397 305 441 338 ἐξ
456 293 594 328 metallis
608 295 693 335 erui,
706 303 761 326 aut
777 303 815 326 ex
831 256 1044 327 mineralibiis
1051 290 1123 325 satis
1136 290 1238 338 liquet
1249 319 1258 334 ‚
1274 289 1328 325 nifi
1350 291 1435 326 forte

58 344 94 379 in
105 342 264 378 nonnullis
282 345 356 378 adhi
366 341 453 386 infit,
470 353 505 376 ut
525 344 557 377 in
569 340 733 376 cinnabari
746 370 757 384 ,
773 341 871 389 vulgo
884 340 927 373 du
938 340 1124 374 vermillon:
1136 342 1170 374 in
1180 339 1248 374 aliis
1259 352 1340 375 vero
1352 353 1431 375 nou—

57 390 149 427 nullis
158 391 368 426 mineralibus
379 419 388 433 ‚
402 393 478 425 utin
494 390 624 425 vitriolo
636 387 759 438 possunt
768 401 871 437 partes
883 388 1026 423 sulfureae
1046 388 1231 423 delitescere
1242 417 1251 432 ‚
1273 394 1307 424 ὃς
1327 391 1370 422 ira
1383 400 1432 423 ar-

43 441 110 480 ,ae
129 439 289 475 cohaetere
299 453 370 475 cum
381 438 449 473 aliis
460 438 621 487 particulis
631 468 640 481 ‚
652 450 688 473 ut
703 439 785 487 ignis
800 440 832 472 vi
854 450 919 473 non
938 436 1035 471 facile
1057 438 1198 485 expediri
1212 435 1337 485 possuit.

91 489 191 534 Quod
208 502 246 525 ex
260 490 440 524 antimonio
452 487 550 536 vulgo
564 487 691 522 elicitur
705 516 715 531 ‚
727 487 835 521 colore
846 486 976 533 quidem
986 484 1080 520 sulfur
1091 485 1200 528 refert,
1212 491 1245 522 ὅ(
1263 487 1303 519 ad
1314 486 1431 521 multos

39 559 42 562 ·
56 536 125 572 usus
135 538 285 572 Medicos
299 536 470 573 adhibetur
485 549 493 571 :
513 537 565 571 sed
583 537 698 571 merito
711 536 881 570 contendit
903 535 946 566 D.
961 535 1060 582 Boyle
1074 536 1106 568 in
1129 535 1318 582 Appendice
1331 547 1432 582 nuper

3 625 5 634 Ι
36 585 161 629 .edita‚
177 586 196 621 ἐι
215 585 539 634 nobisjunlaudata,
554 585 641 632 quod
652 584 748 619 sulfur
760 595 878 621 vocant
894 584 1065 619 antimonii
1085 612 1094 625 ‚
1126 583 1279 629 quodque
1298 585 1330 617 in
1351 583 1434 618 forti

2 639 3 681 ζ
38 633 166 670 elixivio
185 633 430 669 clavellatorum
443 636 586 669 cinerum
602 634 727 667 cendres
738 632 906 681 gravele'es
919 660 928 674 ‚
948 631 1012 666 fuit
1023 629 1204 666 dissolutum
1217 659 1227 674 ,
1244 636 1278 667 ὃ(
1294 632 1374 665 acidi
1393 632 1434 666 li-

2 720 3 725 ¹
35 711 39 717 .
55 686 163 730 quotis
177 696 240 731 ope
252 685 484 732 praecipitatum
497 710 505 721 ‚
517 694 735 718 urrcommune
749 681 846 716 sulfur
858 679 982 715 dissolvi
995 678 1075 714 solet
1086 685 1141 722 5&
1153 681 1354 728 praecipitari,
1366 693 1433 715 non

2 741 3 766 1
38 731 140 768 sorte
155 731 252 767 sulfur
265 733 297 767 id
316 731 376 767 effe
394 750 422 775 ‚*
438 731 490 766 sed
507 733 671 779 puriorem
692 732 864 765 antimonii
882 741 1021 765 crocum.
1045 729 1147 775 Qod
1167 731 1254 763 enim
1270 729 1432 764 interdum

0 778 3 800 ³
53 779 284 824 inflammetur,
300 781 333 814 id
343 794 409 816 non
422 783 580 814 continuo
592 778 709 827 probat
726 777 824 814 sulfur
841 779 972 814 existere
985 806 994 820 ,
1015 776 1072 813 nisi
1091 778 1177 812 idem
1200 777 1324 812 sulfuris
1349 779 1433 812 odo-

0 834 1 875 J
37 840 122 864 -tem
133 842 196 877 prae
211 829 240 864 se
253 829 346 865 ferat.
362 832 441 864 Sunt
455 831 542 863 enim
555 829 703 875 quaedam
717 840 851 875 corpora
861 856 871 870 ,
893 838 965 874 quae
984 838 1026 861 ex
1050 828 1191 874 partium
1205 828 1433 861 comminutio-

0 877 3 925 ᾗ
37 889 95 912 .ne
113 880 255 914 &certis
267 877 360 913 rebus
372 879 504 926 adjeolis
524 876 690 912 flammam
709 879 896 924 concipiunt
933 877 985 909 Sic
1002 886 1111 909 tenues
1128 877 1218 922 cupri
1245 875 1370 910 laminae
1396 888 1434 911 ex

0 931 3 969 ἶ
51 925 168 973 quibus
180 926 388 962 sublimatum
401 925 514 974 aequali
527 926 670 974 pondere
686 925 871 960 distillatum
894 923 956 960 fuit
967 952 976 967 ‚
997 923 1067 963 fere
1082 935 1116 959 ut
1128 935 1200 961 cera
1216 922 1432 971 obsignatoria

53 973 355 1019 inflammatut,ubi
372 975 514 1011 candelae
534 976 601 1023 igni
619 974 822 1009 admovetur.

0 1020 1 1028 ¹
24 1028 27 1030 ’
90 1025 144 1058 Sic
155 1026 330 1059 antimonii
341 1026 375 1058 in
390 1036 474 1071 aqua
489 1024 566 1058 forti
584 1022 737 1066 exsoluti,
748 1023 919 1071 postquam
934 1034 1018 1069 aqua
1039 1021 1131 1057 fortis
1151 1020 1219 1055 fere
1230 1032 1299 1056 tota
1317 1022 1363 1056 est
1375 1034 1432 1056 ex-

52 1071 168 1111 stillata
180 1102 189 1116 ‚
200 1073 304 1122 plures
317 1071 477 1121 particulae
485 1074 519 1107 in
529 1072 683 1106 summam
696 1083 824 1106 retortae
836 1071 888 1105 seu
905 1070 979 1104 vafis
993 1082 1118 1118 partem
1131 1072 1226 1105 musto
1245 1072 1319 1118 igue
1331 1070 1433 1105 subla-

51 1131 111 1165 tae‚
133 1126 167 1157 &
178 1121 198 1156 ὲ
213 1123 308 1170 nigris
320 1121 444 1156 secretae
455 1120 620 1155 flammam
635 1119 801 1155 caeruleam
812 1120 902 1154 instar
916 1119 1037 1154 sulfuris
1048 1116 1178 1153 incensae
1186 1118 1343 1166 praebent.

31 1196 34 1197 ν
83 1172 165 1206 Non
178 1169 314 1206 dissimili
326 1171 450 1205 ratione
463 1181 561 1218 cupro
577 1171 612 1204 in
630 1181 713 1216 aqua
732 1168 811 1204 forti
824 1167 965 1203 exsoluto
979 1196 988 1211 ‚
1000 1168 1177 1205 &humore
1199 1166 1307 1201 sensim
1333 1169 1433 1204 exha-

33 1218 118 1254 ‘lato
129 1247 139 1262 ‚
153 1219 243 1265 quod
258 1229 405 1254 remanet
426 1221 460 1253 in
478 1217 580 1252 fundo
592 1216 666 1252 vasis
682 1230 818 1265 cuprum
840 1219 993 1252 minutius
1013 1215 1173 1253 concisum
1196 1221 1230 1252 &
1247 1229 1320 1251 cum
1338 1230 1432 1253 men-

52 1267 126 1302 strui
144 1266 234 1302 salini
245 1267 385 1315 partibus
396 1266 578 1314 permistum
589 1265 726 1314 speciem
743 1267 904 1313 quandam
919 1264 1039 1310 praebet
1052 1264 1174 1299 vitrioli
1185 1293 1195 1307 ‚
1212 1263 1267 1299 nisi
1286 1266 1373 1312 quod
1391 1267 1432 1301 ad

50 1315 192 1351 candelae
212 1328 268 1351 aut
281 1316 396 1350 chartae
416 1314 579 1351 flammam
591 1315 760 1349 admotum
772 1344 782 1358 ,
796 1315 901 1349 statim
911 1313 1078 1348 flammam
1091 1314 1242 1361 concipit.
1260 1316 1381 1360 Neque
1398 1316 1431 1349 id

52 1374 160 1400 tamen
170 1364 269 1400 sulfur
286 1363 345 1399 effe
356 1364 563 1402 crediderim,
576 1363 628 1398 sed
640 1376 772 1412 cuprum
791 1366 949 1412 integrum
960 1364 1112 1397 minutius
1128 1360 1302 1401 concisum.
1319 1363 1432 1410 Qare

50 1424 122 1460 quae
139 1413 345 1449 metallorum
354 1413 476 1461 jactant
490 1412 615 1456 sulfura,
629 1412 895 1461 meritosssuspeelza
914 1411 984 1448 sunt
1000 1417 1033 1448 ὃ(
1050 1410 1159 1451 dubia.

85 1466 130 1498 Ex
142 1464 298 1497 mercurio
314 1461 445 1497 metalla
464 1462 609 1496 constare
620 1490 630 1503 ,
640 1473 778 1508 eumque
791 1461 950 1496 interdum
965 1473 1005 1496 ex
1016 1462 1052 1496 iis
1064 1461 1130 1494 erui
1143 1471 1178 1495 ut
1196 1464 1442 1496 contumaciter.

51 1523 117 1550 non
133 1514 318 1560 negaverim
330 1540 340 1555 ,
353 1510 393 1545 sic
412 1524 480 1545 non
494 1511 598 1545 statim
612 1522 684 1545 cum
701 1510 907 1557 Alchymistis
922 1508 1076 1551 alsentiar,
1093 1520 1166 1543 cum
1186 1521 1297 1544 aurum
1311 1510 1366 1544 vel
1381 1523 1432 1544 ar-

49 1572 185 1608 gentum
201 1562 232 1595 in
247 1562 439 1595 mercurium
463 1564 497 1595 &
517 1558 615 1593 sulfur
640 1558 754 1593 resolvi
775 1559 957 1594 constanter
975 1557 1122 1593 afferunt.
1152 1560 1195 1593 Ex
1209 1557 1346 1605 plumbo
1358 1570 1431 1592 eum

51 1608 177 1643 extrahi
201 1607 286 1656 polle
298 1608 405 1642 multis
427 1607 583 1655 exemplis
606 1607 636 1640 id
663 1610 755 1642 enixe
770 1607 907 1654 probare
927 1606 1144 1648 contendunt,
1169 1611 1203 1641 &
1229 1607 1361 1653 quidem
1384 1609 1431 1643 D,

48 1658 150 1705 Boyle
159 1663 243 1706 cujus
257 1669 372 1705 magua
390 1656 435 1690 est
453 1657 537 1703 apud
554 1668 605 1690 me
623 1656 798 1690 authoritas
808 1685 816 1698 ,
830 1654 999 1703 plumbum
1011 1667 1083 1688 cum
1098 1652 1158 1688 sale
1169 1655 1300 1690 mistum
1315 1655 1336 1690 ὸ.
1351 1657 1432 1690 Viro

49 1706 192 1752 quodam
221 1704 266 1739 ob
293 1717 413 1739 certum
435 1704 535 1740 finem
554 1716 701 1753 paratum
725 1703 825 1739 refert
843 1721 851 1747 ·‚
873 1716 940 1738 tum
959 1715 1014 1737 vas
1032 1701 1090 1736 ubi
1112 1714 1181 1737 erat
1203 1703 1374 1750 plumbum
1396 1706 1430 1738 in

50 1764 141 1788 terrae
160 1766 269 1789 recens
285 1753 416 1788 excultae
431 1753 518 1788 sulcis
535 1766 591 1801 per
606 1753 731 1800 aliquot
751 1752 872 1787 menses
899 1751 967 1786 casu
987 1752 1132 1792 reliRum
1145 1752 1188 1786 est
1204 1767 1212 1787 :
1236 1764 1281 1786 eo¹
1296 1753 1430 1787 tandem

49 1814 178 1850 reperto
192 1815 262 1851 pars
276 1802 400 1850 plumbi
416 1805 449 1837 in
461 1802 695 1850 hydrargyrum
706 1801 858 1836 conversa
877 1803 1024 1849 apparuit
1038 1817 1046 1843 ·,
1060 1812 1132 1834 cum
1147 1800 1308 1847 reliquum
1323 1800 1431 1848 plum-

50 1848 130 1892 bum
143 1853 187 1887 ita
200 1850 275 1886 elset
292 1849 493 1900 dispositum,
513 1863 549 1886 ut
565 1851 702 1886 eandem
725 1849 822 1885 brevi
842 1852 1054 1884 mutationem
1067 1848 1195 1885 subiret.
1223 1851 1288 1884 Hic
1302 1850 1431 1897 hydrar-

48 1911 145 1982 {yrus
163 1903 195 1936 in
215 1913 325 1935 aurum
344 1902 414 1935 vim
432 1899 519 1934 suam
529 1898 683 1935 exerebat
698 1916 707 1942 3
729 1910 826 1946 atque
841 1900 933 1945 hujus
948 1899 1137 1934 mutationis
1158 1901 1319 1947 praecipua
1339 1898 1432 1933 vide-

75 1959 145 1983 atur
159 1949 251 1983 causa
263 1948 304 1983 sal
314 1951 456 1984 marinus
467 1950 524 1995 qui
548 1952 577 1983 ei
596 1951 783 1997 operationi
804 1949 848 1983 est
861 1946 1024 1982 adhibitus
1037 1945 1093 1982 :sic
1107 1959 1144 1981 ex
1157 1948 1337 1982 antimonio
1350 1959 1432 1981 mer-

49 1999 171 2031 curium
195 1996 308 2032 salium
325 1998 537 2043 quorumdam
556 2009 621 2044 ope
645 1999 821 2031 extractum
840 2010 907 2031 non
930 1995 1028 2030 semel
1058 1996 1161 2031 vidit:
1179 1997 1262 2030 adeo
1290 2007 1325 2030 ut
1349 1996 1431 2031 nihil

49 2043 212 2081 sublimati
232 2047 379 2080 mercurii
399 2047 433 2079 in
453 2048 491 2079 iis
513 2043 625 2079 salibus
638 2044 838 2079 delitesceret
851 2074 861 2087 ,
873 2051 908 2081 &
927 2046 1073 2078 mercurii
1093 2044 1182 2094 hujus
1197 2044 1347 2080 drachma
1356 2057 1429 2079 cum

48 2105 140 2140 aequo
156 2095 300 2142 pondere
317 2095 384 2128 auri
398 2092 543 2127 calcinari
563 2093 658 2128 mista
672 2093 810 2127 calorem
822 2107 887 2128 non
908 2094 1105 2127 mediocrem
1121 2095 1281 2128 excitaret.

83 2145 243 2183 Ettamen
258 2141 378 2177 nobilis
398 2140 530 2189 scriptor
544 2140 682 2176 multum
699 2141 825 2176 dubitat
841 2155 880 2176 an
903 2144 1073 2177 mercurius
1090 2141 1145 2176 ille
1166 2144 1239 2177 astu
1257 2141 1328 2176 insit
1341 2145 1371 2176 in
1391 2144 1429 2177 iis

26 2185 30 2197 '
51 2191 204 2235 metallis„
225 2205 264 2226 an
284 2190 465 2226 sittantum
484 2193 558 2224 artis
582 2189 714 2225 effeetus
729 2219 737 2233 ‚
757 2196 790 2226 &
807 2191 992 2237 quoddam,
1006 2203 1040 2224 ut
1056 2202 1175 2225 vocant
1195 2190 1427 2237 magisterium.

50 2239 175 2279 Namtfi
193 2240 362 2288 plumbum
377 2237 552 2282 fusum,aut
572 2239 715 2273 stanuum
738 2252 804 2274 non
818 2238 1034 2274 concresceret
1046 2268 1054 2280 ‚
1069 2252 1181 2273 omnes
1197 2238 1266 2272 fere
1296 2241 1427 2283 utrique

52 2286 125 2322 huic
137 2289 271 2324 metallo
287 2290 378 2323 dotes
394 2287 582 2335 hydrargyri
601 2285 822 2322 tribueremus.
849 2289 961 2330 Qiare
977 2287 1057 2322 illud
1075 2300 1140 2321 non
1157 2286 1311 2319 abhorret
1333 2292 1352 2320 a
1371 2298 1429 2319 ve-

51 2335 168 2378 risimili
190 2348 396 2387 penetrantes
409 2335 485 2373 sales
504 2338 524 2373 ξι
539 2336 705 2383 Chymicis
723 2335 976 2384 adhiberipoffe,
993 2339 1050 2384 qui
1065 2334 1200 2383 figuram
1216 2339 1248 2371 ἃ·
1268 2345 1428 2371 texturam
