1878 2724
512 112 872 149 -TRACTATUS
909 110 1158 150 PRl-MUS.-
1492 129 1532 155 40

174 164 290 200 Tettio
299 184 310 206 -,
327 173 366 199 ex
379 163 416 198 iis
432 159 571 198 efficitur
581 157 752 198 'materiam
763 162 823 198 effe
838 174 942 198 totam
953 164 998 206 rei
1008 156 1169 212 corporeae
1181 159 1387 197 substantiam
1400 189 1409 201 ,
1422 142 1533 210 quarn?

139 215 266 251 vis³non
276 209 313 246 fit
332 224 400 247 tota
414 210 655 248 illius'effentia.
667 215 755 248 Nam
767 212 873 247 forma
892 214 992 247 etiam
1007 209 1047 246 ad
1066 214 1113 246 rei
1133 223 1280 247 naturam
1301 214 1454 259 pertinet.
1479 217 1533 248 Sic

140 261 263 301 ferrum
276 261 319 296 est
335 273 404 296 tota
416 260 514 311 gladii
530 260 705 296 substantia
719 276 727 297 :
747 258 798 296 sed
818 275 885 297 non
903 261 950 296 est
962 272 1031 296 tota
1041 260 1124 296 illius
1137 258 1267 296 essentia
1281 288 1292 303 ‚
1306 272 1363 295 aut
1375 272 1498 297 natura.

131 308 133 317 '
186 311 314 354 Quarto
331 339 341 352 ,
353 323 416 346 una
430 323 530 359 porro
543 309 587 345 est
603 310 711 345 forma
719 309 935 346 substantialis
947 339 957 353 ‚
969 312 1119 346 nimirum
1129 313 1237 345 anima
1256 309 1423 344 rationalis
1438 339 1448 353 ‚
1462 323 1533 358 quae

130 359 196 409 ‘per
212 359 242 395 se
260 359 368 396 existit
380 388 390 403 ,
405 365 507 408 &per
521 358 550 393 se
561 371 712 409 operatur
724 389 734 404 ‚
751 373 824 395 cum
840 358 876 395 fit
892 359 1016 395 suarum
1023 361 1189 395 achonum
1199 388 1209 403 ,
1227 357 1278 393 seu
1286 362 1535 407 perceptionum

140 408 266 444 conscia
283 422 290 444 ε
312 408 450 455 reliquae
462 421 574 443 omnes
593 405 765 456 corporum
783 409 898 444 formae
919 408 999 444 nihil
1022 406 1094 444 sunt
1114 419 1229 456 praeter
1247 419 1369 441 certam
1385 407 1536 444 affeffio-

140 470 221 494 num
233 487 242 501 ‚
261 469 317 492 aut
327 458 537 491 accidentium
551 460 738 505 congeriem
756 486 765 500 ‚
780 469 835 492 aur
854 461 960 492 vai-ios
980 457 1172 493 extensionis
1194 456 1309 492 modos
1330 471 1337 491 ε
1357 458 1537 493 accidentia

142 519 224 542 vero
240 508 385 540 dicuntur
396 518 466 552 quae
479 504 580 540 ἢεί-ΑΓΕ
591 510 623 540 &
638 504 743 540 abesse
757 504 901 554 possunt3
923 505 1095 552 qualitates
1109 534 1119 548 ,
1133 519 1169 540 ut
1180 518 1248 540 rem
1273 504 1371 539 talem
1384 506 1536 542 denomi-

142 567 246 599 nant5
271 554 459 591 affictiones
488 565 621 601 quoque
638 557 847 591 nominantur
866 583 877 599 ,
899 554 988 603 quod
1008 556 1180 589 materiam
1206 565 1294 588 certa
1311 556 1438 589 ratione
1467 554 1538 591 affi-

139 606 237 642 ciant.

174 655 243 695 >Hae
261 664 372 689 autem
395 650 588 688 affeci-‚iones
601 680 612 694 ,
637 662 692 686 aut
703 651 796 687 modi
809 665 846 688 ex
858 651 976 700 quibus
993 651 1106 692 forma:
1126 664 1242 699 omnes
1257 653 1400 688 oriuntur
1416 681 1425 696 ,
1444 656 1537 702 quin-

132 702 206 752 'que
217 714 446 744 numerantur,
463 712 594 744 motus,
621 698 724 748 quies,
736 699 853 750 figura,
871 699 942 743 situs
965 707 999 739 δι
1013 701 1204 751 magnitudo
1231 715 1239 737 :
1270 702 1354 738 adeo
1380 714 1415 736 ut
1431 703 1538 739 forma

129 749 320 788 'materialis
335 750 417 787 nihil
429 748 466 785 sit
483 748 598 800 praeter
615 750 746 786 istorum
763 753 982 787 accidentium
996 749 1215 799 complexum,
1226 762 1386 797 quatenus
1397 755 1442 786 rei
1463 765 1540 788 con-

144 799 312 836 stituendae
326 805 360 837 &
372 802 469 835 certis
487 798 673 835 affixionibus
693 801 860 836 exerendis
876 801 923 835 est
939 800 1214 837 accommodatus».
1233 800 1388 848 Cumque
1404 804 1540 837 materia

142 861 201 898 per
214 847 244 883 se
257 849 342 884 iners
353 848 389 884 fit
402 878 412 893 ‚
430 855 463 886 &
478 847 593 885 nullius
603 849 740 884 aelionis
755 861 889 898 compos
905 878 914 892 ,
934 852 1002 886 vim
1019 861 1154 886 omnem
1169 847 1256 885 suam
1273 848 1316 884 ab
1333 852 1370 884 iis
1388 850 1539 886 affe-estio-

142 896 239 937 nibus
252 909 418 938 mutuatur
437 900 502 934 :ita
522 909 557 934 ut
574 896 640 932 haec
659 898 842 934 accidentia
868 913 937 935 non
963 902 998 934 vi
1027 900 1170 935 materiae
1198 910 1252 934 aut
1269 898 1450 936 substantiae
1462 930 1472 944 ,
1488 900 1540 935 sed

131 948 247 995 [magis
264 945 439 984 substantia
449 949 483 982 vi
501 945 628 989 suorum
645 947 862 984 accidentium
886 959 943 983 aut
967 948 1162 996 qualitatum
1185 960 1336 997 operetur
1347 966 1358 992 ;
1377 961 1414 984 ac
1433 949 1540 997 quali-

143 1006 229 1032 tates
240 994 320 1040 illae,
334 1007 372 1032 ut
386 994 479 1044 supra
491 996 630 1031 diximus
644 1024 654 1040 ‚
668 999 808 1042 materiae
818 998 951 1046 quidem
971 998 1138 1042 accidant,
1161 995 1212 1032 sed
1225 999 1273 1032 rei
1294 1009 1405 1044 quam,
1418 999 1539 1034 consti-

145 1056 240 1080 tuunt
253 1047 407 1089 ‚omnino
427 1044 486 1081 sint
507 1042 707 1082 essentiales:
730 1057 764 1081 ut
782 1044 884 1096 figura
903 1045 1004 1082 clavis
1031 1047 1151 1082 accidit
1175 1046 1282 1092 ferro,
1298 1046 1352 1082 sed
1376 1048 1416 1082 ad
1448 1047 1540 1096 ipsius

142 1093 242 1133 clavis
257 1094 418 1130 essentiam
435 1096 587 1142 pertinet.

185 1144 236 1178 Ex
250 1144 287 1177 iis
298 1154 395 1191 porro
407 1141 636 1179 affed’tionibus
646 1144 766 1192 primas
780 1154 870 1178 tenet
882 1155 1002 1186 motus,
1020 1138 1060 1177 de
1070 1155 1138 1190 quo
1152 1140 1218 1178 fuse
1233 1144 1352 1192 postea.
1368 1146 1458 1179 Huic
1470 1144 1539 1180 suc-

136 1188 234 1226 'cedit
243 1190 355 1240 quies,
368 1203 492 1238 eaque,
520 1190 542 1225 si
565 1190 711 1226 Cartefio
727 1192 904 1235 credimus,
927 1191 974 1226 est
997 1192 1155 1238 quiddam
1173 1195 1206 1227 in
1224 1205 1331 1229 rerum
1347 1205 1459 1231 natura
1482 1207 1541 1242 po·

146 1238 239 1275 fitum
251 1251 336 1285 ‚nec
348 1239 412 1275 sola
422 1251 530 1275 motus
574 1242 701 1276 rivatio.
755 1240 818 1275 uod
834 1243 947 1288 utique
960 1239 1016 1281 suo
1037 1237 1172 1288 quoque
1188 1239 1261 1275 loco
1280 1244 1340 1276 erit
1367 1241 1541 1278 discutien-

136 1288 236 1325 dum.
260 1291 292 1325 Fi
315 1301 371 1325 ura
385 1289 428 1324 est
443 1253 636 1325 extensionis
649 1287 738 1338 ipfius
759 1291 968 1325 terminatio:
992 1301 1095 1336 eaque
1115 1288 1168 1323 vel
1186 1290 1230 1324 est
1249 1292 1400 1334 exterior,
1418 1303 1453 1328 ut
1469 1290 1539 1340 glo-

147 1335 183 1372 bi
199 1341 284 1374 cerei
293 1302 408 1388 {gurm
418 1351 518 1387 quam
533 1350 648 1373 exuere
659 1338 768 1386 potest
782 1340 863 1374 citra
873 1350 994 1375 naturae
1005 1337 1062 1373 suae
1073 1336 1277 1386 dispendium
1292 1355 1306 1383 ς,
1322 1339 1374 1379 vel
1396 1341 1442 1374 est
1461 1342 1540 1376 inti-

148 1399 200 1421 ma
217 1416 226 1431 ‚
240 1389 422 1436 &partium
436 1385 678 1431 insensibilium,
698 1400 736 1422 ex
750 1386 870 1436 quibus
895 1399 943 1422 res
963 1399 1102 1437 quaeque
1132 1387 1279 1431 constat,
1300 1387 1518 1436 configuratio
1530 1420 1540 1434 ,

148 1448 221 1483 quae
248 1437 288 1471 ad
301 1449 452 1472 naturam
464 1439 513 1471 rei
530 1437 778 1484 quodammodo
811 1440 941 1474 ertinet.
965 1440 1044 1474 Non
1059 1439 1148 1472 enim
1173 1436 1234 1471 alia
1252 1439 1379 1473 ratione
1390 1438 1509 1474 ferrum
1521 1440 1542 1474 a.

147 1497 221 1521 cera
234 1485 432 1535 distinguitur
444 1515 454 1530 ,
467 1485 565 1534 quam
578 1487 666 1533 quod
683 1451 911 1532 insensssilium
925 1517 935 1531 ,
954 1485 1074 1534 quibus
1089 1497 1158 1520 cera
1175 1487 1298 1522 constat
1311 1490 1451 1535 partium
1477 1488 1541 1523 alia

148 1532 186 1570 fit
195 1533 312 1583 figura,
336 1534 399 1569 alia
415 1535 627 1583 magnitudo,
647 1534 724 1571 alius
742 1534 813 1570 situs
826 1564 836 1579 ‚
861 1530 962 1583 quam
973 1547 1142 1575 earumex
1159 1534 1276 1581 quibus
1301 1536 1426 1575 fertum
1449 1550 1541 1573 com-

107 1582 110 1584 ’
149 1586 291 1632 ponitur.
313 1585 418 1618 Situm
431 1583 565 1617 dicimus
579 1585 722 1630 corporis
743 1585 827 1618 inter
842 1585 904 1619 alia
927 1596 1064 1631 corpora
1081 1581 1273 1630 positionem
1289 1599 1301 1620 ε.
1322 1596 1357 1618 ut
1377 1589 1540 1634 magnitu-

150 1631 194 1666 do
214 1644 251 1666 ea
261 1631 450 1679 intelligitur
464 1660 473 1674 ‚
497 1644 561 1679 qua
578 1643 627 1665 res
641 1634 730 1666 varie
741 1633 772 1666 in
788 1644 902 1667 omnes
913 1630 1128 1668 dimensiones
1136 1631 1338 1668 distenditur.

192 1680 306 1727 Atque
329 1679 507 1728 hujusmodi
523 1679 716 1715 affeekiones
742 1684 810 1715 vim
823 1682 987 1728 quandam
1010 1678 1136 1716 habent
1166 1681 1298 1728 agendi.
1337 1684 1388 1716 Sic
1408 1685 1441 1718 in
1470 1694 1541 1719 ma-

149 1728 250 1764 chinis
273 1740 390 1777 magna
406 1730 454 1762 vis
467 1728 510 1763 est
522 1730 554 1763 in
567 1727 624 1763 fitu
639 1743 646 1764 :
661 1731 774 1778 ingens
788 1732 876 1765 enim
895 1729 1021 1779 pondus
1041 1728 1063 1764 ὲι
1088 1730 1207 1764 minori
1226 1729 1385 1765 attollitur
1407 1745 1541 1780 propter

149 1775 223 1814 fitus
246 1780 456 1813 varietatem:
475 1789 511 1813 ut
525 1779 557 1813 in
571 1779 665 1813 veste
682 1807 691 1821 ‚
708 1778 827 1826 vulgo,
848 1781 879 1812 le
893 1781 1012 1822 levier,
1035 1778 1145 1813 videre
1157 1778 1201 1813 est
1217 1795 1226 1821 3
1251 1792 1311 1814 nec
1336 1779 1456 1816 secaret
1477 1781 1543 1816 fer-

150 1838 224 1862 rum
244 1825 301 1862 nisi
318 1838 394 1875 apta
414 1825 539 1876 figura,
570 1832 603 1863 &
625 1828 846 1876 magnitudine
865 1829 1052 1865 donaretur.
1085 1872 1087 1874 Ι

139 1912 144 1916 ,
199 1877 282 1911 Haec
303 1887 414 1911 autem
432 1877 588 1924 principia
632 1875 703 1911 lana
714 1875 785 1912 sunt
797 1907 806 1922 ‚
820 1888 856 1912 ut
871 1875 1209 1922 videtur.Cartefianis
1224 1907 1233 1921 ‚
1252 1883 1285 1915 δι
1304 1890 1436 1927 aperta:
1459 1881 1542 1916 adeo

151 1937 189 1960 ut
204 1924 224 1961 si
256 1924 353 1960 rebus
378 1924 574 1972 explicandis
602 1889 764 1961 sufficiant
778 1956 788 1968 ,
812 1926 926 1962 frustra
943 1925 1006 1960 alia
1023 1923 1129 1962 retum
1152 1928 1330 1975 primordia
1349 1940 1541 1975 quaeramus,

152 1976 313 2022 Principia
327 1972 406 2009 vero
418 1975 632 2022 Peripatetica
642 2003 654 2019 ‚
669 1978 821 2022 inquiunt
832 2004 843 2020 ,
854 1978 900 2011 ita
911 1975 984 2011 sunt
996 1974 1147 2022 obscura,
1161 1988 1198 2011 ut
1222 1976 1542 2025 comprehendi-nul-

153 2021 189 2057 lo
198 2023 298 2057 modo
314 2021 442 2070 possint.
453 2025 574 2070 Neque
588 2025 675 2060 enim
691 2027 824 2069 materia
838 2037 907 2073 quae
917 2038 983 2061 non
993 2025 1040 2060 est
1052 2026 1128 2062 airu
1145 2055 1156 2070 ,
1172 2024 1222 2060 sed
1243 2025 1404 2074 potestate
1426 2040 1542 2076 corpus

155 2072 350 2119 principium
369 2082 541 2119 corporum
565 2070 625 2108 effe
644 2074 750 2122 potest
762 2089 770 2111 :
783 2087 857 2121 curn
866 2086 979 2123 corpus
995 2088 1063 2110 non
1075 2087 1125 2119 ¹ex
1139 2075 1210 2120 aliis
1223 2104 1233 2118 ,
1258 2087 1356 2122 quam
1377 2087 1415 2110 ex
1435 2079 1541 2112 minu-

157 2119 279 2156 tiffimis
294 2118 439 2168 partibus
453 2149 462 2163 ‚
475 2132 532 2155 aut
549 2133 590 2156 ex
607 2123 795 2172 corporibus
809 2124 941 2160 constet.
966 2122 1049 2158 Illud
1067 2137 1199 2172 quoque
1210 2123 1380 2158 absurdum
1400 2125 1541 2169 videtur,

156 2169 279 2205 formas
292 2167 508 2204 substantiales
522 2168 662 2218 fingere,
673 2184 742 2220 quae
756 2187 822 2209 non
842 2172 1007 2209 subsistunt
1023 2202 1032 2216 ,
1060 2187 1199 2221 quaeque
1221 2186 1260 2208 ex
1277 2175 1410 2208 materia
1427 2185 1543 2209 eruun-

157 2230 208 2254 tur
224 2220 279 2262 ,in
293 2229 354 2265 qua
371 2219 517 2252 ad'tnnon
535 2231 637 2256 erant.
656 2222 717 2256 Sed
727 2225 778 2258 cui
787 2222 855 2258 usui
881 2222 986 2271 potest
1010 2221 1071 2258 esse
1094 2225 1256 2272 privatio?
1278 2235 1319 2256 an
1345 2222 1434 2267 quod
1459 2223 1542 2259 nihil

159 2267 222 2314 estl,
239 2272 324 2315 cujus
342 2266 434 2301 nullae
448 2266 728 2313 ssmtaffietiones,
748 2273 851 2320 potest
863 2270 923 2306 else
933 2284 1038 2307 terum
1051 2275 1196 2308 omnium
1223 2272 1416 2319 principium
1431 2279 1441 2305 Ξ

149 2360 154 2367 x
192 2318 362 2367 Hastenus
381 2315 453 2351 fere
466 2315 623 2353 Cartesius
641 2323 798 2356 convenit
810 2333 884 2358 cum
892 2320 961 2358 aliis
979 2324 1034 2369 qui
1056 2321 1243 2357 mechanica
1261 2330 1368 2359 rerum
1386 2322 1543 2368 principia

1292 2369 1313 2402 F
1340 2370 1361 2416 ij
