1878 2724
493 156 903 197 TRACTATUS
952 159 1214 198 PRIMUS.
1509 181 1519 210 ‚-

143 216 178 250 ει
190 212 378 246 contextu'm
390 236 399 252 ,
410 207 717 258 quicuminfignem
735 209 828 245 affert
842 211 1116 259 termutationeni
1132 238 1142 253 ,
1153 210 1292 259 speciem
1304 211 1401 260 ipsam
1414 181 1536 250 inimus

145 273 214 296 tat:
231 271 266 294 ut
274 261 315 294 de
326 259 428 307 glacie
441 287 450 302 ,
468 264 501 295 &
515 261 592 295 nive
608 258 708 308 vulgo
720 261 867 296 creditur.
889 261 979 294 Hinc
999 260 1085 302 eryirn
1101 273 1192 294 novae
1208 259 1376 310 exsurgunt
1395 263 1535 310 qualita-

145 321 192 345 tes
205 338 216 353 ‚
225 321 263 343 ex
273 308 390 352 quibus
401 320 506 343 rerum
518 308 637 357 specits
651 310 814 344 distri-,Cras
827 308 1024 356 colligimus.
1037 311 1089 343 Sic
1103 322 1238 357 pomum
1250 308 1269 345 fi
1284 312 1450 357 ceciderit,
1464 326 1534 361 pars

143 358 226 394 illius
239 353 370 393 contusa
386 357 517 392 alterius
532 357 568 393 fit
587 370 707 393 naturae
724 388 733 403 ,
751 359 870 408 saporis
883 386 893 402 ,
913 363 946 395 ὃ(
965 347 1074 402 odoris
1087 386 1097 401 ‚
1115 370 1175 394 nec
1191 371 1300 395 tamen
1318 363 1493 410 quicquam
1508 366 1536 398 ei

143 409 259 443 accidit
271 405 326 442 nisi
345 409 485 455 partium
497 405 705 454 transpositio.
972 404 989 445 ,s

179 458 286 492 Multa
306 459 338 492 in
358 457 438 492 hanc
458 456 652 492 sententiam
673 456 832 499 afferunt,
857 469 928 503 quae
951 456 1059 491 refelli
1086 460 1138 492 vix
1172 457 1310 506 poffimt.
1339 460 1402 494 Sed
1426 473 1536 497 tannen

142 507 222 554 quid
237 505 332 541 nobis
346 508 378 540 in
392 504 452 540 hac
466 503 715 554 philosophandi
736 507 865 540 ratione
888 492 1055 552 displiceat
1070 535 1080 549 ,
1110 519 1173 542 una
1195 520 1251 542 aut
1285 509 1385 544 altera
1404 511 1536 546 conclu-

140 555 229 592 sione
242 555 388 590 breviter
402 559 434 591 &
450 566 562 602 aperte
575 556 732 590 dicemus.

685 603 799 636 Prima
824 605 850 636 C
853 601 998 647 onclufio.

178 653 217 688 Id
233 655 336 696 minus
349 650 521 687 verisimile
542 653 672 687 videtur
685 655 855 687 materiam
872 650 914 686 ab
942 654 980 685 iis
997 651 1226 690 affeetionibus
1242 685 1251 699 ,
1276 669 1349 705 quae
1372 659 1537 707 explicata:

142 703 213 738 sunt
237 702 395 737 secretam
420 700 481 736 effe
501 702 699 745 uniusmodi,
718 706 750 738 ὃς
764 700 889 747 ubique
904 699 949 736 sui
972 700 1127 746 fimilem,
1145 716 1199 739 aur
1211 708 1316 753 prima
1329 720 1433 742 rerum
1449 711 1536 758 prin-

141 753 248 799 cipia,
267 750 319 785 seu
330 749 535 799 corpuscula,
550 750 778 787 autelementa
791 779 801 794 ‚
820 749 923 799 figura
941 762 1064 787 tantum
1081 765 1236 789 autmotu
1250 784 1259 799 ,
1275 769 1342 792 non
1356 761 1470 794 natura
1487 761 1536 794 in-

141 811 190 835 ter
206 799 236 835 se
251 798 395 836 differre.

183 847 276 883 Prob-
293 852 390 886 concl.
409 852 490 886 Non
508 851 612 898 potest
625 849 721 887 facile
734 848 930 884 incredibilis
955 862 1062 885 rerum
1077 853 1216 888 varietas
1233 882 1243 897 ,
1263 867 1420 902 quantam
1441 858 1473 891 in
1490 869 1538 892 re-

140 910 211 934 rum
226 910 338 934 namra
349 898 563 949 conspicimus
574 928 583 942 ‚
599 898 753 947 explicati
767 927 776 941 ‚
793 897 813 933 fi
827 901 929 948 prima
939 912 1043 935 rerum
1059 903 1170 945 initia,
1185 915 1240 938 aut
1257 905 1442 953 corpulcula
1454 908 1537 941 inter

140 946 172 982 se
185 961 252 984 non
263 946 415 984 differant
436 963 444 985 ε
467 947 588 984 merito
602 949 798 995 enimqureri
810 948 919 997 potest
929 962 970 984 an
986 948 1083 984 solida
1097 949 1156 985 sint
1167 956 1279 988 omnia
1292 982 1303 997 ‚
1323 961 1356 992 ἃ»
1372 955 1447 989 dura
1463 972 1471 998 3
1487 968 1538 990 ca-

142 996 206 1031 lida
218 1026 228 1040 ‚
239 1009 278 1032 an
297 996 413 1046 frigida
427 1015 436 1042 3
451 996 527 1032 ficca
540 1025 550 1039 ‚
567 1010 607 1032 an
623 997 755 1032 humida
777 1012 784 1033 :
806 1010 866 1033 nec
882 999 982 1033 video
996 999 1073 1046 quid
1086 998 1192 1035 obstet
1205 1006 1380 1049 quominus
1395 1002 1536 1040 substan-

141 1048 203 1081 tias
213 1044 357 1081 extensas
368 1061 434 1083 non
445 1045 547 1083 modo
560 1047 785 1096 magnitudine
798 1075 807 1091 ,
830 1059 885 1082 aut
897 1046 998 1097 figura
1010 1077 1020 1092 ‚
1036 1047 1089 1084 sed
1105 1048 1209 1096 specie
1219 1080 1229 1095 ,
1250 1057 1284 1088 &
1303 1054 1416 1088 natura
1429 1054 1536 1088 diver-

140 1092 186 1129 sas
207 1094 426 1144 agnoscamus.

178 1144 331 1189 confirm.
348 1145 450 1192 Qod
461 1143 482 1180 fi
494 1157 608 1180 natura
620 1148 765 1193 corporis
777 1150 810 1181 in
820 1145 1008 1182 extensione
1021 1145 1099 1182 esset
1115 1147 1213 1196 posita
1228 1177 1237 1191 ,
1253 1162 1289 1185 ut
1301 1149 1460 1186 Cartefius
1474 1181 1482 1194 ‚
1502 1157 1537 1189 δε

164 1192 288 1240 lerique
309 1196 507 1229 recentiores
532 1195 735 1229 contendunt
748 1225 757 1238 ,
783 1208 914 1230 omnem
930 1194 1136 1231 substantiam
1155 1210 1344 1246 corpoream
1364 1202 1456 1234 unius
1477 1202 1536 1236 effe

139 1206 261 1291 ¹speciei
271 1241 366 1277 fateri
379 1256 570 1292 cogeremur
582 1258 589 1279 :
602 1243 654 1278 sed
671 1244 702 1277 id
714 1243 829 1279 falsum
843 1242 907 1278 ess’e'
923 1244 1037 1291 postea
1054 1244 1275 1282 ostendemus.
1301 1251 1386 1297 Ergo
1397 1249 1478 1284 nihil
1491 1251 1535 1284 est

142 1302 196 1326 cur
210 1302 249 1326 ex
262 1303 329 1326 uno
349 1291 441 1327 velut
450 1294 612 1340 principio
630 1304 736 1326 rerum
750 1296 897 1328 omnium
909 1292 1108 1328 differentias
1133 1306 1316 1342 repetamus
1338 1310 1345 1331 :
1373 1309 1410 1331 ac
1425 1298 1533 1334 faten.

142 1341 222 1375 dum
234 1340 276 1374 est
289 1341 386 1375 aliam
399 1340 458 1376 effe
474 1353 567 1376 terrae
583 1353 732 1376 atomum
744 1371 752 1384 ,
770 1342 866 1376 a'iam
878 1343 960 1390 ignis
971 1371 982 1386 ‚
1000 1341 1053 1376 vel
1078 1345 1155 1376 a'e'ris
1171 1361 1179 1387 ·‚
1204 1357 1302 1390 atque
1316 1348 1350 1380 iu
1362 1358 1465 1381 rerum
1479 1361 1535 1392 ge-

143 1390 315 1425 neratione
327 1402 434 1439 patres
451 1389 596 1438 ejusdem
610 1392 740 1439 generis
760 1391 870 1440 col3igi
883 1420 892 1434 ,
921 1393 953 1426 in
971 1395 1182 1439 corruptione
1201 1392 1342 1442 diffipari
1370 1409 1378 1430 :
1398 1389 1535 1432 adeo⁸ut

142 1437 308 1473 elementa
321 1437 386 1488 ipsa
395 1452 452 1487 per
465 1439 638 1486 qualitates
653 1437 829 1474 essentiales
844 1469 854 1483 ,
879 1452 1073 1487 quocunque
1085 1444 1220 1476 nomine
1236 1444 1459 1492 appellentur,
1480 1459 1535 1481 aut

141 1485 255 1522 formae
267 1516 276 1531 ,
291 1500 348 1523 aut
365 1490 456 1523 modi
484 1487 702 1525 substantiales
716 1490 800 1524 inter
816 1489 845 1524 se
858 1489 1051 1537 discrepent.

140 1551 151 1568 ι
180 1537 244 1571 Sed
255 1565 271 1578 ‚,
283 1538 407 1584 inquies
422 1567 431 1581 ‚
454 1550 534 1587 ergo
547 1537 747 1587 panspermia
761 1540 960 1586 Anaxagorae
976 1541 1039 1573 erit
1054 1539 1259 1575 admittenda
1280 1555 1288 1576 τ
1313 1544 1356 1576 ira
1373 1554 1409 1578 ur
1423 1545 1454 1578 in
1467 1544 1534 1580 ele-

125 1588 262 1621 -rnenris
283 1584 341 1620 sint
363 1589 484 1630 carnis,
504 1590 596 1622 nervi
615 1615 624 1630 ‚
644 1585 718 1622 offis
739 1587 828 1621 velut
845 1585 984 1630 semina,
1001 1600 1073 1635 qua:
1092 1591 1125 1623 in
1138 1593 1354 1637 generatione
1372 1592 1533 1643 colligun-

142 1643 193 1668 tur
203 1663 212 1675 ,
223 1636 257 1668 in
269 1638 480 1680 corruptione
494 1634 710 1670 secernuntur.

144 1711 150 1714 .
178 1683 269 1730 Resp.
283 1695 342 1716 nos
360 1694 467 1730 neque
477 1683 710 1731 panspermiam
729 1684 927 1728 Anaxagorae
940 1713 949 1727 ,
971 1696 1078 1732 neque
1088 1684 1394 1735 homogene'i'ratem
1415 1690 1533 1737 Epicu-

139 1733 188 1774 ri,
201 1741 255 1765 aut
267 1730 401 1766 Cartefii
424 1732 616 1777 admittere:
633 1744 740 1778 neque
757 1732 929 1767 verisimile
941 1734 984 1767 est
997 1737 1099 1769 carnis
1111 1764 1120 1778 ‚
1139 1735 1250 1770 offium
1261 1765 1269 1779 ,
1281 1736 1421 1784 pilorum
1434 1741 1532 1774 mini-

141 1791 210 1815 mas
224 1779 395 1827 particulas
411 1783 443 1815 in
459 1779 530 1829 ipfis
551 1781 711 1817 alimentis
725 1780 933 1817 delitescere:
952 1781 991 1816 sic
1006 1785 1095 1818 enirn
1111 1795 1161 1818 tot
1183 1784 1285 1819 effent
1299 1785 1462 1822 elementa
1479 1800 1534 1823 aut

141 1830 299 1878 principia
315 1856 325 1871 ,
342 1841 422 1876 quot
433 1842 538 1865 rerum
549 1830 668 1878 species
678 1843 901 1866 numerantur.
916 1831 1069 1879 Cumque
1085 1833 1199 1868 eadem
1214 1834 1326 1882 planta
1344 1847 1374 1870 v.
1384 1848 1413 1883 g.
1430 1849 1469 1871 ex
1483 1837 1532 1870 di-

141 1875 236 1913 versis
247 1877 439 1925 corporibus
451 1880 624 1927 putredine
635 1879 832 1928 consumptis
843 1882 1001 1915 nutriatur
1014 1895 1021 1916 :
1044 1894 1110 1916 non
1124 1885 1237 1930 utique
1256 1888 1400 1929 corporis
1422 1897 1531 1933 putre-

141 1927 222 1963 facti
239 1929 376 1961 minima
387 1927 571 1976 corpuscula
584 1929 751 1976 pristinam
773 1941 919 1963 naturam
935 1931 1177 1966 tuentur:adeo
1193 1943 1229 1966 ut
1242 1932 1323 1967 nihil
1336 1935 1369 1968 in
1390 1936 1427 1968 iis
1448 1947 1531 1983 prae-

142 1987 192 2010 ter
201 1975 366 2019 ordinem,
382 1988 438 2012 aut
455 1975 546 2013 fitum
558 2005 568 2020 ‚
584 1989 640 2012 aut
654 1977 789 2026 figuram
801 1980 946 2013 varietur.
972 1979 1036 2013 Sed
1050 1981 1232 2015 cavendum
1250 1983 1350 2017 etiarn
1371 1983 1414 2017 est
1434 1996 1474 2019 ne
1495 1985 1529 2020 iu

142 2023 304 2059 diversum
317 2037 486 2071 peccemus
497 2055 507 2070 ‚
518 2027 661 2074 dumque
674 2029 870 2075 Anaxagorae
884 2026 1119 2076 panspermiam
1135 2029 1274 2078 fugimus
1284 2060 1294 2073 ,
1309 2033 1411 2079 prima
1423 2046 1528 2068 rerum

143 2073 300 2120 ptincipia
309 2072 515 2122 homogenea
528 2104 537 2119 ,
552 2081 585 2112 &
598 2075 739 2123 ejusdem
755 2075 878 2124 prorsus
893 2088 1014 2111 naturae
1027 2078 1203 2113 statuamus.
1218 2081 1366 2116 Mediam
1377 2084 1461 2117 inter
1472 2095 1529 2117 ex-

145 2132 264 2155 tremas
277 2122 447 2168 opiniones
459 2123 638 2168 sequimur,
654 2137 761 2173 neque
770 2138 871 2162 unum
882 2154 892 2170 ‚
907 2124 959 2160 sed
975 2126 1144 2177 multiplex
1170 2128 1370 2165 elementum
1384 2130 1529 2180 agnosci-

144 2177 236 2212 mus,
255 2181 291 2204 ut
308 2170 420 2218 postea
439 2171 535 2208 fusius
550 2173 766 2212 ostendemus.

192 2217 326 2259 Instant.
347 2223 390 2254 Ex
401 2232 466 2254 uno
487 2227 520 2258 &
536 2224 663 2270 penitus
674 2223 884 2270 homogeneo
905 2227 1069 2263 elemento
1088 2228 1197 2262 omnia
1212 2226 1281 2261 fieri
1298 2227 1374 2262 hinc
1387 2228 1509 2263 constat
1521 2257 1531 2271 ,

145 2267 237 2314 quod
252 2269 338 2302 vatia
352 2268 533 2314 plantarum
553 2282 670 2319 genera
695 2285 734 2307 ex
751 2268 815 2309 sola
835 2289 920 2323 aqua
940 2280 972 2312 in
993 2274 1069 2311 vasis
1093 2278 1204 2310 vitreis
1223 2276 1367 2310 conclusa
1387 2278 1528 2312 concres-

145 2327 219 2353 cere
232 2345 242 2359 ,
261 2321 294 2352 &
309 2318 430 2352 radices
451 2321 481 2354 in
501 2332 618 2368 aquam
633 2321 798 2368 proferre,
825 2326 969 2372 pondere
991 2327 1098 2372 augeri
1118 2326 1304 2359 videamus:
1320 2327 1387 2359 imo
1400 2330 1432 2361 &
1449 2326 1527 2360 cali-

146 2365 251 2402 diores
265 2364 372 2400 hexbae
391 2379 430 2401 ex
443 2365 508 2402 sola
531 2382 614 2416 aqua
638 2370 797 2417 prodeunt
810 2402 819 2415 ,
837 2380 871 2409 &
894 2373 1092 2410 adolescunt.
1119 2374 1206 2407 Idem
1220 2372 1361 2421 probant
1374 2373 1526 2411 arborum

144 2411 307 2459 insitiones
321 2414 446 2452 :succus
456 2420 543 2455 enirn
555 2421 691 2458 omnino
700 2432 820 2469 aqueus
830 2450 842 2466 ,
858 2428 891 2460 &
906 2422 1037 2471 simplex
1056 2433 1114 2471 per
1133 2421 1290 2458 surculum
1306 2422 1431 2459 insitum
1443 2452 1454 2467 ‚
1470 2436 1526 2460 aut

1266 2475 1291 2509 E
1317 2474 1336 2508 ii
