1878 2724
524 112 591 148 DE
623 112 970 148 FOSSILIBUS·
1365 127 1426 159 40¹

22 178 23 200 ς
40 162 225 202 intuuntur,
242 158 296 194 nifi
312 158 397 196 forte
407 172 477 195 cum
490 158 531 195 sal
544 163 621 196 nitri
635 161 742 195 acidus
757 171 813 206 per
830 159 1076 194 distillationem
1097 159 1260 198 exaltatur.

83 210 167 244 Cum
184 219 294 243 tamen
303 207 445 256 salpetrae
461 208 620 245 facileaut
630 211 662 244 in
685 208 829 256 spiritum
860 209 986 243 acidum
998 235 1009 250 ,
1029 219 1084 242 aut
1097 209 1129 242 in
1141 208 1315 244 lixivialem
1327 207 1424 244 salem

40 257 151 299 abeat,
173 268 223 291 v=x
247 259 279 289 in
309 260 454 292 animum
471 259 589 292 induco
606 270 644 292 ex
661 259 755 291 acido
773 264 804 294 &
816 257 954 300 nitroso,
970 256 1020 290 scu
1035 254 1168 291 lixiviali
1187 257 1249 292 sale
1267 270 1342 292 eum
1363 258 1424 293 effe

0 322 6 338 ι
20 317 21 331 l
39 304 267 353 compositumt
289 303 339 339 sed
351 319 422 341 eum
435 308 540 354 potius
551 318 607 341 aut
628 306 808 341 lixivialem
821 318 896 349 ,aut
909 303 1072 340 acetosum
1092 304 1159 340 fieri
1173 319 1213 341 ex
1229 308 1323 341 certis
1341 305 1422 341 affe-

0 365 6 394 ¹.

43 353 202 390 &ionibus
225 353 420 388 mechanicis
438 384 448 398 ,
464 356 514 389 seu
530 368 568 389 ex
584 354 707 389 diversa
734 356 870 402 partium
895 354 1148 400 configuratione
1165 358 1264 404 magis
1281 356 1426 390 credide-

18 416 19 456 l
42 406 118 438 rim,
132 403 217 448 Cum
230 404 316 437 enirn
327 415 362 437 ut
379 403 444 438 fuse
461 404 602 451 explicat
627 407 668 439 D.
687 403 786 450 Boyle
797 404 831 438 in
846 404 1025 450 appendice
1042 415 1143 458 nuper
1156 403 1287 439 laudata
1301 433 1311 448 ‚
1327 403 1427 452 salpe-

43 463 98 487 trae
113 453 146 485 iu
160 463 312 486 acervum
330 453 491 501 pyramidi
507 464 561 486 aut
575 465 660 486 cono
682 451 817 486 similem
836 451 1002 499 congestus
1013 456 1047 486 &
1058 463 1122 484 aeri
1138 452 1294 500 expofitus
1312 465 1427 487 accen-

42 499 62 535 fi
74 498 221 534 carbonis
245 512 308 548 ope
320 501 476 548 paulatim
489 501 770 543 incenditursscex
786 508 820 536 16
828 503 931 534 unciis
947 500 1059 533 decem
1072 499 1141 535 salis
1162 500 1216 535 fixi
1230 507 1264 538 δε
1280 501 1428 535 lixivialis

42 549 101 585 hac
115 559 182 582 arte
199 548 370 583 eliciuntur
384 567 393 593 3
405 561 526 584 textura
540 550 765 584 tantummodo
781 550 920 597 patrium
942 550 1126 584 immutatur
1138 578 1148 592 ,
1164 551 1241 585 dum
1257 563 1297 585 ex
1308 549 1429 598 salepe-

15 613 17 633 z
44 609 98 632 trae
116 595 153 631 fit
165 599 291 631 nitrumv
302 596 399 631 fixum
413 597 467 631 sali
488 600 595 632 tartari
609 597 781 633 consimile.

78 645 180 692 Qod
194 656 311 679 autem*
326 658 364 680 ex
382 645 493 692 spiritu
516 648 590 680 nitri
604 659 678 681 cum
693 646 754 681 sale
784 644 918 681 lixiviali
933 674 942 689 ‚
965 648 1151 693 quicunque
1164 648 1187 680 is
1201 645 1236 681 sit
1250 675 1259 690 ,
1285 646 1427 695 salpetrae

35 704 190 742 ‘emergat
200 711 208 738 3
219 694 250 727 id
261 696 370 741 utique
385 708 451 729 non
465 695 663 730 demonstrat
674 697 794 730 nitrum
806 694 858 729 seu
868 694 964 729 salem
974 706 1073 742 petrae
1081 707 1119 729 ex
1132 707 1270 743 utroque
1281 696 1341 730 sale
1358 697 1430 731 lixi-

46 743 123 778 viali
142 748 174 778 &
189 742 318 777 acetoso
331 743 479 778 constare
489 773 498 787 ,
508 755 564 778 aut
578 745 610 779 in
623 755 705 778 terra
715 756 752 777 ea
764 745 890 778 ratione
907 747 1085 792 procreari:
1104 743 1178 778 cum
1192 745 1256 779 leni
1270 745 1377 780 calore
1398 751 1432 782 δέ

47 793 237 826 continuato
252 803 290 826 ex
305 793 341 825 iis
353 792 430 840 saepe
445 795 587 841 cor-posit
597 805 631 827 us
647 805 719 839 quae
734 791 861 827 urinoso
873 798 906 829 δε
918 791 1064 836 volatili,
1076 805 1142 828 non
1154 794 1247 828 ac1d0
1258 793 1318 828 sale
1328 794 1433 830 abun-

11 849 13 886 ξ
50 841 144 883 dant,
159 851 193 874 ut
206 852 247 874 ex
267 839 344 874 fimo
365 840 554 876 columbino
574 843 744 890 gignatur·,
761 842 843 875 adeo
867 853 903 876 ut
918 843 1052 876 minime
1069 840 1190 876 necesse
1217 842 1253 876 fit
1269 854 1302 877 ut
1321 855 1435 878 natura

49 889 248 938 procreando
264 888 417 937 salipetrae
437 888 533 924 fixum
546 895 576 926 &
589 891 715 924 acidum
728 889 824 924 salem
844 889 1008 925 adhibeat.
1033 892 1179 925 Maxime
1197 903 1270 925 cum
1292 891 1434 940 salpetrae

50 950 132 986 pene
147 949 231 972 totus
250 939 281 972 in
295 939 419 973 acidum
433 938 574 987 spiritum
588 941 735 973 converti
749 936 856 987 poffit.
876 942 914 974 Et
929 938 1056 973 aliunde
1071 968 1081 981 ,
1098 950 1132 974 ut
1149 940 1286 975 diximus
1303 969 1314 984 ‚
1342 953 1380 976 ex
1403 943 1436 976 16

51 988 150 1021 unciis
165 986 234 1021 salis.
255 998 351 1034 petrae
365 990 467 1022 unciae
483 988 597 1023 decem
607 988 773 1022 eliciantur
793 986 860 1022 salis
874 987 929 1035 fixi
940 993 972 1023 &
987 988 1150 1024 hxivialis.

89 1037 210 1070 Mirum
234 1036 276 1069 cst
298 1048 449 1082 quantam
472 1040 686 1071 mutationem
703 1035 834 1070 subeant
854 1035 929 1070 sales
955 1048 1008 1070 aut
1023 1049 1060 1070 cx
1083 1048 1194 1071 mutua
1211 1038 1441 1084 permistione,

51 1096 107 1118 aut
119 1085 292 1120 attritione.
317 1083 368 1118 Sal
383 1097 562 1119 communis
578 1087 609 1120 in
626 1084 733 1132 spiritu
747 1086 824 1120 nitri
842 1084 998 1119 exsolutus
1010 1114 1018 1127 ‚
1033 1085 1100 1132 post
1120 1085 1361 1120 distillationem
1376 1087 1439 1134 spi-

54 1133 184 1175 xicfis,in
199 1131 302 1166 fundo
314 1131 390 1166 vasis
408 1145 552 1168 remanet
562 1163 571 1177 ,
587 1145 640 1168 aut
650 1145 736 1168 certe
757 1133 884 1168 videtur
897 1145 1062 1169 remanere
1074 1161 1084 1176 ,
1099 1135 1132 1168 in
1145 1133 1240 1168 salem
1254 1145 1350 1182 petrae
1360 1147 1437 1169 con-

53 1179 171 1216 versus.
189 1180 306 1215 Refert
319 1185 360 1217 D.
370 1184 465 1228 Boyle
475 1182 548 1216 loco
564 1194 664 1217 citato
680 1181 724 1216 fel
748 1184 846 1225 vitri,
866 1181 919 1216 seu
938 1181 1033 1216 salem
1050 1210 1060 1225 ‚
1079 1184 1135 1229 qui
1153 1195 1192 1216 ex
1204 1185 1338 1217 materia
1364 1186 1439 1218 vitri

53 1228 119 1265 fusa
136 1228 294 1264 cochleari
313 1230 419 1264 ferreo
443 1230 618 1264 extrahitur
640 1259 648 1273 ‚
676 1231 846 1278 postquam
865 1233 896 1265 in
908 1243 992 1277 aqua
1015 1243 1091 1278 pura
1107 1230 1263 1265 exsolutus
1274 1261 1282 1274 ,
1294 1237 1326 1268 &
1338 1231 1439 1266 filtra-

57 1289 105 1313 tus
127 1290 216 1321 ,tum
236 1278 369 1313 humore
384 1277 542 1326 superfluo
554 1280 732 1314 identidem
746 1278 896 1314 exhalato
916 1308 925 1321 ‚
949 1281 982 1313 in
1000 1279 1167 1327 frigidiore
1193 1279 1266 1314 loco
1285 1280 1437 1329 repositus

56 1327 132 1370 fuit,
143 1329 281 1375 primum
296 1327 460 1374 crystallos
473 1340 564 1376 puras
576 1333 607 1365 &
626 1328 800 1376 pellucidas
812 1358 820 1371 ‚
845 1340 912 1363 tum
926 1340 1022 1376 granu
1035 1327 1193 1377 perpolita
1208 1328 1274 1362 salis
1292 1342 1439 1364 commu-

57 1378 104 1413 nis
115 1374 291 1423 praebuiffe.
319 1377 398 1422 Qo
413 1388 520 1412 autem
531 1379 635 1411 minor
650 1375 816 1412 dubitandi
833 1377 919 1412 locus
929 1388 1093 1411 remaneat
1104 1407 1112 1420 ,
1123 1376 1198 1412 sales
1212 1390 1252 1412 ex
1268 1381 1353 1412 varia
1368 1391 1441 1426 par-

59 1427 136 1461 tium
151 1423 402 1473 configuratione
419 1427 548 1472 prodire
560 1454 568 1468 ,
589 1430 623 1462 δε
646 1436 768 1460 mutata
785 1425 840 1460 illa
865 1428 1003 1473 partium
1021 1436 1145 1461 textura
1157 1454 1165 1468 ‚
1176 1425 1255 1472 saepe
1264 1429 1363 1461 etiam
1378 1457 1386 1469 ‚
1405 1439 1440 1462 ut

58 1473 121 1508 alia
137 1475 292 1522 principia
303 1474 450 1522 chymica
460 1474 580 1508 destrui
600 1502 608 1515 ,
627 1474 689 1508 hoc
712 1486 810 1508 unum
823 1487 864 1510 ex
879 1473 985 1508 clariis.
1004 1476 1085 1509 Viro
1096 1474 1229 1509 afferam
1244 1475 1439 1522 exemplum.

60 1521 167 1558 salem
192 1524 300 1557 tartari
333 1535 447 1570 purum
479 1524 509 1557 in
546 1521 711 1556 crucibulo
726 1522 862 1570 positum
894 1523 933 1556 ad
963 1525 1072 1567 ignem
1086 1523 1365 1558 vehementiorem
1386 1525 1447 1559 diu·

59 1571 229 1606 admovit:
245 1581 311 1605 turn
329 1584 410 1617 aqua
423 1571 536 1619 frigida
554 1570 688 1605 exsolvit
700 1598 708 1612 ,
726 1583 781 1618 per
792 1571 934 1605 chartam
946 1570 1093 1606 bibulam
1105 1573 1228 1618 trajecit
1239 1574 1280 1613 ,in
1297 1585 1362 1619 qua
1372 1585 1440 1607 non

61 1632 174 1668 parum
190 1630 323 1653 terrenae
336 1619 516 1654 substantiae
530 1617 616 1654 haefit
627 1648 635 1661 ,
661 1619 853 1654 solutionem
871 1632 959 1665 aquae
971 1619 1174 1654 exhalatione
1187 1622 1220 1654 in
1235 1619 1331 1656 salem
1347 1620 1442 1655 exsic-

62 1669 170 1702 catum
185 1674 291 1716 coegit
307 1670 444 1712 3iterum
458 1679 493 1702 ut
508 1670 593 1715 prius
608 1667 772 1702 crucibulo
785 1667 931 1716 imposuit
944 1696 953 1710 ,
968 1673 1000 1704 &
1012 1670 1078 1716 igni
1088 1669 1267 1702 ardentiori
1283 1670 1442 1713 admovit,

64 1714 204 1750 dissolvit
215 1719 342 1763 utprius
363 1719 507 1763 inaqm3
524 1720 647 1763 trajecit
661 1728 717 1765 per
739 1716 902 1757 chartarm
917 1727 998 1750 terra
1015 1719 1130 1751 iterum
1152 1719 1183 1751 in
1197 1718 1305 1752 charta
1319 1746 1328 1761 ‚
1339 1717 1391 1752 seu
1411 1721 1444 1753 in

65 1764 151 1801 filtro
165 1764 325 1813 superstite
339 1780 345 1801 :
361 1766 422 1799 hoc
438 1768 549 1812 utique
561 1765 664 1813 saepius
678 1767 850 1813 repetitum
863 1766 923 1800 fuit
940 1794 950 1807 ‚
963 1766 1045 1799 adeo
1059 1777 1093 1799 ut
1104 1778 1230 1801 terrena
1248 1769 1382 1800 materia
1405 1779 1445 1802 ex

57 1827 106 1848 ,eo
120 1813 179 1848 sale
200 1814 323 1862 semper
341 1826 531 1850 remaneret.
555 1815 656 1862 Qod
673 1826 780 1849 autem
801 1814 958 1861 reliquum
974 1814 1036 1848 fuit
1051 1813 1117 1848 salis
1140 1817 1249 1848 tartari
1275 1817 1327 1848 vix
1344 1815 1450 1850 ullam

67 1861 164 1898 subiit
176 1865 405 1899 mutationem.
437 1863 536 1908 Q¹0d
551 1866 661 1910 utique
675 1875 758 1910 pene
773 1862 939 1911 persuadet
953 1860 1107 1911 principia
1119 1863 1264 1911 chymica
1280 1876 1342 1898 non
1363 1865 1447 1898 adeo

69 1910 130 1946 effe
148 1910 208 1946 fixa
219 1923 254 1945 ut
265 1915 378 1946 mutari
390 1925 455 1946 non
473 1910 605 1959 possint,
622 1924 676 1946 aut
688 1914 719 1946 in
744 1911 805 1945 alia
826 1913 992 1954 converti,
1003 1911 1023 1946 si
1039 1912 1168 1958 quando
1186 1914 1324 1959 partium
1338 1923 1446 1947 textu-

70 1973 104 1994 ra
118 1965 150 1994 &
173 1958 383 2007 configuratio
401 1971 552 1996 mutetur.
576 1961 637 1994 Sed
649 1961 688 1994 de
704 1960 750 1994 his
765 1962 797 1995 in
807 1959 936 2008 Physica
951 1959 1093 2009 generali
1107 1961 1251 2004 dixi-mus,
1269 1966 1301 1997 &
1313 1973 1385 1996 curn
1398 1960 1447 1996 se-

71 2009 100 2044 se
111 2008 228 2043 offeret
238 2007 358 2043 occasio
369 2038 377 2052 ,
392 2008 492 2043 multa
509 2021 640 2056 quoque
659 2009 776 2043 dicturi
800 2008 911 2043 sumus.

120 2059 238 2104 Neque
250 2056 281 2090 id
296 2068 403 2091 tamen
414 2060 599 2104 negaverim
610 2056 686 2090 sales
698 2057 773 2104 scepe
785 2059 818 2091 in
831 2059 939 2092 mixtis
952 2057 1137 2106 corporibus
1149 2056 1188 2092 fic
1204 2057 1299 2093 inesse
1317 2087 1326 2102 ,
1345 2070 1380 2093 ut
1401 2058 1448 2093 [Ξε-

73 2118 114 2153 pe
144 2117 196 2139 aut
212 2105 320 2152 sapore
346 2134 355 2148 ‚
374 2117 427 2139 aut
445 2107 539 2139 certis
557 2103 726 2140 effectibus
750 2119 815 2140 non
836 2106 865 2139 se
881 2106 1027 2153 prodant.
1058 2107 1155 2143 Unde
1174 2119 1211 2141 ex
1230 2108 1374 2142 mistione
1402 2106 1450 2140 sa-

74 2155 152 2190 lium
163 2183 171 2197 ‚
196 2167 267 2201 quae
288 2152 323 2188 fir
350 2167 463 2188 eorum
490 2165 600 2187 natura
611 2153 681 2188 satis
692 2166 766 2202 apte
780 2154 972 2202 colligimus,
999 2156 1108 2202 Qate
1129 2167 1163 2190 ut
1189 2155 1337 2202 exempla
1362 2154 1382 2189 22
1398 2156 1448 2189 D.

77 2205 187 2236 Grevv
199 2203 294 2237 allata
309 2201 452 2251 usurpem
470 2231 479 2245 ‚
496 2200 618 2248 spiritus
634 2214 731 2236 cornu
759 2204 866 2245 cervi,
884 2205 939 2249 qui
956 2208 989 2239 δε
1010 2203 1150 2239 volatilis
1174 2209 1205 2239 δι
1221 2203 1369 2237 sulfureus
1391 2202 1448 2246 est,

76 2263 147 2286 cum
162 2252 256 2285 viridi
267 2251 400 2285 vittiolo
414 2253 464 2284 vix
481 2250 578 2286 ullam
591 2249 864 2286 effirvescentiam
875 2263 961 2286 creat
972 2270 981 2293 ·‚
992 2265 1064 2287 cum
1076 2251 1151 2285 albo
1161 2265 1225 2285 non
1245 2251 1451 2285 mediocriter

76 2300 255 2334 intumescit
267 2318 275 2344 -,
289 2300 339 2333 sed
350 2313 422 2335 curn
438 2303 592 2334 Romano
605 2298 738 2333 vittiolo
750 2301 913 2346 permistus
925 2300 1136 2335 vehementer
1144 2298 1329 2334 effervescit.
1344 2301 1451 2345 Atque

58 2346 60 2349 ’
80 2347 239 2430 hincne?
246 2348 397 2396 colligere
410 2352 550 2398 primum
565 2348 618 2386 vel
628 2349 798 2385 minimum
808 2347 928 2386 habere
938 2349 1094 2385 aciditatis
1108 2361 1117 2384 ;
1129 2359 1205 2385 narn
1221 2347 1307 2382 aliud
1321 2347 1367 2382 est
1377 2348 1451 2395 stipi.

229 2410 285 2433 om.
325 2400 344 2432 l
357 2399 386 2433 Ι.
1232 2399 1255 2437 E
1266 2408 1282 2431 e
1294 2408 1312 2431 e
1425 2401 1428 2404 ’
