1878 2724
375 141 419 183 158
719 134 1020 172 PHYSICAE
1059 135 1410 174 GENERALI'S

376 189 501 236 impetu
512 183 649 220 difflatur
663 214 672 228 ‚
685 184 790 220 nullus
802 196 913 219 tamen
924 183 976 218 hic
997 183 1085 219 locus
1098 184 1146 220 est
1167 188 1201 220 vi
1215 185 1359 223 elasticae.

408 239 463 272 Ne
485 235 563 270 illud
580 234 714 281 quidem
728 233 791 267 dici
805 233 1127 282 potestsprincipium
1142 236 1193 269 vis
1207 234 1343 271 elasticae
1360 234 1498 270 omnino
1522 231 1584 269 effe
1602 234 1758 272 intrinse-

374 299 449 320 cum
461 314 469 327 ,
484 290 517 322 δε
532 283 551 319 ὲ
563 283 668 317 forma
683 281 881 317 substantiali
893 280 1051 331 proficisci
1072 295 1080 317 :
1098 294 1171 318 cum
1191 285 1280 318 enim
1292 284 1385 319 causa
1404 285 1575 332 inquiritur
1589 294 1646 318 cur
1665 295 1759 321 tanta

373 334 408 370 lit
421 345 507 382 v.gr.
517 335 550 367 in
570 330 710 381 chalybe
728 333 776 367 vis
796 330 925 366 elastica
936 360 946 374 ,
959 345 1026 367 non
1035 333 1117 367 item
1126 334 1159 367 in
1167 330 1324 381 plumb03
1340 345 1394 368 cur
1416 330 1654 380 clavecymbali
1666 347 1699 369 v.
1713 345 1758 369 nn

372 382 521 426 claveffin
537 381 658 417 chorda
677 381 795 416 leviter
807 379 948 430 perculsa
970 393 1022 416 tot
1037 381 1113 416 edat
1130 381 1334 417 vibrationes
1347 410 1357 425 ‚
1377 387 1412 419 &
1429 382 1493 418 alia
1519 381 1609 432 hujus
1627 385 1755 431 generis

371 432 526 479 plurima,
545 444 610 467 non
626 430 792 479 explemus
812 433 956 466 animum
969 428 1089 466 sciendi
1114 430 1249 467 avidum
1263 459 1274 474 ,
1291 443 1365 466 cum
1386 431 1426 466 ad
1443 442 1591 467 naturam
1614 435 1660 468 rei
1685 444 1757 481 quae

371 483 438 515 vim
459 482 577 529 patitur
592 486 626 517 &
640 479 775 529 figuram
784 477 841 515 fibi
858 480 1143 516 accommodatam
1160 482 1272 529 exigit,
1285 491 1343 516 aut
1356 481 1396 516 ad
1412 479 1553 516 formam
1563 478 1758 518 substantia..

371 529 437 565 lem
455 529 674 579 confugimus.
692 531 852 566 Rationes
868 531 991 578 quippe
1012 529 1216 565 mechanicas
1229 534 1264 567 δε
1280 529 1448 566 ἰηῑεΙΙεόὶυ
1465 528 1575 565 faciles
1589 541 1680 565 mens
1691 544 1757 580 po-

370 579 482 622 stulat,
499 592 569 615 non
583 576 818 627 metaphyficas
829 607 839 622 ,
852 589 907 613 aut
916 577 1053 613 morales
1071 581 1201 627 potius:
1215 591 1356 627 cumque
1373 590 1524 615 naturam
1542 576 1690 626 cujusque
1707 582 1757 616 tei

371 629 403 662 id
417 629 633 677 exigere‚aut
655 627 718 663 sese
742 630 777 663 in
796 627 982 663 libertatem
1011 625 1161 673 asserere,
1181 639 1237 664 aut
1254 630 1322 664 vim
1339 627 1482 676 aliquam
1495 629 1572 677 »pati
1596 626 1732 664 dicimus
1745 658 1757 674 ,

369 690 577 713 communem
586 678 721 725 quidem
731 676 890 724 loquendi
897 677 1032 713 modum
1045 676 1207 726 sequimur
1219 707 1230 722 ,
1241 676 1294 712 sed
1307 677 1500 727 plerumque
1510 687 1590 725 quas
1604 678 1639 714 in
1658 676 1758 715 nobis

367 725 472 764 sensus
485 732 520 764 &
529 729 690 776 appetitus
703 728 869 765 motiones
882 728 1085 776 experimur,
1099 726 1195 766 rebus
1214 729 1366 765 inanimis
1382 725 1568 764 tribuimus-

904 827 1020 862 Prima
1043 826 1072 859 C
1073 824 1216 872 onclufio.

399 929 433 962 Si
451 926 487 962 sit
502 925 636 973 aliquod
650 935 763 973 corpus
777 923 925 972 perfecte
942 923 1077 960 fluidum
1092 952 1102 966 ,
1128 923 1159 957 id
1177 924 1212 958 vi
1230 923 1360 959 elastica
1376 937 1444 960 uon
1465 924 1626 971 donatur,
1641 937 1756 975 quam-

368 979 416 1011 vis
432 976 518 1013 forte
535 975 702 1009 elaterium
720 976 753 1008 in
767 972 838 1007 aliis
858 972 1048 1021 corporibus
1058 971 1194 1010 efficiat.

404 1026 531 1069 Corpus
554 1027 641 1060 enim
659 1027 693 1059 vi
709 1022 839 1058 elastica
856 1034 925 1058 non
946 1023 1107 1066 donatur,
1131 1020 1188 1058 nisi
1213 1026 1279 1068 eJus
1316 1033 1402 1057 artes
1425 1025 1599 1071 comprimi
1612 1023 1757 1074 poffint4·

367 1086 507 1122 quaeque
528 1074 665 1109 diductae
679 1072 818 1117 fuerant,
834 1071 1036 1108 adducantur
1050 1086 1058 1108 ε
1072 1072 1163 1120 quod
1176 1073 1210 1107 in
1224 1083 1281 1119 per
1300 1072 1372 1106 ecte
1390 1070 1506 1117 fluido,
1528 1077 1617 1120 cujus
1646 1085 1754 1123 partes

366 1122 437 1159 sunt
454 1121 687 1166 minutiffimae,
702 1135 772 1157 non
784 1121 889 1170 potest
905 1122 1063 1158 accidere.

400 1174 470 1220 lam
487 1171 508 1207 si
526 1173 633 1207 omnis
647 1182 732 1219 pene
751 1182 860 1206 motus
878 1169 921 1205 ab
935 1169 993 1205 illo
1010 1182 1147 1219 corpore
1158 1169 1229 1214 ‚seu
1241 1169 1382 1205 aetherea
1399 1169 1574 1207 substantia
1588 1171 1729 1221 profluat
1738 1201 1754 1217 .‚

363 1234 431 1258 non
442 1221 577 1257 dubium
586 1221 629 1255 est
640 1222 718 1268 quin
730 1222 799 1255 vim
810 1218 969 1255 elasticam
985 1222 1018 1254 in
1039 1220 1107 1254 aliis
1124 1218 1313 1268 corporibus
1334 1232 1495 1268 procreet.

404 1271 468 1305 Sed
485 1269 624 1304 dubitari
638 1266 759 1302 merito
772 1268 875 1315 potest
890 1280 930 1302 an
943 1268 1107 1303 -restitutio
1123 1280 1212 1303 arcus
1233 1267 1310 1303 tenfi
1333 1267 1376 1303 ab
1401 1269 1541 1305 aetherea
1554 1269 1726 1305 substantia
1742 1288 1756 1318 ‚-

365 1331 405 1354 an
416 1321 525 1367 potius
543 1317 584 1353 ab
599 1318 722 1367 ingenti
733 1315 853 1353 subtilis
870 1318 950 1351 aeris
967 1318 1114 1365 pondere
1123 1317 1442 1365 oriatur-Utrumque
1453 1321 1543 1355 enim
1557 1318 1628 1354 satis
1642 1317 1687 1353 est
1696 1329 1754 1355 ve.

365 1367 504 1403 rifimile.

880 1414 1030 1450 Secunda
1056 1416 1086 1448 C
1088 1415 1231 1462 onclufio.

399 1515 603 1554 Probabilius
617 1515 712 1552 nobis
731 1515 861 1551 videtur
872 1517 1016 1565 corporis
1034 1514 1158 1550 elastici
1168 1515 1409 1552 restitutionem
1428 1514 1552 1552 subtilis
1576 1518 1657 1551 aeris
1671 1527 1749 1563 pon-

366 1567 434 1601 deri
446 1577 615 1615 acceptam
623 1565 737 1600 referri
749 1576 923 1613 oportere:
943 1578 981 1600 ea
990 1566 1033 1601 est
1046 1564 1208 1602 sententia
1224 1567 1535 1614 D-Perrault‚quam
1550 1568 1585 1603 in
1595 1566 1752 1602 tentami-

364 1628 405 1651 ne
428 1628 531 1664 nuper
557 1615 646 1649 edito
670 1613 872 1650 disertissime
893 1613 1042 1663 explicat.

398 1668 442 1701 Ex
460 1665 575 1699 eadem
589 1666 711 1712 quippe
733 1663 823 1700 causa
839 1662 1008 1700 elaterium
1028 1670 1061 1702 δε
1082 1662 1216 1700 firmitas
1228 1665 1370 1713 corporis
1393 1669 1426 1702 δε
1445 1664 1577 1699 durities
1590 1664 1750 1700 oriuntur.

363 1716 507 1749 firmitas
526 1715 615 1749 enim
631 1726 698 1748 non
718 1713 805 1748 aliud
815 1713 861 1747 est
876 1725 974 1759 quarn
990 1725 1027 1747 ea
1037 1714 1084 1746 vis
1106 1725 1168 1760 qua
1179 1725 1292 1760 corpus
1304 1715 1445 1760 partium
1457 1712 1604 1749 divisioni
1621 1711 1748 1747 refistit:

364 1774 399 1797 ut
412 1766 444 1797 vi
464 1762 589 1797 elastica
601 1773 707 1809 partes
717 1761 964 1808 quodammodo
973 1760 1031 1796 ase
1052 1761 1180 1796 divulsae
1197 1761 1406 1808 colliguntur.
1416 1763 1492 1807 Jam
1504 1761 1619 1795 eadem
1630 1762 1661 1795 vi
1674 1771 1749 1808 par..

364 1822 410 1846 tes
423 1812 566 1859 corporis
584 1815 617 1846 &
629 1808 822 1857 separationi
840 1808 1015 1852 obstant,&
1032 1809 1181 1857 separatae
1193 1821 1248 1844 aur
1262 1810 1369 1857 potius
1383 1809 1521 1844 diduetae
1530 1809 1746 1844 restituuntur.

399 1862 519 1897 Eadem
527 1861 628 1907 igitur
639 1859 765 1894 viderur
778 1856 839 1893 effe
847 1857 939 1893 causa
951 1857 1114 1894 firmitatis
1128 1863 1160 1895 δι
1176 1860 1223 1892 vis
1241 1857 1560 1893 elasticaefirmitatis
1571 1869 1681 1892 autem
1693 1871 1748 1892 ex-

364 1912 463 1945 terior
486 1908 576 1944 causa
596 1910 756 1956 praecipua
776 1908 819 1943 est
834 1905 958 1943 subtilis
978 1909 1060 1943 aeris
1086 1913 1119 1944 «Sc
1146 1906 1364 1942 incumbentis
1379 1908 1530 1955 ponduS,
1547 1919 1583 1942 ut
1602 1906 1656 1942 suo
1674 1906 1747 1942 loco

363 1959 582 1993 ostendemus.
596 1958 709 2003 Qare
726 1959 869 2005 corporis
888 1957 1006 1992 elastici
1026 1956 1187 2005 particulae
1202 1959 1255 1992 vix
1275 1957 1295 1993 ὲ
1317 1956 1347 1991 se
1377 1956 1489 1991 divelli
1506 1954 1632 2005 polsunt
1646 1983 1656 1998 ‚
1669 1958 1749 2003 quin

363 2010 558 2056 circunje&ae
572 2006 695 2042 subtilis
708 2008 789 2041 aeris
803 2018 909 2055 partes
919 2005 993 2042 loco
1004 2005 1058 2042 suo
1072 2006 1300 2042 dimoveantur
1316 2035 1326 2050 ,
1343 2010 1377 2043 &
1392 2005 1553 2041 columnae
1575 2006 1655 2039 aeris
1700 2017 1749 2040 uae

362 2057 410 2092 his
432 2056 574 2105 partibus
586 2058 766 2092 innituntur
782 2084 791 2098 ,
805 2055 971 2104 paululum
979 2054 1181 2092 attollantur.
1201 2055 1301 2092 Unde
1313 2067 1387 2090 cum
1406 2056 1454 2089 vis
1479 2057 1620 2090 exterior
1634 2017 1749 2098 cescllat,

363 2119 432 2142 tum
442 2118 546 2155 partes
557 2107 699 2152 corporis
709 2103 827 2139 elastici
841 2104 977 2154 figuram
987 2117 1024 2140 ac
1043 2103 1135 2140 fitum
1144 2117 1280 2153 quaeque
1300 2104 1390 2140 suum
1410 2114 1626 2153 recuperant:
1645 2102 1747 2150 idque

361 2156 403 2191 ab
421 2157 545 2204 ingenti
563 2156 644 2190 aeris
663 2153 839 2190 subtilioris
864 2155 1009 2203 pondere
1022 2153 1180 2204 proficisci
1199 2155 1343 2190 videtur.

396 2207 477 2239 Fieri
496 2207 595 2240 etiam
610 2204 717 2252 potest
730 2215 764 2238 ut
787 2205 823 2239 in
837 2203 1003 2239 duriorum
1028 2216 1198 2252 corporum
1222 2203 1387 2239 collisione
1397 2202 1521 2238 subtilis
1531 2212 1584 2234 aer
1601 2198 1745 2247 expulsus

362 2253 496 2290 vicissim
518 2266 653 2301 corpora
674 2251 738 2300 ipsa
753 2252 927 2301 propellat.
950 2256 1065 2301 Itaque
1075 2266 1141 2289 non
1157 2253 1219 2289 alia
1235 2254 1281 2288 est
1302 2252 1387 2288 forte
1397 2263 1430 2286 ut
1445 2247 1667 2292 firmitatis,s1c
1679 2249 1745 2283 ela-

363 2306 436 2337 terii
451 2306 616 2350 potentior
633 2301 724 2337 causa
734 2314 833 2349 quam
846 2299 968 2337 subtilis
988 2305 1069 2338 aeris
1086 2303 1211 2350 preffio.
1242 2302 1330 2337 Hinc
1352 2300 1465 2335 spnora
1483 2309 1618 2346 corpora
1631 2298 1746 2332 eadem

363 2354 397 2384 vi
422 2352 544 2386 clastica
561 2353 739 2395 donantur,
757 2363 820 2398 qua
831 2363 935 2400 partes
953 2354 1141 2388 minutiores
1164 2353 1182 2390 a
1198 2351 1228 2388 se
1244 2352 1385 2387 invicem
1405 2347 1533 2385 divulsae
1555 2345 1679 2383 subtilis
1705 2347 1746 2381 il-

364 2401 422 2436 lius
444 2403 523 2435 aeris
541 2402 685 2450 pondere
698 2401 908 2436 restituuntur.
