1878 2724
470 90 878 130 ,tRACmATUff
895 118 898 120 -
917 88 1178 129 T‘Eik‘rws.
1434 92 1459 135 si
1481 113 1500 133 7

98 144 193 183 -fotti
201 142 270 195 post
282 142 366 181 illius
381 154 471 193 aquae
493 142 736 179 exhalationem
752 141 878 177 eduatae
891 142 964 186 ‚vel
977 142 1044 178 levi
1057 138 1165 176 calore
1176 141 1356 178 funduntur
1368 157 1376 180 ε
1387 113 1497 195 nquie

109 197 145 232 id
155 194 270 231 salibus
282 221 292 234 ‚
303 197 359 244 qui
371 206 445 230 eum
451 198 590 242 argento
601 193 771 231 uniuntur,
790 193 928 227 omnino
937 192 985 227 est
997 191 1203 227 referendum
1217 203 1316 228 :cum
1329 193 1495 244 chrystalli

107 245 211 280 stanni
225 255 263 278 ex
281 244 398 280 eadem
407 255 495 291 aqua
507 241 584 278 forti
605 242 754 277 extraclae
769 243 824 277 vix
840 240 935 277 fundi
949 239 1081 290 poffint.
1101 240 1203 288 Qod
1222 239 1295 275 sane
1311 254 1380 278 non
1403 244 1493 281 aliud

104 306 208 342 quam
221 304 346 329 textura
352 295 493 342 partium
502 320 512 336 ,
525 304 581 327 aut
599 289 700 340 figura
712 288 904 337 efficitilmo
913 291 1059 326 stannum
1072 289 1176 338 ipsum
1194 300 1261 325 tam
1283 291 1406 327 duct-ile
1415 322 1426 337 ‚
1435 294 1493 330 ubi

103 343 182 378 cum
197 342 267 378 aliis
278 342 421 378 metallis
430 340 635 392 permiscetur
644 369 654 385 ,
662 338 703 375 ea
715 342 843 389 penitus
854 338 1096 389 fragilia-efficit
1107 368 1118 383 ,
1129 343 1163 376 &
1173 339 1251 373 dura
1263 352 1271 374 :
1292 338 1345 375 sed
1362 347 1492 392 ‘argenti

101 394 198 441 virga
207 390 335 436 flexilis,
348 391 406 426 ubi
425 390 544 427 malleo
557 388 793 433 contusafiiit1,
807 398 877 435 tum
897 390 975 424 dura
995 387 1054 433 fit,
1070 393 1104 426 &
1129 388 1261 436 fragilis-
1297 391 1400 439 Qod
1415 391 1490 429 sane

102 452 172 477 non
185 441 271 476 ali-ud
285 440 410 489 praestat
421 452 518 490 quam
531 439 598 488 ipse
609 443 750 488 partium
763 447 934 473 contextus
949 467 961 482 ‚
971 441 1028 485 qui
1043 434 1232 473 contusione
1247 437 1312 473 fuit
1336 443 1491 477 immutai'.

102 500 166 526 tus.
182 492 233 525 Sic
248 489 375 538 plumbi
386 489 456 525 calx
467 491 500 525 in
511 490 629 524 vitrum
646 486 761 535 fragile
777 491 811 524 &
827 486 1025 535 diaphanum
1039 486 1105 523 sola
1114 484 1236 522 fufione
1245 485 1317 522 abit
1331 502 1338 524 :
1351 501 1425 526 cum
1442 502 1492 526 ta;

102 551 181 574 men
191 550 346 574 maneant
358 539 472 574 eadem
487 548 558 585 quae
565 539 652 585 prius
663 534 791 584 plumbi
805 534 969 571 elementa
978 547 1035 571 aut
1057 537 1234 585 principia:
1248 534 1301 571 sed
1319 537 1408 573 idem
1425 552 1492 577 non

92 617 93 620 ,
105 599 216 623 manet
227 589 366 635 partium
379 585 606 623 insensibilium
616 595 784 620 contextus
791 613 800 622 .
809 586 863 620 Sic
872 585 1016 633 denique
1025 584 1190 620 chalibem
1199 584 1312 620 durum
1320 614 1330 625 ,
1346 597 1400 622 aut
1409 589 1494 624 mol-

101 637 219 671 liorem
228 633 312 670 effici
322 641 389 683 J'am
403 637 542 675 diximus
552 663 561 678 ‚
573 646 608 669 ut
620 636 637 670 ὲ
647 633 782 670 fornace
795 634 930 670 edquS
947 633 1055 670 statim
1067 645 1266 682 temperatur
1277 662 1288 678 ,
1299 646 1358 670 aut
1378 637 1491 686 paula*

103 686 162 720 tim
172 683 281 720 finitur
294 683 512 734 refrigescere.
532 682 661 730 Infinita
675 683 809 718 inhanc
820 695 890 719 rem
908 682 1015 719 afferri
1037 683 1165 733 possunt
1186 682 1354 732 exempla,
1373 684 1491 733 quibus

100 733 238 769 omnino
262 733 495 770 demonstretur
513 732 686 781 qualitates
714 742 785 768 tum
805 732 990 768 manifestas
1003 762 1013 776 ‚
1029 744 1098 768 tum
1113 731 1256 769 occultas
1276 734 1334 773 vix
1359 734 1491 773 aliunde

99 794 200 831 quarn
211 794 252 819 ex
265 782 459 821 mechanicis
469 781 698 820 affectionibus
711 784 809 827 oriri,
825 794 881 818 aut
901 780 1039 832 intelligi
1048 781 1144 832 poffe.

593 879 782 918 Diluuntur
803 877 997 927 obsemones.

132 978 225 1028 0pp.
240 989 264 1016 ῐ.
278 990 347 1014 non
357 979 458 1027 magis
474 974 537 1013 else
550 977 708 1015 credibile
725 989 777 1015 tot
790 991 900 1016 rerum
914 979 1086 1027 qualitates
1105 991 1145 1016 ex
1161 983 1271 1030 paucis
1301 984 1467 1032 &jejunis
1478 1012 1488 1024 ,

98 1037 136 1064 ιιι
157 1029 201 1062 ita
216 1029 322 1065 dicam
337 1056 348 1072 ‚
360 1029 526 1076 principiis
541 1029 749 1072 mechanicis,
766 1029 996 1078 magnitudine
1010 1032 1163 1065 nimirum
1173 1059 1183 1074 ‚
1193 1028 1398 1068 fitu&motu
1415 1045 1490 1081 pro-

87 1074 200 1111 ⁴fluere
208 1105 218 1120 ,
230 1089 330 1125 quarn
345 1089 384 1111 ex
395 1078 502 1125 paucis
511 1075 702 1120 elementis,
713 1089 767 1112 aut
778 1078 1013 1126 Chymicorurn
1026 1081 1191 1127 principiis
1203 1107 1213 1123 ,
1228 1091 1302 1127 quae
1314 1083 1401 1118 varie
1411 1092 1486 1130 per-

100 1125 188 1160 mista
199 1137 352 1174 magnam
362 1124 554 1172 qualitatum
566 1128 760 1161 varietatem
769 1137 951 1175 procreent.

131 1174 220 1223 Resp.
235 1175 428 1211 affeetiones
447 1175 650 1210 mechanicas
665 1177 783 1223 primas
801 1174 862 1211 effe
877 1204 888 1219 ‚
912 1174 1028 1223 easque
1043 1177 1076 1211 in
1090 1178 1194 1211 varias
1216 1177 1334 1226 species
1354 1177 1482 1219 diduci:

97 1220 138 1256 sic
155 1222 328 1271 figurarum
339 1222 473 1258 infinitae
488 1221 556 1258 sunt
564 1223 755 1259 differentia:
772 1252 782 1266 ‚
797 1229 831 1261 &
841 1226 979 1273 partium
995 1235 1130 1260 texturae
1146 1224 1218 1266 sunt
1235 1238 1320 1274 pene
1336 1228 1485 1262 innume-

83 1269 222 1307 „rabiles
239 1275 327 1308 Hinc
337 1273 436 1307 etiam
451 1270 514 1306 alia
532 1271 575 1307 est
588 1271 708 1321 species
725 1284 832 1309 motus
843 1285 912 1321 quae
922 1273 1063 1308 calorem
1074 1302 1083 1316 ,
1095 1273 1158 1308 alia
1171 1286 1241 1321 quae
1254 1274 1364 1310 sonum
1373 1274 1482 1312 efficit.

98 1322 164 1355 Sed
174 1334 212 1356 ex
224 1320 294 1357 solis
310 1320 483 1357 elementis
494 1350 505 1365 ,
521 1332 578 1357 aut
589 1321 825 1370 Chymicorum
836 1323 1002 1371 principiis
1013 1333 1063 1358 tot
1075 1321 1205 1358 diversae
1219 1325 1303 1359 vires
1316 1326 1395 1358 oriri
1414 1338 1483 1360 non

86 1368 225 1416 -polsunt
240 1385 248 1406 :
261 1373 365 1406 omnis
375 1373 465 1405 enim
478 1369 640 1406 diverfitas
653 1382 710 1405 aut
725 1383 764 1405 ex
775 1375 897 1419 majore
909 1400 918 1415 ‚
943 1382 998 1406 aut
1010 1382 1049 1405 ex
1064 1372 1190 1406 minore
1202 1374 1383 1419 quantitate
1408 1373 1482 1408 mis-

98 1417 244 1454 cibilium
262 1422 323 1455 erit
336 1419 523 1467 repetenda.
543 1420 588 1454 Ac
600 1418 655 1455 nisi
664 1419 704 1454 ad
714 1431 884 1455 contextus
895 1425 929 1457 &
945 1419 1210 1469 configurationis
1223 1423 1415 1458 varietatem
1429 1434 1482 1457 re-

98 1479 243 1513 currant,
256 1481 420 1516 nunquam
432 1479 481 1503 tot
495 1467 687 1516 qualitatum
702 1467 922 1504 diversitatem
947 1468 1168 1518 explicabunt.
1190 1470 1301 1517 Qare
1315 1471 1481 1506 mechani„

98 1519 143 1550 cae
155 1517 344 1554 affectiones
365 1516 433 1552 sunt
446 1517 542 1564 longe
559 1516 731 1552 fertiliores
742 1546 751 1561 ,
769 1522 868 1565 quam
883 1517 1019 1566 vulgata
1032 1518 1196 1552 elementa
1214 1548 1222 1562 ‚
1251 1530 1306 1554 aut
1323 1521 1482 1568 principia

84 1565 347 1612 Chymicomm.
372 1566 439 1600 111ae
457 1568 543 1599 enim
561 1565 632 1600 sunt
644 1595 654 1609 ‚
678 1577 714 1600 ut
732 1566 808 1600 alias
823 1566 980 1609 diximus,
995 1577 1149 1612 tanquam
1170 1566 1337 1613 alphabeti
1357 1567 1456 1602 literae
1471 1583 1479 1604 :

97 1625 171 1649 cum
186 1614 348 1649 elementa
363 1643 372 1657 ,
388 1625 444 1649 aut
465 1613 699 1663 Chymicorum
723 1615 878 1663 principia
893 1613 966 1649 ‹fint
992 1614 1082 1649 velut
1112 1615 1269 1650 dictiones
1288 1615 1370 1664 ipsae.
1398 1617 1479 1652 Uno

98 1662 206 1698 verbo
220 1663 274 1698 illa
291 1665 579 1711 Peripateticorum
596 1669 628 1700 δι
647 1663 882 1712 Chyrnicorum
909 1665 1067 1712 principia
1093 1661 1162 1698 sunt
1175 1674 1299 1699 tanturn
1313 1669 1455 1713 precaria
1468 1695 1479 1709 ‚

95 1712 137 1746 de
154 1724 292 1759 quorum
304 1713 475 1747 existentia
497 1714 616 1747 merito
632 1711 770 1747 dubitari
783 1712 890 1760 potest
901 1740 910 1755 ,
933 1725 1001 1747 non
1018 1714 1098 1747 item
1118 1712 1311 1748 mechanicae
1329 1713 1479 1750 affeetio-

96 1772 152 1795 nes
167 1778 175 1803 3
197 1761 250 1796 il'la
264 1762 404 1809 denique
421 1773 457 1796 ut
473 1761 832 1809 corpora²hornogenea
849 1759 1117 1808 compositionem
1131 1762 1225 1796 mixti
1238 1762 1478 1810 ingrediuntur,

96 1822 162 1844 non
174 1823 287 1846 eorum
302 1813 387 1846 vires·
395 1811 607 1858 profundunt.
626 1809 735 1847 -Necsi
752 1823 872 1859 magna
886 1809 932 1844 est
949 1812 982 1845 in
1005 1821 1087 1844 terra
1102 1812 1243 1859 gravitas
1256 1838 1266 1854 ,
1281 1822 1335 1845 aut
1357 1811 1479 1861 perspi-

95 1861 193 1895 cuitas
209 1862 242 1894 in
261 1871 334 1894 aere
345 1888 353 1903 ,
368 1871 423 1894 aut
434 1860 571 1894 calor‘in
587 1862 661 1909 igne
673 1888 683 1903 ,
698 1859 774 1894 hinc
784 1856 955 1894 necellario
964 1859 1124 1908 colligitur
1135 1861 1329 1908 gravitatem
1343 1874 1478 1898 omnem

95 1905 117 1940 ὲ
129 1918 213 1941 terra
223 1936 232 1951 ,
246 1920 300 1943 aut
311 1908 452 1943 calorem
462 1907 504 1942 ab
523 1910 599 1956 igne
610 1937 620 1951 ‚
633 1920 687 1944 aut
700 1907 961 1957 perspicuitatem
974 1907 1016 1942 ab
1028 1920 1102 1942 aere
1110 1910 1216 1957 repeti
1232 1920 1395 1957 oportere.

131 1956 216 2002 Opp.
232 1968 261 1990 ι.
283 1959 477 1992 recentiores
496 1956 648 2005 Chymici
658 1958 810 2006 plurimas
831 1970 869 1992 ac
880 1968 964 2005 pene
982 1969 1097 1992 ornnes
1112 1957 1286 2006 qualitates
1308 1970 1347 1993 ex
1373 1959 1478 2003 acido,

84 2008 132 2040 x&
145 2003 207 2037 sale
219 2003 310 2038 alcali
321 2005 433 2039 melius
446 2018 543 2053 quam
561 2017 600 2041 ex
612 2006 806 2042 mechanicis
819 2005 1047 2042 affectionibus
1058 2007 1217 2054 depromi.
1241 2006 1343 2042 Alcali
1355 2021 1475 2044 vocant

96 2051 173 2086 sales
183 2063 238 2086 aut
257 2051 335 2087 fixos
346 2082 355 2096 ‚
375 2053 516 2090 utsalem
531 2057 638 2089 tartari
648 2072 656 2099 3
668 2067 724 2091 aut
736 2056 897 2099 volatiles,
907 2067 942 2091 ut
957 2053 1053 2090 salem
1065 2058 1317 2100 ammoniacum,
1331 2059 1389 2102 qui
1405 2070 1477 2093 cum

95 2101 192 2135 acidis
201 2102 341 2149 permisti
354 2101 583 2138 ebullitionem
593 2132 602 2146 ‚
616 2115 672 2138 aut
687 2104 972 2141 fermentationem
986 2107 1190 2155 creant.Jam
1203 2107 1237 2140 in
1250 2105 1401 2140 omnibus
1414 2119 1473 2154 pe-

95 2163 138 2185 ne
155 2150 389 2198 corporibusss'hi
402 2150 456 2185 sibi
474 2163 587 2186 mutuo
601 2152 714 2187 infensi
727 2157 947 2202 reperiuntur,
966 2165 1066 2201 atque
1084 2167 1123 2189 ex
1136 2167 1244 2190 earum
1262 2165 1368 2202 pugna
1384 2182 1393 2196 ‚
1414 2164 1472 2188 aut

82 2199 246 2233 mistione
257 2212 367 2235 omnes
386 2212 468 2248 pene
481 2200 653 2248 qualitates
665 2213 835 2250 corporum
847 2206 1005 2239 oriuntur.
1019 2205 1127 2250 Atque
1139 2204 1185 2238 hae
1203 2200 1273 2235 sunt
1291 2201 1386 2235 causae
1398 2214 1471 2248 pro-

83 2250 212 2296 piores,
225 2254 259 2285 &
275 2249 363 2284 velut
371 2251 576 2285 continentes
594 2248 797 2297 qualitatum,
814 2265 882 2300 quae
895 2251 1089 2287 mechanicis
1100 2248 1325 2286 affeffionibus
1342 2261 1408 2285 tani
1420 2263 1473 2285 re-

96 2300 194 2332 motis
208 2296 278 2332 sunt
291 2299 534 2346 anteponendoe.

127 2347 216 2395 Resp.
230 2347 296 2381 haec
307 2350 464 2396 principia
479 2361 546 2384 non
562 2346 633 2383 satis
646 2358 774 2396 patere,
793 2359 828 2384 ut
840 2361 880 2383 ex
892 2350 929 2383 iis
945 2350 1026 2385 vires
1039 2358 1151 2383 ornnes
1171 2357 1342 2430 {ogporum
1353 2348 1472 2383 ducan-

1255 2407 1289 2439 n·
