1878 2724
67 165 147 203 ferri
173 179 182 202 ε
211 172 284 201 nam
318 164 350 199 in
365 162 464 201 'Zona
482 164 602 198 torrida
625 163 722 211 longe
745 163 766 199 ἐι
786 162 948 197 littoribus
968 174 1034 198 non
1069 161 1148 197 alius
1177 158 1306 198 Oceani
1335 136 1443 197 motus

67 214 262 251 observatur.
305 216 340 248 In
376 213 468 248 fretis
492 214 590 247 etiam
615 225 686 261 quae
711 212 753 247 ab
775 214 916 248 Oriente
939 214 971 246 in
1000 212 1214 248 Occidentem
1245 212 1443 259 diriguntur*

66 276 154 300 mare
188 262 371 298 intumescit
412 261 464 296 sex
483 261 635 297 horarum
661 261 762 310 spatio
783 262 803 305 ς’
819 272 887 296 tum
909 259 1142 308 aliquantulum
1167 262 1199 294 in
1229 260 1345 294 eodem
1366 261 1444 296 statu

65 322 232 361 permanet
259 339 269 354 ,
305 313 457 347 nimirum
485 322 542 362 per
571 310 741 345 duodecim
766 312 857 345 unius
888 310 974 345 horae
1006 320 1132 345 minuta
1144 337 1153 352 ,
1181 309 1298 343 deinde
1326 309 1444 344 eodem

66 363 221 409 temporis
231 360 333 409 spatio
343 360 542 395 detumelcit
572 360 635 394 Sed
649 361 853 395 continenter
872 358 914 393 ab
928 360 1067 394 Oriente
1090 360 1124 392 in
1150 358 1367 393 Occidentem
1389 358 1446 392 de-

64 408 181 445 labitur
189 422 246 458 per
257 409 333 445 freti
347 408 507 444 orificium
518 436 527 451 ‚
544 420 706 455 nunquam
720 419 844 442 remeat
859 409 892 442 in
905 410 1078 442 contrarias
1094 418 1209 454 partes.
1224 407 1321 453 ldque
1334 405 1445 440 obser-

59 469 156 493 natur
165 460 196 492 in
206 458 292 494 freto
305 458 524 506 Magellanico
540 486 550 500 ‚
567 469 664 504 atque
676 458 711 491 in
725 454 899 492 Canalibus
910 459 992 492 inter
1007 455 1170 491 Maldivas
1188 454 1300 490 insulas
1309 483 1320 499 ,
1338 457 1370 489 in
1383 455 1446 490 fte-

53 516 98 542 ³to
112 506 295 542 Manilienfi
308 509 424 556 ,Javae
440 534 450 549 ‚
466 511 499 542 &
513 504 591 543 alibi
610 503 736 554 paffim.

85 556 162 604 jam
173 569 244 603 quae
255 555 290 591 fit
301 555 389 590 causa
404 555 496 601 hujus
509 553 778 598 intumescentiae,
792 565 847 588 aut
862 552 1118 590 detumescentiae
1127 556 1221 588 maris
1234 582 1244 597 ,
1259 558 1293 590 &
1312 565 1365 587 cur
1377 565 1445 588 cer·

52 606 103 640 -tis
118 605 316 652 temporibus
329 616 384 638 aut
407 603 483 638 locis
497 605 541 637 ita
554 602 590 637 sit
603 604 748 638 adstrista
759 630 769 646 ,
791 614 826 637 ut
847 603 916 638 fere
932 606 1013 638 intra
1027 617 1062 649 25
1085 603 1179 638 horas
1196 614 1284 636 mare
1301 603 1342 636 ad
1359 603 1446 637 idem

56 652 150 689 littus
161 653 210 686 bis
221 653 372 696 accedat,
395 657 428 689 δε
443 650 485 687 ab
502 664 543 686 eo
560 651 612 687 bis
632 653 761 687 recedat
780 668 789 694 ;
809 663 864 686 cur
890 654 923 687 in
945 651 1120 687 noviluniis
1134 680 1143 695 ‚
1162 657 1195 688 &
1212 655 1244 687 in
1261 650 1445 699 pleniluniis

60 701 157 749 longe
167 699 202 736 fit
216 706 318 750 major
327 712 385 735 aut
395 704 501 734 minor
512 729 521 744 ‚
538 699 637 748 quam
654 703 686 736 in
704 701 899 748 quadraturis
922 718 931 745 3
953 713 1007 735 cur
1021 700 1103 735 lunae
1123 711 1250 736 motum
1267 700 1351 734 adeo
1369 700 1445 734 reli-

60 750 147 799 giose
186 749 392 798 consequatur
412 763 421 785 ι
457 754 492 786 &
520 761 629 786 tamen
655 752 688 784 in
713 751 911 798 aequinoctiis
930 762 1020 798 aquae
1046 748 1152 784 multo
1170 752 1272 799 magis
1292 748 1446 784 intumes-

10 824 11 827 ,
52 798 221 846 :cantzlhaec
235 798 369 842 sane,'&
387 797 448 833 alia
467 798 557 843 hujus
576 801 699 847 generis
711 799 752 833 ab
765 797 830 846 ipsa
847 809 958 833 natura
975 800 1111 834 omnino
1123 799 1273 833 videntur
1286 797 1446 834 involuta.

96 847 179 882 Illud
198 859 308 883 tamen
321 859 434 882 omnes
452 858 535 895 pene
554 847 698 882 fatentur
714 847 799 882 hunc
816 858 942 883 motum
960 846 981 882 ἐι
1000 847 1073 882 luna
1090 847 1248 895 pendere:
1265 845 1341 881 curn
1355 857 1445 881 tanta

50 895 96 931 {it
108 899 190 932 inter
201 896 282 932 lunae
292 926 303 941 ,
324 897 495 933 &Oceani
504 907 630 930 motum
644 898 814 932 connexio.
837 897 922 930 Cum
936 897 1023 930 enim
1037 895 1112 930 luna
1131 895 1171 930 ad
1185 895 1329 931 nostrum
1345 897 1444 931 meri-

8 945 9 949 ’
58 946 187 981 dianum
199 958 267 980 non
278 946 388 980 redeat
405 942 461 979 nisi
480 944 551 991 post
568 959 610 991 24
627 945 719 980 horas
735 951 767 982 &
784 958 829 990 50
842 944 909 979 fere
920 947 1065 988 minuta3
1083 943 1202 979 eodem
1219 944 1341 993 prorsus
1358 956 1453 982 tem,

7 1011 8 1018 1
54 996 147 1076 poris
159 994 260 1042 spatio
277 995 364 1029 aestus
385 993 468 1028 redit
489 1006 496 1028 :
511 993 594 1028 adeo
613 1006 649 1029 ut
663 992 684 1028 fi
701 995 798 1029 hodie
818 993 909 1027 aestus
923 993 1000 1028 bor&
1013 992 1097 1028 sexti
1111 995 1243 1041 incipiat
1258 1021 1267 1035 ‚
1286 1005 1353 1027 cras
1370 994 1442 1041 post

51 1061 55 1064 -
72 1054 178 1077 exram
191 1043 304 1077 horam
315 1070 325 1085 ,
342 1048 374 1079 δ(
384 1054 423 1089 50
441 1043 563 1076 minuta
575 1053 766 1079 revertatur.
779 1044 847 1077 Vix
864 1053 951 1076 tanta
964 1044 1047 1076 inter
1060 1054 1109 1076 res
1127 1042 1287 1076 naturales
1303 1044 1441 1077 occurrit

57 1090 259 1127 necessitudo
273 1119 282 1133 ‚
305 1092 385 1138 quin
407 1102 468 1125 una
489 1090 615 1125 alterius
637 1089 672 1125 fit
688 1090 789 1127 causa.
815 1091 912 1137 'Cum
943 1090 1089 1124 videmus
1112 1089 1240 1124 umbras
1260 1091 1299 1123 ad
1314 1101 1441 1125 motum

56 1139 130 1176 solis
146 1140 216 1174 loca
231 1149 449 1183 commutare,
472 1137 541 1172 illas
553 1138 573 1174 ὲ
583 1138 646 1174 sole
657 1142 769 1188 projici
784 1152 851 1175 non
861 1137 1055 1174 dubitamus.
1071 1138 1156 1173 Cum
1173 1140 1268 1186 igitur
1278 1139 1363 1173 aestus
1376 1151 1441 1173 ma.

4 1216 5 1222 ,
46 1191 99 1224 »εἰς
117 1190 296 1237 reciprocus
311 1200 383 1221 cum
400 1186 502 1222 lunari
515 1199 606 1223 motu
628 1189 711 1223 adeo
726 1187 762 1224 fit
775 1188 940 1236 colligatus
950 1215 961 1231 ‚
981 1189 1036 1223 vix
1055 1199 1172 1236 negare
1185 1186 1345 1234 polsumus
1360 1189 1441 1235 quin

4 1235 6 1279 ξ
57 1237 133 1272 luna
146 1249 217 1271 eum
228 1248 355 1272 motum
365 1235 561 1271 moderetur.

83 1286 292 1333 :Qanquam
306 1284 390 1327 forte
402 1284 431 1317 id
441 1295 499 1318 nos
513 1283 617 1332 fugiat
626 1295 688 1331 qua
697 1286 820 1320 ratione
832 1284 907 1320 luna
919 1297 994 1320 eum
1010 1287 1105 1319 maris
1127 1295 1254 1320 motum
1267 1295 1334 1319 tem
1361 1295 1438 1320 eret.

45 1332 190 1371 ··-Omiffis
200 1332 297 1377 vero,
310 1338 343 1369 &
355 1330 592 1381 circumscriptis
602 1335 638 1366 iis
653 1332 860 1380 opinionibus
874 1346 942 1381 quae
960 1333 1039 1369 nihil
1054 1333 1121 1368 fere
1144 1333 1268 1368 habent
1285 1345 1342 1380 pro
1370 1331 1437 1367 abi-

57 1383 156 1418 litatis
169 1409 179 1424 ,
192 1382 262 1416 duae
273 1392 399 1416 tantum
413 1392 582 1415 occurrunt
598 1393 667 1428 quae
680 1381 812 1416 defendi
826 1394 987 1430 utcunque
1001 1380 1129 1429 possint.
1149 1384 1238 1416 Prior
1256 1382 1303 1416 est
1323 1382 1438 1416 Carte-

1 1469 3 1478 Α
45 1430 103 1467 xsiii
116 1460 126 1474 ,
143 1443 213 1478 quae
221 1431 284 1465 huc
297 1430 381 1465 redit
393 1458 402 1473 ,
417 1432 593 1472 oermmT,
614 1429 765 1466 &lunam
780 1433 805 1466 L
817 1433 934 1466 eodem
949 1433 981 1466 in
994 1432 1138 1473 vortice,
1155 1442 1209 1465 aut
1228 1429 1312 1465 coelo
1331 1433 1437 1464 conti-

57 1482 127 1516 neri
138 1508 147 1522 ,
161 1480 249 1526 quod
259 1478 361 1527 spatio
377 1478 540 1513 menstruo
555 1477 627 1512 luna
641 1477 790 1514 conficit:
805 1493 876 1514 cum
887 1492 995 1514 autem
1008 1479 1082 1514 luna
1103 1490 1194 1513 terrae
1214 1490 1305 1513 motu
1319 1477 1436 1512 diurno

58 1529 98 1562 ad
111 1528 265 1562 circulum
274 1527 487 1562 meridianum
495 1526 624 1573 alicujus
642 1526 706 1560 loci
721 1531 874 1575 pervenit
885 1556 894 1570 ‚
912 1539 948 1563 ut
956 1529 996 1561 ad
1005 1529 1159 1575 punctum
1173 1528 1200 1562 A
1214 1555 1222 1568 ,
1240 1538 1294 1561 aut
1313 1526 1354 1570 C,
1368 1538 1435 1562 tum

57 1576 157 1611 :ether
169 1577 360 1623 interjacens
371 1577 453 1609 inter
466 1575 603 1609 duorum
617 1586 788 1622 corporum
803 1576 1023 1618 terrae,&lunae
1037 1576 1195 1623 angustias
1204 1575 1275 1610 fluit
1287 1574 1434 1617 celerius,

371 1623 411 1659 A
851 1631 884 1661 ὅ(
900 1624 1037 1674 subjesta
1047 1636 1182 1670 corpora
1191 1626 1291 1671 magis
1304 1625 1431 1672 premit.

851 1675 962 1719 Qare
976 1671 1098 1708 neceffe
1114 1672 1156 1707 est
1173 1683 1209 1706 ut
1232 1683 1313 1706 terra
1330 1674 1360 1707 T
1377 1684 1433 1706 cu-

847 1727 896 1768 jus
915 1722 1020 1756 locum
1032 1750 1041 1764 ,
1062 1726 1095 1757 δε
1110 1720 1196 1767 quasi
1216 1720 1432 1767 aequilibrium

850 1772 1042 1805 determinat
1059 1771 1201 1804 materiae
1225 1769 1355 1804 coelestis
1375 1771 1434 1803 cir-

850 1818 1052 1855 cumfluentis
1070 1817 1242 1853 substantia
1258 1823 1292 1854 &
1305 1828 1431 1852 motust
1449 1839 1452 1841 -

849 1866 992 1911 necesse,
1015 1870 1146 1914 inquam
1160 1892 1170 1910 ‚
1194 1867 1238 1902 est
1260 1877 1296 1900 ut
1314 1865 1430 1915 globus

849 1916 972 1952 telluris
986 1917 1059 1952 loco
1074 1913 1127 1950 suo
1143 1915 1306 1964 paululum
1324 1916 1432 1949 dimo-

851 1977 981 2008 veatur,
1007 1970 1040 2001 &
1062 1966 1095 1999 in
1108 1975 1234 2012 partem
1252 1963 1432 2012 oppofitam

848 2013 1085 2061 aliquantulum
1110 2013 1210 2047 cedat.
1242 2013 1342 2060 Qod
1367 2011 1431 2046 fine

848 2063 916 2097 ullo
931 2064 1064 2110 negotio
1076 2061 1259 2110 perficitur:
1279 2074 1352 2095 cum
1370 2060 1431 2095 tel-

848 2111 923 2146 luris
933 2111 1047 2159 globus
1058 2110 1094 2145 fit
1103 2109 1193 2145 velut
1202 2112 1234 2144 in
1247 2108 1429 2156 aequilibrio

847 2160 1036 2195 constitutus
1046 2188 1056 2202 ,
1072 2170 1170 2206 atque
1185 2160 1218 2193 in
1234 2158 1344 2192 medio
1354 2166 1428 2191 aere

846 2207 983 2255 penfilis.
1045 2209 1155 2253 Qare
1189 2205 1287 2240 aethet
1327 2207 1428 2238 inter-

845 2257 930 2291 fusus
955 2259 1037 2291 inter
1063 2257 1131 2289 illas
1156 2253 1314 2301 angustias
1345 2254 1428 2299 rapi-

844 2305 914 2339 dius
936 2307 1039 2354 agitur
1051 2332 1060 2345 ‚
1095 2309 1129 2339 Sc
1147 2301 1325 2347 subjc&um
1335 2313 1404 2334 aera
1417 2328 1426 2342 ,

58 2363 117 2389 nec
142 2366 207 2391 non
234 2366 320 2397 mate
341 2354 441 2403 ipsum
458 2382 467 2399 ,
488 2366 558 2403 qua:
582 2353 652 2388 sunt
680 2363 813 2400 corpora
825 2351 927 2388 fluida
944 2376 954 2396 =‚
979 2363 1114 2400 quaeque
1142 2348 1274 2433 falcibus
1289 2349 1429 2392 cedunrs
1448 2366 1455 2375 «

1207 2412 1228 2445 Y
1253 2410 1284 2444 ¹¹1
