1878 2724
551 112 622 147 DE
661 103 995 147 Possumus:
1413 122 1477 157 407

588 207 800 245 CAPUT
865 210 936 245 1w

606 306 661 340 De
684 309 722 342 vi
754 306 911 341 elearica.

95 402 228 489 ther
239 403 380 439 occultas
395 402 566 451 qualitates
575 417 645 453 quae
659 404 698 439 ad
709 403 926 453 sympathiam
941 401 1197 451 &antipathiam
1216 399 1328 436 referri
1346 400 1449 438 solent
1464 431 1473 446 ,

143 453 191 486 vis
211 451 360 488 electrica
370 482 379 496 ‚
392 465 458 500 qua
469 452 644 497 succinum,
659 465 731 487 ceta
741 451 1198 501 obsignatoria‚vittumipsum
1213 456 1246 487 &
1256 461 1373 498 magna
1388 463 1476 499 gem-

82 512 216 536 marum
234 514 304 550 pars
315 501 422 550 paleas
434 530 444 545 ,
461 507 495 538 &
510 502 594 538 levia
608 514 743 551 quaeque
752 513 888 549 corpora
902 501 943 535 ad
963 500 993 536 se
1012 500 1140 536 trahunt
1152 528 1162 544 ,
1181 501 1376 548 praecipuum
1390 512 1476 547 pene

42 550 44 578 ἵ
89 547 196 584 locum
213 551 353 586 obtinet.
367 551 548 601 Qrimus
565 553 599 586 in
610 565 675 600 quo
690 550 790 599 pofita
802 551 857 593 fit,
869 555 904 586 &
922 550 1007 584 unde
1017 552 1137 584 otiatur
1152 563 1159 584 ε
1173 561 1215 583 an
1229 548 1314 583 forte
1333 548 1353 583 ἐι
1370 548 1477 583 forma

88 596 286 634 substantiali
300 628 310 643 ‚
320 610 375 634 aut
384 599 506 634 occulta
516 600 672 648 qualitate
684 628 694 644 ,
715 612 771 635 aut
779 601 887 649 potius
898 597 940 632 ab
960 597 1090 634 effluvio
1105 598 1249 645 quodam
1268 594 1475 632 substantiali.

88 645 293 682 Probabilius
306 646 400 682 nobis
412 648 539 683 videtur
549 651 617 684 vim
635 649 836 692 eledhicarn,
853 660 919 683 non
936 649 968 682 in
986 646 1051 682 sola
1062 646 1241 695 qualitate,
1267 644 1321 679 vel
1340 647 1371 680 in
1391 645 1476 694 sym,

87 694 198 743 pathia
209 708 295 743 ,quae
310 699 394 731 inter
406 695 566 733 succinum
579 726 589 742 ,
610 703 643 735 &
662 698 789 746 paleam
805 698 962 745 reperitur
978 725 988 740 ,
1006 696 1061 732 sed
1077 699 1111 732 in
1126 694 1256 731 effluvio
1270 692 1476 740 substantiali,

86 746 121 780 in
131 747 221 779 tenui
235 745 355 780 scilicet
367 751 404 783 ὅ(
416 745 534 781 viscoso
550 746 653 782 halitu
667 745 800 795 politam
816 746 887 782 effe.

120 794 209 829 Nam
220 793 304 829 lacca
316 807 346 831 v.
360 808 406 844 gr.
425 794 479 829 seu
488 807 561 830 cera
578 795 792 844 obsignatoria
802 807 900 830 omne
911 806 1008 843 genus
1022 792 1163 843 pulveris
1177 792 1218 828 ad
1230 792 1258 828 se
1273 791 1370 827 trahit
1384 806 1395 827 t
1413 804 1475 828 nec

87 851 195 877 tamen
216 842 390 891 probabile
407 844 535 879 videtur
546 856 617 879 eam
629 857 702 879 cum
713 843 809 879 rebus
824 846 868 879 ita
881 842 1008 879 diversis
1030 855 1182 891 magnam
1211 841 1333 876 habere
1354 854 1474 889 cogna-

85 893 224 928 tionem.
236 894 288 926 Sic
299 892 371 941 ipsae
383 895 507 936 atomi,
524 904 560 927 ut
569 895 682 929 vocari
698 893 802 929 solent
813 922 822 936 ‚
839 904 916 940 quas
928 893 1008 926 radii
1026 891 1140 927 solares
1157 903 1216 939 per
1239 890 1385 926 foramen
1400 889 1474 924 sub-

84 951 197 975 euntes
209 943 352 976 excitant
362 970 372 984 ‚
385 942 426 976 ad
439 953 552 989 corpus
572 942 760 977 electricum
772 971 782 986 ,
801 941 856 977 ubi
876 940 1035 976 affiistum
1050 941 1152 975 fuerit
1165 968 1175 983 ‚
1191 941 1357 975 turmatim
1374 939 1475 974 advo·

85 988 154 1023 lant
172 1002 179 1024 :
201 989 382 1038 fumusipse
397 990 524 1038 quasiin
537 993 643 1026 varios
653 993 746 1026 aetus
761 993 899 1026 vortices
909 991 949 1024 ad
961 989 1119 1025 succinum
1130 991 1211 1025 ruit:
1228 991 1294 1024 imo
1311 1001 1400 1036 aquae
1420 987 1473 1023 vel

82 1035 150 1072 ¹olei
160 1038 295 1086 guttula:
304 1038 418 1075 sursum
427 1038 628 1075 attolluntur.
643 1040 777 1075 Accedit
786 1040 863 1075 illud
875 1050 1006 1087 quoque
1018 1067 1027 1081 ,
1041 1037 1167 1073 infinita
1178 1047 1263 1086 pene
1280 1049 1415 1085 corpora
1438 1039 1472 1071 vi

84 1085 236 1121 ele6hica
244 1087 357 1121 donari
371 1102 379 1124 ς
391 1099 426 1122 ut
436 1099 547 1135 praeter
555 1100 743 1123 enumerata
757 1117 766 1133 ‚
780 1087 978 1123 bituminum
995 1087 1064 1122 fere
1082 1099 1179 1121 omne
1190 1098 1308 1134 genus,
1325 1097 1470 1134 gemmas

85 1137 183 1170 etiam
195 1136 211 1172 ὲ
222 1135 360 1184 plumbo
379 1136 520 1172 factitias
530 1165 540 1180 ‚
563 1141 597 1173 &
607 1149 645 1171 ea
658 1137 726 1172 fere
740 1149 873 1186 corpora
882 1149 951 1184 quae
968 1135 1076 1171 oleosa
1084 1135 1162 1178 sunt,
1180 1141 1213 1172 δε
1224 1134 1302 1170 tersa
1313 1162 1322 1176 ,
1333 1145 1471 1181 quaeque

83 1186 118 1219 in
127 1195 232 1232 partes
244 1196 466 1228 conteruntur,
478 1198 543 1220 non
553 1185 681 1221 ductilia
691 1184 780 1229 sunt,
807 1198 843 1221 ut
857 1184 988 1220 metalla
1002 1202 1011 1229 ς
1031 1197 1098 1220 non
1115 1183 1214 1221 fiffilia
1225 1212 1235 1228 ,
1264 1194 1300 1218 ut
1316 1182 1440 1231 lignum
1457 1198 1469 1226 3

51 1248 55 1254 ·
83 1245 149 1268 non
160 1232 312 1277 friabilia‚
323 1232 565 1278 utsaccharum;
585 1233 636 1268 sed
654 1234 780 1282 fragilia
799 1234 884 1278 fiunt,
898 1246 934 1269 ut
950 1235 1084 1270 vitrum.

126 1282 233 1327 =Qod
250 1294 358 1318 autem
369 1285 419 1317 vis
430 1282 484 1317 illa
498 1284 531 1318 in
546 1285 635 1318 tenui
646 1282 746 1319 halitu
757 1283 855 1332 pofita
866 1283 901 1318 sit
914 1311 924 1327 ,
946 1283 977 1317 id
994 1282 1106 1329 liquet.
1127 1295 1150 1318 1.
1163 1283 1213 1319 Ut
1230 1282 1398 1326 succinum,
1413 1291 1468 1315 aut

32 1348 35 1357 =
81 1342 154 1364 cera
163 1329 375 1379 obfignatoria
383 1332 424 1366 ad
434 1331 464 1367 se
479 1332 587 1367 trahat
600 1331 683 1367 levia
704 1332 885 1381 corpuscula
895 1360 904 1376 ‚
922 1331 1051 1368 afflictu
1061 1342 1115 1366 aut
1128 1332 1234 1366 calone
1243 1342 1322 1379 opus
1335 1330 1388 1374 est,
1399 1342 1467 1377 quo

80 1390 206 1414 meatus
220 1379 332 1415 occlusi
353 1379 549 1424 reserentur,
573 1386 608 1417 &
632 1380 750 1415 viscosa
766 1381 940 1416 substantia
957 1381 1063 1415 calore
1085 1382 1248 1416 excitetur.
1288 1380 1376 1414 Hinc
1395 1390 1468 1413 cera

81 1425 297 1477 obsignatotia
312 1442 419 1478 panno
430 1429 525 1464 laneo
538 1428 663 1465 affricta
674 1431 739 1464 vim
757 1429 843 1466 suam
856 1429 1043 1464 electricam
1058 1427 1174 1463 fortius
1186 1431 1299 1464 exerit.
1324 1431 1395 1462 Imo
1410 1425 1467 1461 ubi

83 1485 194 1525 corpus
206 1477 392 1514 electi-icum
402 1480 468 1525 igni
479 1478 646 1512 admotum
656 1477 787 1513 incaluit
795 1508 803 1522 ‚
813 1479 881 1528 post
889 1477 1050 1513 afflictum
1060 1490 1135 1512 mox
1146 1477 1261 1512 fortius
1276 1476 1385 1511 trahit.

118 1539 148 1560 2.
158 1525 266 1562 Pulvis
278 1527 476 1571 ‚autchartae
499 1526 626 1562 frustula
637 1555 645 1569 ‚
660 1526 778 1573 quibus
789 1527 946 1563 succinum
960 1528 1173 1569 admovetur,
1190 1529 1225 1561 in
1242 1537 1354 1561 omnes
1379 1524 1464 1572 spar-

30 1567 31 1580 ³
74 1585 201 1621 guntur
215 1588 320 1623 partes
331 1606 340 1620 ‚
359 1588 394 1610 ut
407 1576 523 1610 halitus
535 1575 590 1623 ipsi
600 1577 656 1622 qui
666 1577 824 1623 prodeunt
838 1576 857 1612 ὲ
874 1575 999 1611 succino
1010 1603 1019 1618 ‚
1036 1586 1092 1609 aut
1107 1573 1128 1609 ὲ.
1140 1586 1212 1608 cera
1227 1572 1441 1622 obsignatoria
1452 1599 1463 1615 ,

30 1626 31 1636 ¹
81 1624 114 1658 ἐι]
134 1626 237 1658 varios
253 1625 440 1672 plerumque
451 1635 588 1672 aguntur
600 1636 696 1672 gyros
708 1641 717 1667 ;
730 1637 767 1658 ac
777 1625 867 1673 plura
878 1624 958 1672 saepe
975 1623 1320 1671 ejtismodicorpuscula
1339 1620 1394 1656 sibi
1412 1623 1462 1655 in-

28 1694 31 1700 ‹
81 1673 189 1706 vicem
202 1701 212 1715 ,
233 1684 269 1707 ut
292 1672 431 1720 ejusdem
442 1684 563 1707 catenae
572 1671 684 1707 annuli
703 1674 946 1708 connectuntur.
971 1675 1084 1718 ltaque
1102 1671 1169 1706 haec
1188 1672 1280 1707 velut
1301 1671 1436 1706 stamina
1451 1698 1461 1712 ,

81 1720 187 1766 qualia
201 1721 270 1756 fere
289 1722 390 1756 furnus
404 1723 554 1757 extimetae
567 1733 678 1755 recens
697 1722 840 1756 candelae
853 1721 947 1757 nobis
970 1719 1105 1756 exhibet
1117 1749 1126 1764 ,
1148 1719 1223 1756 cum
1240 1719 1374 1756 adverso
1396 1717 1462 1753 sole

81 1767 300 1815 spestatur‚ut
310 1782 430 1806 meatus
448 1769 518 1805 sunt
532 1769 672 1818 dispositi
689 1799 698 1813 ‚
719 1769 757 1804 fic
767 1781 955 1819 erumpunt:
973 1769 1060 1806 unde
1079 1770 1112 1803 in
1129 1772 1231 1804 varias
1244 1779 1380 1818 aguntur
1389 1780 1460 1817 par-

82 1829 129 1851 tes
146 1831 154 1852 :
174 1819 256 1854 adeo
269 1831 306 1854 ut
316 1820 587 1868 granainterdum
595 1818 737 1868 pulveris
751 1819 811 1854 huc
828 1831 925 1868 atque
939 1819 1016 1854 illuc
1031 1817 1051 1854 a
1063 1816 1191 1853 diver-fis
1214 1818 1303 1855 velut
1318 1816 1381 1853 filis
1395 1819 1459 1852 cir-

28 1878 29 1885 *
80 1869 225 1902 cumatsta
250 1869 428 1905 videantur.

113 1929 135 1959 3.
150 1918 320 1951 Succinum
330 1917 492 1953 afflictum
502 1947 511 1961 ,
529 1923 563 1955 ὃ(
573 1916 710 1953 flamma:
722 1918 892 1954 admotum
908 1919 962 1953 vix
979 1918 1065 1964 rapit
1080 1916 1123 1951 ad
1142 1915 1172 1952 se
1192 1915 1359 1964 pulverem
1374 1943 1386 1958 ,
1403 1926 1459 1950 aut

25 2001 27 2007 Α
78 1962 143 1997 alia.
152 1963 335 2012 corpuscula
348 1980 356 2001 ε
370 1967 456 2012 quod
474 1969 519 2001 vis
533 1965 671 2002 flammae
681 1967 985 2002 sensailla'statnina
1001 1964 1186 2014 disrumpat.
1204 1967 1258 1999 S'rc
1273 1963 1329 1999 ubi
1341 1963 1457 2000 fortius

76 2009 261 2056 succutitur,
271 2014 368 2048 iidem
382 2014 496 2049 halitus
507 2027 623 2063 magna
635 2027 672 2050 ex
684 2027 775 2063 parte
787 2016 1014 2051 distrahuntur.
1032 2016 1176 2050 Eandem
1192 2013 1236 2049 ob
1254 2015 1415 2048 rationem
1436 2013 1458 2048 si

26 2061 27 2085 ἶ
76 2060 110 2093 id
124 2060 349 2097 vehementius
366 2063 571 2110 perflaveris=
588 2075 641 2098 aut
657 2075 756 2098 vento
774 2063 957 2112 exposueris
975 2064 1126 2106 fortiori,
1151 2074 1261 2098 tenues
1279 2062 1326 2096 illi
1342 2062 1456 2097 halitus

25 2110 26 2145 ἶ
79 2109 284 2155 ἀὶεῇιίείειπιπ.
294 2113 381 2146 Hinc
392 2110 554 2146 'succinum
565 2124 654 2158 aqu-‘2
664 2111 846 2147 immersum
858 2142 867 2156 ,
881 2113 1082 2147 aut‘humore
1091 2110 1251 2160 perfusum
1269 2111 1395 2145 trahere
1407 2112 1455 2144 ni-

80 2156 126 2193 hil
139 2160 240 2206 potest
253 2174 261 2195 :
274 2160 360 2207 quod
373 2159 417 2195 illi
436 2159 524 2194 velut
534 2159 658 2195 nervuli
673 2188 682 2202 ‚
700 2163 754 2207 qui
769 2162 789 2197 γὲ
807 2161 932 2196 succino
941 2172 1128 2209 erumpunt,
1150 2160 1285 2194 humore
1303 2158 1396 2192 diluti
1409 2158 1454 2192 la-

80 2217 193 2243 xentur
203 2222 211 2244 ε
222 2208 276 2244 etfi
293 2208 400 2244 oleum
414 2222 482 2244 non
500 2209 582 2242 adeo
596 2207 802 2256 obstat‚quod
814 2210 860 2245 illi
869 2223 943 2245 cum
958 2208 1079 2246 viscosis
1095 2208 1247 2243 halitibus
1259 2209 1358 2254 magis
1372 2219 1452 2241 con-

80 2267 194 2292 veniat.
523 2280 527 2283 .

111 2307 154 2339 Ex
163 2305 275 2353 quibus
294 2303 431 2341 efficitur
445 2304 581 2341 viscosos
600 2309 632 2341 &
654 2316 781 2339 tenaces
795 2306 911 2340 halitus
928 2308 1089 2354 &corpore
1100 2304 1253 2338 eledhico
1263 2302 1375 2337 caloris
1386 2305 1454 2351 agi-

78 2355 200 2389 tatione
212 2356 253 2390 ad
264 2357 468 2403 eruptionem
487 2353 730 2398 sollicitari,fere
740 2365 775 2390 ut
784 2355 900 2390 accidit
911 2354 1099 2402 corporibus
1110 2351 1273 2387 odorificis
1285 2364 1359 2399 quoe
1370 2353 1452 2387 odo-
