1878 2724
95 131 215 174 minis,
227 128 326 179 'quod
348 128 504 165 musculus
516 130 556 165 ad
576 142 692 166 nutum
718 131 894 166 voluntatis
909 132 1013 168 statim
1032 131 1230 168 detumescat
1242 141 1326 177 ,want
1345 97 1496 170 laxatis?

93 179 182 215 funis
194 179 328 215 relaxari
339 184 455 227 nequit
481 177 536 215 nifi
550 182 721 228 interjecto
739 184 894 230 temporis
911 180 1013 227 [patio
1028 195 1036 217 ε
1051 195 1118 218 non
1135 181 1261 232 poffunt
1281 184 1368 217 enim
1389 180 1490 219 fluidae

92 229 256 277 particulae
271 228 372 263 libero
387 241 480 264 motu
493 241 550 277 per
561 231 716 278 angustias
728 242 896 266 meatuum
907 230 994 267 funis
1005 230 1131 276 subite,
1144 243 1200 267 aut
1213 228 1364 268 effluere:
1377 243 1491 267 contra

46 312 49 314 .
90 278 180 314 aetio
189 277 320 313 musculi
336 277 373 313 fit
381 279 474 313 instar
486 277 644 315 fulminis,

130 325 268 364 Neceffe
286 338 395 363 tamen
408 328 453 362 est
466 326 686 362 utsubstantia
695 328 846 375 quaedam
861 339 1018 376 corporea
1035 355 1045 370 ‚
1061 339 1259 378 quaecunque
1275 327 1310 363 sit
1326 329 1382 365 illa
1401 358 1411 374 ,
1431 343 1492 380 per

92 387 269 411 nervorum
280 376 394 411 duetus
408 378 441 412 in
460 375 542 424 ipsos
555 375 785 411 transmittatur
804 375 974 413 musculos.
1002 377 1087 412 Cum
1100 387 1208 412 autem
1229 381 1323 413 nervi
1343 377 1399 427 ipfi
1420 393 1489 416 non

91 424 370 468 contrahantur,id
379 428 517 460 omnino
534 425 780 460 concedendum
793 426 1087 473 videtur‚quiddam
1104 424 1165 460 effe
1181 429 1214 461 in
1228 426 1298 475 ipfis
1314 426 1462 463 musculis
1476 456 1489 473 ,

90 484 132 508 ex
142 477 226 522 cujus
238 474 428 509 admistione
436 484 492 508 aut
501 472 713 509 fermentatio
724 475 939 520 quaedam‚aut
951 475 1028 521 quid
1042 473 1141 509 limile
1151 486 1283 523 exurgat
1295 503 1304 518 ‚
1319 477 1405 523 quod
1419 489 1486 513 tam

89 520 227 557 subitam
237 550 247 565 ‚
265 527 299 560 &
309 534 392 570 pene
403 533 669 558 momentaneam
682 520 804 558 efficiat
816 524 1087 560 contractionem.
1107 525 1160 558 Sic
1174 536 1287 560 omnes
1303 537 1389 574 pene
1401 527 1486 562 acidi

89 569 214 619 spiritus
230 570 298 606 fixis
311 570 424 606 salibus
435 572 572 606 admixti
581 570 718 606 subitam
731 571 1009 608 effervescenriam
1026 584 1206 620 procreant.

124 620 205 668 Qo
217 631 324 656 autem
335 621 368 654 id
379 620 478 656 modo
492 619 560 664 fiat,
574 620 721 656 divinare
731 624 832 671 magis
846 621 943 665 licet,
956 620 1054 669 quarn
1074 620 1236 670 explicare
1247 635 1254 657 :
1264 633 1326 657 nec
1343 623 1484 663 rationes

87 679 195 704 rerum
206 670 238 704 in
249 668 413 705 infinitum
423 669 596 716 quaerendae
615 668 685 705 sunt
699 699 710 713 ,
721 682 758 705 ac
772 673 850 705 certi
867 669 948 707 fines
959 668 1135 705 curiofitati
1147 671 1257 706 nostrae
1282 670 1352 706 sunt
1367 671 1485 707 consti-

89 717 209 753 tuendi.
228 719 342 753 Liceat
356 719 453 767 igitur
465 720 656 765 unicuique,
673 720 762 766 quod
779 718 837 755 fibi
851 718 1024 756 vetifimile
1036 717 1205 755 videbitur
1217 747 1227 763 ‚
1246 718 1372 756 afferre.
1396 723 1483 758 Ner-

87 778 147 801 vus
163 765 200 802 fit
209 766 372 802 fasciculus
383 779 425 802 ex
437 769 612 803 innumeris
623 766 711 802 fibris
725 767 917 817 compofitus
934 797 944 812 ,
962 780 1035 816 quae
1049 780 1135 802 cavae
1156 767 1216 803 siut
1236 779 1271 803 ut
1289 770 1459 805 arundines
1471 798 1482 812 ,

85 826 143 849 aut
157 817 244 850 cavis
258 816 438 851 interstitiis
447 816 622 860 diffluant,
641 822 675 854 &
690 815 855 866 spongiosa
874 816 1048 852 substantia
1066 815 1194 853 referta
1217 817 1311 851 instat
1330 818 1481 853 medullae

83 861 372 899 sambucivirentis
384 882 393 908 3
405 863 530 912 spiritus
547 865 694 900 animalis
704 877 761 913 per
770 878 823 900 eas
835 865 932 901 fibras
947 864 1112 908 discurrat,
1135 864 1308 903 substantia
1327 869 1481 904 nimirum

83 910 181 953 fluida
191 912 334 956 ,subtilis
345 942 355 956 ‚
371 925 467 961 pura,
484 911 637 958 aetuosa3
654 913 746 961 hujus
760 916 907 950 acredine
916 916 1009 950 nervi
1022 916 1080 962 qui
1094 913 1165 950 sunt
1183 913 1331 962 exquifiti
1354 913 1455 951 sensus
1470 945 1480 960 ,

83 962 204 997 irritati
225 962 328 997 statim
339 974 396 1010 per
414 960 510 998 fibras
522 962 701 1011 spongiosas
713 962 858 1010 spiritum
873 963 1092 999 transmittant
1110 975 1228 1010 ;atque
1244 963 1299 998 illa
1317 965 1478 1001 concuffio

83 1009 142 1047 fiat
151 1022 190 1046 ex
202 1010 376 1046 voluntatis
391 1013 530 1059 imperio
539 1040 549 1055 ‚
563 1012 661 1058 idque
676 1024 743 1047 non
758 1024 839 1047 caeca
853 1011 1040 1047 neceffitate
1049 1040 1059 1055 ‚
1071 1011 1124 1045 sed
1136 1010 1251 1048 habitu
1263 1013 1407 1059 quodam
1425 1026 1479 1049 ac-

82 1058 199 1106 quifito
221 1059 419 1108 perficiatur,
444 1061 522 1094 citra
539 1059 638 1094 ullam
653 1058 867 1096 reflexionem
883 1090 893 1105 ,
910 1063 987 1096 utin
997 1061 1090 1108 petiti
1101 1059 1266 1095 citharistae
1279 1061 1388 1109 digitis
1397 1075 1478 1098 con..

83 1109 202 1157 tingit:
219 1120 295 1143 nam
307 1107 350 1143 ab
364 1108 504 1143 infantia
519 1108 675 1144 tentando
687 1136 697 1152 ‚
711 1114 746 1146 &
761 1110 897 1144 errando
908 1110 1092 1145 edocemur.
1107 1111 1196 1144 Hinc
1207 1109 1416 1145 titubationes
1428 1114 1476 1148 in-

81 1157 224 1192 fantium
235 1168 300 1192 tam
311 1156 428 1192 crebrae
439 1186 448 1200 ‚
458 1157 562 1192 donec
575 1159 727 1193 incedant
737 1157 806 1195 soli.
822 1161 904 1196 Non
920 1157 1014 1193 aliter
1027 1170 1063 1191 ac
1076 1159 1228 1193 videmus
1244 1159 1394 1194 formicas
1407 1173 1474 1209 gra.

78 1218 122 1241 na
131 1206 245 1242 hordei
253 1217 310 1256 per
325 1207 464 1243 acclives
477 1208 545 1242 vias
558 1209 829 1256 importare,quae
841 1206 898 1243 ubi
908 1206 1140 1251 occluduntur,
1165 1207 1249 1243 aliud
1275 1209 1337 1242 iter
1361 1209 1473 1259 explo.

78 1266 162 1291 rant„

119 1306 236 1341 Succus
248 1315 357 1341 autem
367 1304 420 1340 ille
435 1317 569 1341 nerveus
583 1336 593 1351 ,
610 1311 645 1344 &
661 1305 778 1342 subtilis
795 1305 1007 1344 undulatione
1019 1305 1160 1354 quadam
1175 1305 1381 1351 diffunditur,
1402 1307 1475 1343 feto

79 1364 117 1389 ut
126 1354 242 1390 accidit
255 1355 411 1390 intestino
423 1367 507 1403 aqua
521 1354 621 1404 pleno
630 1385 641 1400 ,
656 1362 690 1393 &
705 1356 870 1400 utrimque
882 1353 983 1390 clauso
996 1367 1004 1388 ε
1015 1368 1088 1389 cum
1098 1358 1185 1390 enim
1198 1368 1268 1402 pars
1283 1361 1348 1405 ejus
1363 1367 1470 1391 extre-

78 1414 133 1438 ma
142 1403 195 1438 vel
207 1403 322 1438 leviter
333 1407 516 1439 concutitur
528 1432 538 1446 ,
549 1417 604 1440 aut
616 1407 772 1454 premitur
788 1433 797 1448 ,
810 1404 918 1439 statim
933 1406 1114 1439 commotio
1128 1405 1167 1439 ad
1178 1404 1264 1439 aliud
1287 1416 1471 1440 extremum

76 1450 310 1488 transmittitur.
325 1454 377 1487 Sic
393 1452 479 1488 forte
493 1452 558 1488 levi
572 1466 645 1489 com
670 1454 805 1490 reffione
823 1455 855 1487 in
871 1451 938 1501 ipso
955 1451 1111 1488 fibrarum
1127 1465 1241 1488 exortu
1257 1453 1343 1488 faeta
1355 1483 1365 1496 ,
1388 1453 1471 1488 succi

77 1503 189 1536 nervei
199 1501 331 1550 guttulae
343 1504 375 1536 in
385 1514 533 1536 carneam
544 1467 675 1537 musculi
686 1503 807 1537 molem
817 1500 1088 1537 effimduntur.Ac
1102 1502 1180 1537 licet
1193 1501 1365 1550 spongiosae
1377 1501 1469 1538 fibra:

73 1548 183 1584 oscula
196 1561 327 1599 pateant
343 1552 375 1584 in
388 1549 534 1585 musculis
545 1579 555 1594 ‚
573 1551 636 1585 levi
649 1564 755 1587 tamen
770 1552 994 1586 commotione
1012 1562 1091 1598 opus
1113 1551 1156 1585 est
1166 1563 1201 1586 ut
1214 1550 1346 1586 effluant
1359 1566 1367 1587 :
1382 1551 1468 1586 unde

76 1603 111 1636 δε
126 1599 325 1634 valvularum
339 1600 424 1633 vices
441 1600 688 1647 quodammodo
703 1599 850 1636 obeunt:
863 1601 1045 1634 commotio
1065 1610 1177 1635 autem
1200 1600 1257 1634 1112
1271 1612 1310 1635 ex
1330 1601 1470 1649 imperio

76 1647 256 1683 voluntatis
274 1647 494 1696 proficiscitur.

110 1697 197 1732 Cum
208 1695 311 1731 succus
325 1696 381 1731 ille
402 1708 538 1732 nerveus
554 1695 635 1732 solus
648 1695 693 1730 est
709 1725 718 1739 ‚
739 1697 765 1730 is
779 1709 846 1732 non
862 1695 990 1731 rarescit
1007 1711 1015 1733 ε
1041 1709 1148 1744 neque
1165 1700 1253 1733 enim
1276 1700 1368 1734 nervi
1380 1699 1466 1732 intu-

73 1744 229 1782 mescunt.
249 1745 348 1782 Unde
359 1744 482 1782 necess'e
495 1747 538 1780 est
549 1743 831 1781 ›utinmulculofit
840 1744 962 1793 sanguis
975 1775 984 1789 ‚
998 1745 1049 1780 vel
1073 1745 1226 1794 lympha,
1247 1760 1301 1783 aut
1324 1747 1466 1794 quodvis

70 1793 171 1830 aliud-
186 1796 228 1830 Et
236 1794 367 1842 quidem
381 1794 507 1844 languis
520 1794 650 1830 uberior
663 1793 704 1829 ab
716 1796 839 1829 arteriis
849 1797 1025 1829 incarnem
1036 1793 1167 1831 musculi
1177 1795 1364 1832 effunditur.
1377 1798 1466 1832 Hinc

73 1843 201 1893 spiritus
215 1846 298 1888 vini,
308 1855 364 1879 aut
378 1843 518 1894 fuliginis
530 1873 539 1888 ‚
553 1856 607 1880 aut
620 1855 718 1879 cornu
729 1846 816 1878 cervi
827 1847 948 1879 recenti
962 1843 1074 1881 affusus
1086 1843 1159 1895 sang
1172 1847 1225 1880 u‘ni
1241 1844 1377 1881 subitam
1387 1857 1465 1893 pro-

69 1904 161 1928 creat
178 1890 464 1931 effirve-s‘cemiam.
481 1893 650 1929 Sicoleum
665 1892 786 1927 vittioli
796 1906 868 1927 cum
878 1891 942 1928 sale
951 1895 1155 1928 ammoniaco
1168 1895 1296 1930 mistum
1311 1895 1363 1929 vel
1376 1894 1466 1943 frigi-

71 1941 147 1976 dam
169 1941 267 1977 efficit
285 1941 614 1986 ebullitionem‚dum
624 1944 751 1977 exitum
762 1941 887 1991 praebet
896 1941 1000 1979 fidinis
1016 1943 1179 1991 particulis
1198 1957 1270 1991 quae
1283 1945 1323 1979 ad
1339 1956 1463 1979 motum

72 1989 144 2026 sunt
157 1989 333 2026 succinant.
346 1993 459 2025 Suc-<cus
471 2003 578 2026 autem
589 2003 724 2026 nenveus
737 2020 746 2033 ‚
764 2003 820 2025 aut
830 1991 955 2039 spiritus
967 1991 1182 2035 animalis,aut
1195 2005 1388 2040 quocunque
1397 1993 1463 2027 alio

71 2039 211 2074 donetur
225 2041 358 2074 nomine
370 2069 379 2084 ,
395 2037 501 2074 salinae
515 2039 561 2073 est
571 2051 690 2075 naturae
703 2068 713 2081 ,
729 2039 920 2088 &impense
939 2040 1080 2076 volatilis
1096 2070 1104 2083 ‚
1124 2055 1196 2077 curn
1206 2042 1242 2078 fit
1257 2045 1399 2077 motricis
1411 2041 1461 2076 fa-

69 2087 197 2123 cultatis
210 2088 468 2124 instrumentum.
481 2091 509 2122 ls
524 2087 637 2123 fistulas
644 2087 859 2123 musculorum
868 2089 1046 2138 spongiosas
1056 2089 1181 2126 obsidet
1191 2121 1199 2134 ‚
1214 2104 1269 2127 aut
1288 2105 1397 2126 earum
1409 2092 1461 2125 in-

70 2137 208 2172 terstitia
219 2167 227 2181 ‚
239 2143 271 2174 ὅ(
287 2150 360 2172 ωτι]
374 2137 441 2172 aliis
451 2136 632 2185 ‘liquoribus
644 2137 784 2172 >subitam
799 2137 1024 2174 ebullitionem
1038 2138 1100 2175 effi:
1111 2142 1147 2176 it.
1171 2141 1225 2175 lsta
1247 2140 1340 2187 quida
1351 2153 1381 2173 m
1394 2168 1401 2181 ,
1424 2149 1461 2173 ut

67 2189 186 2231 cuique
203 2185 364 2221 videbitur
376 2201 383 2222 :
395 2200 469 2221 nam
484 2189 671 2243 conjecturae
679 2185 818 2222 >infinitae
829 2185 1036 2236 effe‘poffunt.
1050 2189 1114 2224 Sed
1131 2188 1208 2224 illud
1230 2188 1324 2223 nobis
1340 2189 1458 2222 certius

69 2237 105 2270 vi
114 2236 216 2280 lenit,
228 2238 294 2272 vim
311 2236 524 2271 musculorum
545 2249 562 2270 a
582 2237 767 2272 mechinica
778 2249 887 2272 eorum
907 2237 1038 2273 fabricat
1053 2250 1166 2283 magna
1188 2249 1225 2271 ex
1254 2249 1343 2284 parte
1361 2238 1391 2270 di
1403 2238 1432 2270 ci
1442 2264 1458 2278 .‚

67 2295 107 2318 ac
122 2284 217 2319 fibras
229 2316 238 2330 ‚
256 2298 291 2320 ut
302 2286 439 2320 diximus
451 2315 458 2328 ‚
473 2284 522 2320 eff
549 2285 636 2320 velut
650 2285 859 2321 ‹ratenulasssex
872 2287 1005 2322 infinitis
1020 2287 1107 2321 velut
1117 2285 1241 2320 annulis
1253 2291 1283 2322 &
1294 2284 1459 2320 meatibus

67 2344 240 2374 contextas
249 2365 260 2382 ‚
274 2335 344 2371 fere
361 2348 395 2371 ut
408 2334 543 2375 funiculi
557 2335 622 2372 fria,
638 2336 725 2383 Hinc
743 2336 790 2372 vis
803 2347 915 2374 eorum
924 2339 1036 2388 ingens
1052 2334 1238 2374 attollendis
1248 2333 1458 2385 ponderibus}
