1878 2724
355 142 404 186 1,8
748 135 1018 174 PHYSICAE
1058 138 1385 176 GENERALIS

354 199 503 238 tempore
516 199 577 222 tres
591 187 690 236 pedes
703 215 712 229 ,
724 187 944 270 tumquinfflue
957 213 967 229 ,
985 197 1054 220 tum
1067 184 1191 236 septem
1204 188 1304 237 pedes
1319 184 1536 230 decursurum
1554 185 1651 234 idque
1661 191 1753 236 juxta

352 250 560 275 numerorum
571 238 742 284 imparium
753 246 967 283 progreum:
980 234 1065 270 adeo
1086 248 1120 271 ut
1133 237 1233 285 spatia
1250 235 1380 272 decursa
1401 236 1522 286 agravi
1537 247 1674 285 corpore
1693 235 1752 272 sint

353 290 440 323 inter
460 286 490 320 se
519 298 554 320 ur
572 285 731 332 quadrata
756 296 959 332 temporum.

389 336 490 384 Qod
504 346 545 369 ne
560 337 666 369 minus
679 335 802 382 peritos
816 333 981 371 offendat,
999 331 1096 369 facile
1111 332 1266 381 explicari
1278 336 1392 384 potest.
1409 336 1572 371 Numerus
1591 337 1678 370 enim
1692 336 1752 383 qui

354 389 385 420 in
402 386 463 419 ieie
478 385 624 427 ducitur,
639 382 693 418 seu
709 382 944 431 multiplicatur
955 412 966 427 ,
981 382 1081 419 aliurn
1100 381 1199 417 efficit
1216 397 1410 428 numerum,
1433 396 1533 431 quem
1557 386 1673 433 prioris
1691 396 1753 420 nu-

352 435 432 470 meri
447 432 642 480 quadratum
657 431 833 481 appellant.
855 435 909 467 Sic
923 432 987 467 duo
1002 433 1037 467 in
1055 430 1116 466 sese
1131 432 1346 481 multiplicata
1359 462 1368 477 ‚
1394 444 1534 479 quatuor
1545 461 1554 475 ,
1584 435 1644 468 tria
1671 436 1704 468 in
1721 433 1752 468 se

353 484 450 518 ducta
464 493 587 517 novem
598 481 877 530 efficiunr.1taque
888 484 1112 529 quaternarius
1125 483 1184 516 erit
1196 483 1392 528 quadratum
1407 481 1543 525 binarii,
1560 494 1595 517 ut
1604 496 1753 518 novena..

352 535 415 568 rius
430 533 580 575 ternarii,
601 544 639 566 ac
651 531 784 567 dicimus
799 531 959 566 binarium
979 529 1040 566 esse
1050 530 1153 573 latus,
1164 542 1218 565 aut
1227 532 1367 566 radicem
1381 532 1581 579 quaternarii
1598 559 1608 573 ‚
1630 543 1666 566 ur
1685 543 1752 567 ter-

352 583 481 617 narium
495 584 667 617 novenarii
681 580 739 617 :sic
754 595 790 627 4.
801 580 871 616 sunt
885 581 975 615 radix
986 594 992 612 ι
1002 588 1037 617 6:
1050 592 1125 615 nam
1140 591 1278 627 quatuor
1293 583 1324 615 in
1344 579 1373 615 se
1390 582 1486 616 dueta
1497 577 1642 615 efficiunt
1662 588 1715 617 16„

388 632 469 666 Hoc
485 631 584 679 igitur
603 629 754 666 volumus
767 659 777 674 ‚
796 629 884 679 quod
901 629 1055 679 sicorpus
1075 641 1175 677 grave
1200 632 1283 665 intra
1299 641 1423 664 certum
1448 640 1576 677 tempus
1589 658 1598 673 ‚
1617 641 1652 664 ut
1669 632 1754 665 intra

353 682 519 717 minutum
530 679 704 716 secundum
715 709 724 722 ‚
745 684 756 725 (
771 678 810 714 fic
825 691 944 715 vocant
961 677 1186 727 sexagesimam
1202 691 1328 730 partem
1337 681 1430 714 unius
1439 680 1556 714 minuti
1575 680 1684 727 primi,
1700 678 1753 716 seu

352 727 548 779 sexagefimae
563 731 661 778 partis
673 731 764 765 unius
784 729 988 771 horae)unam
1001 728 1246 776 exapedarn‚seu
1259 728 1310 764 lex
1320 729 1420 777 pedes
1433 727 1658 764 descendendo
1672 741 1753 764 con-

352 780 491 823 fecerit,
505 784 515 825 (
530 779 621 827 quod
635 778 777 826 exempli
790 778 864 812 loco
883 780 1031 826 ponimus
1046 780 1076 820 ·,)
1110 774 1255 813 secundo
1273 790 1420 826 tempore
1441 789 1502 812 tres
1522 777 1684 825 exapedas
1698 778 1753 812 de-'

352 841 458 864 curret
474 857 484 872 ,
503 841 573 876 quae
591 841 663 863 cum
687 831 795 877 prima
811 829 989 876 conjuanae
1012 824 1156 862 efficiunt
1170 838 1319 875 quatuor.
1348 830 1462 874 Itaque
1475 826 1606 861 duobus
1621 828 1753 862 minutis

353 878 496 915 secundis
518 890 660 926 quatuor
677 877 829 926 exapedae
842 875 1066 912 conficientur.
1086 877 1229 925 Jamque
1243 876 1455 919 intelligimus
1473 887 1613 923 quatuor
1633 887 1754 925 exape-

353 928 409 962 das
420 957 429 971 ‚
442 927 494 962 seu
509 926 646 976 spatium
659 926 825 962 decursum
837 924 897 961 effe
907 925 1098 973 quadratum
1109 926 1246 960 duorum
1256 919 1468 961 secundorum
1477 955 1487 969 ,
1498 924 1549 960 seu
1561 922 1651 973 ipsius
1665 936 1757 960 tern-

354 979 453 1026 poriS.
471 979 525 1012 Sic
535 979 633 1012 tertio
645 979 772 1011 minuto
790 978 937 1023 quinque
948 975 1098 1024 exapedae
1109 987 1333 1023 percurrentur
1344 1004 1354 1018 ,
1375 976 1574 1022 quaejunchae
1588 986 1660 1009 curn
1670 986 1754 1022 qua-

356 1039 428 1061 tuor
442 1032 509 1075 jam
522 1024 655 1061 decursis
673 1023 818 1060 efficiunt
836 1035 959 1065 novem
970 1052 979 1066 ,
1000 1024 1191 1072 quadratum
1209 1022 1332 1059 scilicet
1346 1025 1487 1058 ternarii.
1515 1025 1628 1070 Qiare
1646 1022 1757 1059 tribus·

356 1077 490 1111 minutis
500 1074 643 1110 secundis
654 1087 777 1111 novem
794 1074 946 1122 exapedae
959 1085 1177 1122 peragrantur,
1195 1078 1228 1110 δέ
1244 1085 1368 1121 tempus
1382 1072 1505 1120 semper
1520 1072 1574 1106 est2
1582 1071 1670 1106 radix
1681 1071 1751 1120 spa-

357 1127 392 1160 tii
411 1123 539 1161 decursi.
555 1125 656 1162 Unde
675 1135 812 1172 quatuor
823 1125 956 1159 minutis
968 1122 1113 1158 secundis
1123 1123 1312 1171 16'exapedae
1322 1125 1592 1171 percurruntur‚&
1602 1122 1647 1155 ita
1661 1120 1752 1157 dein.

355 1187 441 1222 ceps·

390 1226 478 1259 Rem
500 1222 580 1260 vero
597 1227 641 1259 ita
651 1222 681 1259 se
695 1222 818 1260 habere
831 1237 896 1259 non
907 1221 1060 1259 Galilaeus
1071 1218 1171 1257 modo
1183 1251 1193 1266 ,
1210 1219 1262 1257 sed
1273 1223 1373 1258 etiam
1391 1220 1446 1256 alii
1459 1217 1598 1268 insignes
1610 1222 1751 1256 Geome.

356 1285 410 1307 trae
424 1276 517 1307 variis
534 1275 772 1321 experimentis
784 1271 1055 1320 comprobarunt.
1070 1270 1180 1306 Primo
1195 1271 1309 1305 tubum
1323 1273 1475 1315 vitre-um,
1492 1275 1525 1306 δι
1537 1268 1751 1318 praelongum,

355 1333 495 1370 eumque
510 1324 541 1357 in
557 1334 662 1370 partes
676 1320 812 1356 divisum
828 1320 1006 1356 adhibuere
1026 1335 1033 1356 :
1052 1320 1125 1355 huic
1139 1332 1205 1354 non
1219 1321 1259 1354 ad
1278 1318 1543 1368 perpendiculum
1559 1319 1679 1361 ετεᾶο,
1696 1318 1751 1352 sed

353 1371 492 1406 multum
517 1372 673 1406 inclinato
685 1370 856 1419 globulum
867 1368 1046 1418 imposuere
1058 1396 1068 1412 ,
1092 1382 1128 1404 ut
1139 1368 1259 1403 lentior
1270 1367 1345 1404 esset
1363 1367 1545 1411 descensus,
1567 1371 1599 1403 ὃ(
1617 1366 1744 1402 facilius

353 1419 518 1455 observari
537 1418 648 1468 posset.
666 1422 751 1455 Cum
770 1422 880 1467 itaque
892 1419 998 1468 plures
1009 1421 1044 1454 in
1064 1419 1094 1452 id
1105 1420 1169 1452 acri
1189 1418 1294 1453 studio
1310 1419 1542 1460 intenderent,
1558 1428 1672 1451 ornnes
1689 1429 1760 1466 pro>

353 1483 524 1519 comperto
543 1469 687 1505 habuere
699 1498 709 1513 ,
727 1469 816 1517 quod
825 1468 975 1518 globulus
987 1470 1062 1516 ,qui
1075 1469 1182 1516 primo
1195 1469 1352 1517 temporis
1364 1465 1539 1502 intervallo
1559 1494 1569 1509 ,
1593 1479 1626 1502 V.
1643 1478 1689 1515 gr.
1704 1468 1751 1501 in'-

354 1530 402 1553 tra
413 1521 536 1554 arteriae
550 1518 674 1568 pulsum
687 1549 696 1563 ‚
707 1531 806 1554 unam
822 1518 892 1553 tubi
908 1529 1035 1566 partem
1047 1515 1241 1551 decurrebat
1254 1545 1264 1560 ,
1282 1516 1421 1551 secundo
1438 1527 1587 1563 tempore
1607 1527 1670 1550 tres
1681 1527 1759 1564 pat--

353 1580 400 1602 tes
417 1599 426 1611 ‚
453 1571 549 1603 tertio
568 1572 695 1603 arteriae
707 1565 795 1616 pulsu
810 1569 954 1615 quinque
963 1577 1072 1615 partes
1089 1595 1098 1609 ,
1118 1571 1152 1602 ὃ(
1164 1567 1209 1600 ita
1220 1567 1374 1614 deinceps
1386 1575 1580 1614 peragraret.

391 1633 416 1654 2.
429 1617 659 1665 Funependula
682 1617 798 1651 eadem
810 1615 935 1665 prorsus
953 1617 1082 1650 ratione
1093 1613 1159 1649 suas
1175 1614 1277 1650 edunt
1287 1614 1506 1651 vibrationes,
1525 1616 1614 1650 Nam
1627 1614 1762 1663 pendu->

352 1666 418 1702 lum
438 1668 526 1715 quod
540 1666 596 1702 filo
614 1668 712 1702 trium
724 1666 845 1714 pedum
861 1695 871 1710 ,
885 1672 919 1703 δι
930 1663 1026 1714 paulo
1039 1664 1176 1713 amplius
1186 1662 1385 1713 suspenditur
1395 1693 1404 1708 ‚
1418 1666 1503 1699 intra
1520 1665 1685 1699 minutum
1702 1663 1750 1698 se..

352 1716 495 1751 cundum
507 1715 728 1750 vibrationem
747 1714 833 1749 suam
844 1743 853 1758 ‚
876 1715 939 1750 hoc
951 1714 1016 1756 est,
1033 1711 1215 1748 descensum
1229 1742 1240 1756 ,
1255 1719 1289 1749 &
1303 1711 1608 1760 ascenfixmperficir
1626 1741 1636 1756 ,
1659 1711 1761 1759 quast>

353 1768 386 1800 in
400 1765 496 1813 plano
509 1765 673 1799 inclinato.
692 1764 781 1798 Curn
794 1762 974 1810 quadruplo
984 1764 1028 1796 est
1039 1761 1164 1808 longius
1175 1789 1185 1804 ,
1199 1773 1318 1807 nempe
1331 1761 1506 1795 duodecim
1523 1761 1643 1808 pedum
1654 1789 1664 1802 ,
1679 1773 1746 1797 non

353 1813 536 1861 quadruplo
546 1823 694 1861 ternpore
713 1840 723 1854 ,
739 1822 775 1846 ut
789 1813 996 1858 contingeret
1005 1839 1015 1854 ‚
1027 1809 1048 1844 fi
1057 1808 1223 1856 aequabilis
1240 1808 1318 1844 effer
1335 1811 1482 1857 gravium
1494 1820 1612 1852 motus,
1625 1808 1677 1844 sed
1688 1809 1749 1844 du-

353 1862 410 1910 plo
429 1873 558 1897 tantum
576 1858 866 1909 ternpore,duobus
880 1870 1000 1908 nempe
1014 1860 1147 1894 minutis
1165 1856 1307 1894 secundis
1318 1857 1539 1893 vibrationem
1562 1856 1647 1894 suam
1675 1856 1747 1893 effi..

354 1913 489 1958 cit-Jam
504 1909 525 1945 si
540 1910 719 1960 pendulum
735 1908 771 1944 fit
787 1911 904 1944 novies
917 1908 1045 1957 longius
1056 1936 1069 1950 ,
1084 1918 1202 1956 nempe
1218 1922 1253 1952 27
1283 1907 1402 1953 pedum
1417 1934 1428 1950 ‚
1449 1908 1532 1941 intra
1548 1908 1607 1941 tria
1619 1908 1752 1942 minuta>

354 1959 490 1995 secunda
508 1972 615 1996 arcum
629 1956 904 2002 suum‘describet3
916 1957 1002 2001 adeo
1010 1969 1047 2005 ut
1057 1955 1156 2005 spatia
1171 1955 1299 1992 decursa
1310 1955 1368 1991 sint
1381 1956 1537 2004 quadrata
1547 1966 1746 2004 temporum:

355 2009 442 2057 quod
462 2011 549 2044 enim
568 2008 746 2058 pendulum
769 2010 885 2042 novies
902 2007 946 2042 est
963 2006 1017 2042 lon
1042 2008 1109 2050 ius,
1129 2005 1227 2054 triplo
1243 2014 1391 2054 tempore
1412 2003 1585 2053 perficitur.

394 2073 419 2105 3.
434 2057 516 2092 Illud
535 2070 670 2105 quoque
686 2056 835 2092 nonnulli
851 2060 883 2091 in
895 2020 1044 2091 descenffi
1057 2056 1205 2104 gravium
1218 2053 1475 2104 perpendiculari
1484 2055 1622 2101 experiri
1633 2054 1747 2090 volue.

355 2120 411 2142 re:
433 2105 482 2141 sed
497 2107 594 2155 paulo
614 2105 776 2152 operosior
793 2106 836 2141 est
849 2106 903 2140 illa
919 2106 1109 2153 experiendi
1123 2107 1219 2141 ratio.
1237 2108 1351 2152 Itaque
1374 2106 1398 2138 ii
1415 2103 1632 2151 pertendunt,
1655 2104 1751 2151 quor}

355 2160 438 2191 intra
450 2157 614 2192 minutum
626 2155 797 2192 secundum
808 2167 909 2205 grave
926 2166 965 2189 ex
979 2154 1153 2189 duodecim
1167 2155 1289 2203 pedum
1308 2152 1477 2189 altitudine
1493 2152 1644 2196 decidat;
1660 2154 1748 2187 intra

355 2205 566 2240 duo'minuta
579 2204 714 2240 secunda
735 2209 784 2250 48
813 2204 911 2253 pedes
932 2201 1085 2238 conficiat
1100 2221 1109 2247 ;
1122 2204 1205 2238 adeo
1220 2215 1255 2238 ut
1276 2204 1382 2251 primo
1399 2201 1553 2249 temporis
1572 2198 1672 2247 spatio
1691 2214 1723 2236 η
1736 2229 1748 2244 ,

356 2255 494 2289 seeundo
509 2262 544 2299 36
562 2255 658 2303 pedes
675 2283 685 2297 ‚
699 2253 763 2289 hoc
774 2255 822 2289 est
832 2252 964 2302 triplum
976 2254 1093 2301 prioris
1112 2253 1310 2297 confecerit3
1330 2249 1445 2287 verum
1463 2260 1550 2284 error
1571 2248 1690 2295 aliquis
1711 2251 1744 2284 in

357 2315 423 2337 tam
437 2307 691 2353 praecipitimotu
707 2306 816 2352 potuit
832 2305 973 2352 irrepere
988 2332 998 2346 ‚
1027 2313 1061 2336 ut
1077 2303 1188 2349 postea
1214 2302 1368 2336 dicemus,
1385 2301 1485 2335 Nunc
1501 2299 1642 2332 rationes
1662 2297 1745 2345 ipsas

358 2364 426 2387 tam
437 2354 590 2391 mirabilis
605 2351 740 2391 effeetus
754 2355 950 2403 inquiramus
968 2352 1040 2389 :hae
1054 2353 1175 2401 quippe
1191 2350 1211 2388 ὲ
1227 2348 1366 2399 Physicis
1376 2350 1482 2398 potius
1493 2346 1594 2396 quam
1611 2346 1630 2383 a
1654 2348 1745 2393 Geof

898 2464 902 2489 l

891 2493 901 2506 J
