1878 2724
431 135 502 170 DE
540 132 727 169 MOTU
769 132 1039 170 smmum.
1382 149 1426 184 315.

74 198 122 221 ars
134 184 274 234 quaedam
293 183 408 217 caeteris
420 181 552 217 lucidior
563 209 573 224 ,
594 193 664 228 quae
677 184 709 217 in
719 181 837 217 eodem
848 179 972 230 semper
985 182 1060 218 loco
1070 182 1246 232 apparebat
1258 212 1267 227 ,
1284 184 1361 220 licet
1374 198 1426 220 re.

4 238 5 272 l
65 238 146 284 iqua:
157 231 365 269 macula->loca
377 228 506 265 subinde
525 241 698 266 mutarent.

515 328 758 366 CAPUT
810 328 928 364 VIII.

627 427 682 460 De
700 426 722 461 I
722 437 792 461 ove.

1 489 5 577 l
96 531 215 578 Upiter
233 530 377 565 Martem
391 528 511 575 excipit
522 554 532 568 ,
549 522 634 571 isque
661 522 764 571 spatio
777 535 810 559 ιι
824 534 980 558 annornm
994 524 1080 560 suum
1091 527 1260 564 circuitum
1271 529 1404 566 conficit
1419 547 1430 575 ·,

1 582 4 592 '
49 526 85 629 J
100 582 131 614 in
148 578 374 626 conjunctione
392 589 464 611 cum
475 574 539 609 sole
551 571 682 607 multo&
699 571 793 607 nobis
805 571 851 606 est
865 576 1021 607 remotior
1032 602 1042 616 ,
1057 574 1155 621 quiam
1167 577 1199 610 in
1211 577 1429 624 oppositione:

52 630 136 662 adeo
149 638 185 661 ut
204 628 272 661 fere
285 626 417 662 dimidia
431 625 475 659 sui
489 634 579 671 parte
594 625 694 670 major
704 621 854 657 videatur
881 633 954 656 cum
972 621 1030 656 soli
1048 627 1221 670 opponitur
1234 653 1245 668 ,
1260 626 1357 672 quum
1372 628 1431 662 ubi

52 676 115 712 unii
126 681 376 721 conjunguntur:
389 684 424 707 ut
439 675 528 707 Mars
547 670 616 707 fere
633 669 806 718 quintuplo
813 670 856 704 est
868 675 971 718 major
980 683 1054 705 cum
1073 683 1163 706 terrae
1177 673 1223 706 est
1243 678 1407 721 proximus
1422 706 1432 720 ,

52 725 150 772 quiam
159 723 214 757 ubi
223 723 265 757 ab
278 735 316 757 ea
329 725 469 757 maxime
488 721 578 754 distat
597 733 605 754 ς
620 718 672 753 sed
688 731 761 754 cuni
773 719 872 753 multa
886 723 919 754 in
938 720 1105 768 ipsoJovis
1118 720 1220 770 globo
1237 722 1256 757 ὲ
1273 726 1312 758 D.
1331 725 1433 762 Cass-

51 787 96 810 uo
109 771 166 807 sint
177 771 344 807 observata
354 769 541 819 diligentius
559 797 568 811 ,
586 780 623 802 ea
637 766 746 803 cursim
763 768 1023 817 perstringemus,

0 821 3 869 l
92 822 222 870 Jupiter
238 831 329 855 tanto
341 819 362 855 ὲ
379 823 487 855 Marte
508 818 604 853 distat
623 816 795 852 intervallo
806 845 817 860 ,
838 829 875 852 ut
897 830 935 852 ea
951 818 1095 854 distantia
1107 818 1142 854 sit
1157 819 1251 869 dupla
1271 821 1351 858 illius
1365 835 1436 870 quae

0 872 2 901 ὲ
52 871 136 905 inter
147 872 289 905 Martem
300 874 334 906 δε
343 869 442 903 solem
460 870 628 915 interjacet
639 879 648 901 ε
664 866 752 913 quod
762 879 830 901 non
840 869 1008 903 minimam
1022 867 1194 903 dubitandi
1206 869 1331 918 praebet
1342 884 1436 906 occa-

53 918 172 955 sionem
186 947 196 962 ,
218 931 258 953 an
275 918 361 955 forte
376 920 411 953 in
427 930 467 953 eo
479 916 583 965 spatio
591 914 932 964 infintaliquiplanetae
943 928 996 951 aut
1006 918 1214 962 minutiores,
1230 931 1286 956 aut
1305 921 1434 956 maculis

54 966 202 1003 obducti.

91 1031 120 1053 2.
134 1019 170 1051 In
182 1015 281 1065 ellipfi
297 1018 466 1052 circuitum
480 1017 561 1050 circa
571 1014 670 1050 solem
685 1013 724 1050 fic
735 1013 877 1062 perficit,
889 1025 923 1049 ut
934 1014 1122 1051 solaltetum
1132 1028 1172 1052 ex
1181 1016 1262 1053 focis
1274 1017 1435 1063 obtineat,

55 1070 90 1103 &
104 1069 261 1114 majorem
270 1066 462 1100 diametrum
472 1065 596 1099 dividat
615 1066 648 1098 in
663 1075 702 1098 ea
716 1065 842 1098 ratione
853 1076 922 1110 quae
932 1065 976 1101 est
990 1078 1024 1101 10
1038 1065 1077 1098 ad
1096 1078 1108 1100 1
1126 1078 1136 1101 r
1163 1079 1171 1100 :
1191 1069 1328 1102 maxima
1353 1067 1436 1103 illius

56 1113 77 1149 ὲ
87 1113 151 1148 sole
169 1114 313 1148 distantia
325 1117 343 1150 8
353 1113 455 1148 Librae
465 1113 597 1161 gradum
606 1123 742 1158 occupat
755 1140 765 1154 ‚
782 1123 819 1146 ut
829 1114 964 1147 minima
980 1113 1020 1147 ad
1036 1113 1188 1148 oetavum
1199 1127 1245 1162 gr:⁴
1255 1117 1373 1150 Arietis
1387 1129 1437 1150 re-

57 1162 169 1199 fertur.
181 1163 231 1198 Sic
250 1161 379 1210 planum
388 1161 440 1197 seu
450 1160 654 1208 orbitaJovis
665 1160 844 1208 eclipticam
857 1161 940 1196 secat
956 1164 991 1196 in
1004 1172 1117 1197 centro
1133 1160 1205 1197 solis
1215 1191 1225 1206 ,
1238 1175 1274 1198 ac
1290 1163 1374 1198 linea
1390 1163 1438 1199 se-

58 1212 171 1249 &ionis
190 1211 262 1248 hinc
275 1211 315 1245 ad
335 1214 352 1248 8
370 1211 489 1246 Cancri
500 1211 594 1253 ‚inde
603 1210 643 1244 ad
661 1212 678 1245 8
695 1210 884 1257 Capricorni
897 1209 1052 1258 dirigitur.
1069 1211 1160 1245 Nodi
1181 1213 1214 1246 in
1226 1213 1385 1247 orientem
1399 1213 1439 1248 fic

59 1271 230 1295 moventur
243 1270 279 1294 ut
296 1272 352 1294 100
362 1270 519 1294 annorum
530 1257 633 1305 spatio
654 1269 754 1293 unum
776 1258 907 1305 gradum
924 1269 1107 1307 percurrant
1118 1287 1128 1302 ,
1152 1271 1188 1294 ut
1201 1261 1380 1308 Aphelium
1398 1265 1437 1307 76

58 1309 148 1344 annis
161 1308 292 1357 gradum
307 1321 404 1343 unum
417 1306 548 1342 conficit
562 1308 725 1342 orientem
742 1304 858 1343 versus·

99 1369 111 1400 3
122 1358 266 1404 ‘’Jupiter
276 1356 444 1404 praelongis
456 1354 542 1390 tubis
556 1354 638 1390 visus
651 1368 716 1390 non
728 1357 818 1391 omni
832 1368 870 1391 ex
888 1365 981 1402 parte
991 1357 1146 1393 rotundus
1159 1359 1313 1401 cernitur,
1330 1357 1383 1392 sed
1401 1359 1440 1394 il-

60 1405 118 1442 lius
128 1407 285 1440 diameter
294 1404 335 1440 ab
351 1416 423 1441 ortu
436 1406 467 1439 in
480 1402 625 1438 occasum
638 1402 736 1450 paulo
747 1403 792 1438 est
803 1402 978 1451 oblongiot
988 1433 997 1446 ,
1014 1406 1112 1452 quiam
1124 1418 1194 1452 quae
1211 1405 1231 1441 ὲ
1246 1406 1440 1454 septentrio-

59 1466 101 1490 ne
121 1456 152 1489 in
161 1453 310 1488 Austrum
328 1454 462 1488 ducitur.
473 1451 714 1502 Globumjovis
725 1454 818 1488 variae
833 1450 920 1488 velut
935 1450 1034 1488 fasciae
1047 1453 1185 1489 obscurae
1196 1457 1331 1502 cingunt
1348 1467 1356 1490 ι
1380 1468 1442 1490 nec

59 1503 204 1539 constans
215 1503 258 1538 est
266 1514 375 1538 earum
386 1513 543 1538 numerus.
560 1500 726 1536 Interdum
740 1503 880 1548 quinque
891 1512 1062 1538 cernuntur
1073 1531 1082 1545 ‚
1094 1502 1269 1550 aliquando
1292 1516 1352 1538 una
1371 1514 1443 1538 tan-

61 1562 131 1586 tum
140 1549 340 1598 conspicitur.
361 1552 441 1598 Qae
451 1551 594 1584 medium
615 1548 683 1583 fere
707 1548 1072 1597 globumiuvolvit‚est
1084 1554 1205 1585 caeteris
1219 1552 1415 1586 constantior
1432 1566 1442 1587 z
1494 1592 1495 1596 Ἰ

61 1600 189 1647 reliquae
203 1598 338 1634 subinde
348 1610 524 1647 augentur,
540 1608 593 1632 aut
603 1599 810 1641 minuuntur3
829 1598 991 1633 interdum
1010 1599 1114 1646 plures
1137 1602 1170 1634 in
1182 1612 1279 1634 unum
1298 1603 1414 1635 co'e'unt
1435 1628 1444 1640 ,

61 1659 117 1682 aut
132 1660 194 1682 una
208 1650 242 1683 in
259 1647 363 1695 plures
377 1647 538 1683 dividitur.
553 1647 604 1680 Sic
613 1645 783 1680 intervalla
798 1648 881 1681 inter
895 1645 1042 1681 obscuras
1052 1647 1162 1682 fascias
1175 1647 1328 1682 lucidiora
1337 1660 1441 1694 quan-

63 1696 172 1742 doque
188 1697 220 1731 in
237 1696 339 1743 plures
357 1708 463 1743 partes
476 1724 486 1739 ‚
509 1694 600 1729 velut
626 1696 658 1730 in
683 1694 819 1729 totidem
838 1692 950 1729 insulas
968 1696 1154 1732 dividuntur
1169 1725 1178 1739 ‚
1203 1708 1272 1742 quae
1287 1697 1442 1744 paulatim

65 1746 300 1780 imminuuntur
311 1759 318 1781 :
328 1746 410 1779 adeo
425 1756 460 1779 ut
471 1756 508 1779 ex
519 1741 642 1779 duabus
656 1741 756 1779 fasciis
771 1742 967 1779 subobscuris
978 1756 1040 1778 una
1054 1743 1296 1781 coalescat.1³0st
1310 1745 1442 1791 aliquod

64 1795 217 1841 temporis
228 1793 433 1828 intervallum
450 1793 586 1827 redeunt
601 1789 702 1827 insulae
714 1791 822 1826 lucidae
833 1821 841 1835 ‚
854 1792 1104 1828 &intervallum
1123 1792 1261 1828 lucidum
1274 1795 1308 1827 in
1326 1794 1444 1828 eodem

64 1841 138 1878 loco
158 1841 309 1888 paulatim
329 1853 507 1889 procreant.
531 1842 583 1874 Sic
603 1841 635 1874 in
655 1839 754 1875 fasciis
774 1839 914 1878 obscuris
941 1841 1073 1876 macula:
1092 1842 1234 1877 candidae
1251 1847 1284 1878 &
1301 1843 1445 1876 rotunda:

65 1901 234 1937 emergunt
249 1917 258 1931 ‚
270 1902 342 1938 quae
356 1903 429 1925 cum
438 1888 622 1936 aliquandiu
634 1888 863 1937 permanserint
875 1917 887 1934 ,
904 1889 1005 1924 rursus
1015 1889 1209 1927 evanescunt
1221 1920 1230 1934 ,
1243 1890 1311 1939 post
1320 1902 1445 1926 certum

68 1940 220 1984 temporis
234 1938 438 1974 intervallum
456 1939 610 1972 rediturae.
1316 1982 1318 1985 Ι

103 1993 151 2032 43
164 1987 223 2020 Hae
240 1986 368 2022 maculae
383 1986 425 2021 ab
446 1997 520 2021 ortu
538 1988 570 2020 in
584 1985 728 2020 occasum
744 1988 776 2021 in
787 1998 877 2035 parte
893 1986 989 2022 nobis
1001 1987 1135 2023 obversa
1152 1987 1191 2021 fic
1204 2000 1374 2024 moventur
1387 2018 1396 2033 ,
1408 2001 1444 2025 ut

67 2035 266 2083 prope-jovis
279 2045 424 2070 centrum
434 2046 540 2070 motus
551 2045 656 2068 earum
668 2033 704 2069 fit
712 2035 848 2069 celerior
858 2064 868 2079 ‚
879 2041 912 2072 &
923 2036 1089 2072 oculorum
1101 2035 1263 2083 aspedkum
1277 2036 1445 2086 effugiant,

69 2081 246 2131 priusquam
256 2082 296 2116 ad
307 2093 484 2118 extremum
504 2083 678 2129 marginem
695 2087 911 2129 pervenerint.
928 2087 1040 2119 Motus
1060 2085 1115 2121 ille
1132 2084 1234 2132 spatio
1248 2100 1266 2131 9
1284 2087 1444 2125 horarum,

71 2133 148 2177 &56
161 2132 356 2165 minutorum
367 2130 548 2178 perficitur:
569 2130 655 2176 quod
669 2143 709 2164 eo
721 2136 874 2179 temporis
891 2133 993 2181 spatio
1009 2134 1048 2168 ad
1059 2134 1199 2169 eundem
1213 2134 1320 2169 locum
1337 2146 1445 2168 rever-

72 2190 187 2214 tantur.
211 2182 256 2214 Ex
269 2179 331 2213 hoc
345 2180 475 2225 quidem
495 2189 585 2213 motu
597 2177 775 2225 colligimus
792 2180 984 2216 obscuriores
1000 2181 1110 2216 fascias
1118 2184 1241 2232 Jovem
1264 2195 1330 2216 non
1353 2184 1445 2216 omni

71 2240 110 2262 ex
121 2238 211 2274 parte
222 2230 351 2275 cingere
369 2257 377 2270 ‚
389 2239 449 2262 nec
466 2228 625 2274 integrum
643 2227 794 2264 circulum
810 2242 861 2264 eas
880 2230 1069 2276 plerumque
1092 2230 1258 2264 absolvere
1269 2258 1279 2272 ‚
1293 2229 1345 2264 sed
1362 2229 1445 2264 mul-

73 2278 111 2310 tis
124 2279 157 2310 in
171 2275 247 2310 locis
258 2278 447 2324 interruptas
459 2286 611 2324 appatere
622 2275 720 2310 :adeo
730 2287 765 2310 ut
779 2279 811 2311 in
822 2279 934 2313 eadem
952 2281 1049 2314 noete
1058 2280 1158 2313 varias
1173 2277 1220 2311 sui
1237 2277 1354 2325 species
1366 2290 1445 2326 prae-

73 2323 190 2366 beant..

108 2374 191 2408 Sunt
203 2372 352 2419 quaedam
363 2371 491 2411 maculae
514 2372 694 2421 fugaciores
714 2385 786 2422 quae
802 2376 960 2426 integram
974 2376 1142 2424 periodum
1163 2387 1230 2410 non
1246 2373 1418 2413 absolvunt
1434 2405 1445 2421 ,

1185 2425 1218 2458 R
1231 2435 1244 2457 r
1263 2425 1284 2470 1'1'
