1878 2724
427 178 498 211 474
738 159 992 198 PHYSICAE
1031 159 1169 197 PARS
1218 159 1519 199 SECUNDA]

428 215 484 247 ille
497 212 581 247 estin
597 211 688 260 lignis
701 238 710 252 ‚
727 210 830 258 liquor
848 209 912 257 ipse
927 209 1048 256 spiritus
1063 222 1183 245 nornen
1198 213 1315 258 accipit
1328 223 1418 254 3cum
1429 210 1550 246 sensum
1567 209 1679 245 caloris
1699 209 1818 260 linguae

430 263 586 309 imprimit
599 289 607 303 ‚
619 271 684 294 tum
699 258 824 307 spiritus
843 270 916 293 acer
930 259 1065 301 dicitur3
1086 258 1270 307 sulphureus
1289 259 1348 294 ubi
1360 258 1450 308 sapor
1470 259 1555 294 illius
1576 258 1745 308 sulphureo
1757 260 1814 297 sali

429 311 475 344 est
494 307 595 344 affinis
621 324 630 352 3
647 307 761 343 salinus
781 320 854 342 cum
878 306 946 342 salis
961 309 1076 342 marini
1096 306 1242 356 saporem
1255 307 1357 343 refert
1373 322 1381 344 :
1399 321 1472 343 cum
1487 307 1576 356 sapor
1587 308 1641 343 ille
1655 308 1701 342 est
1714 309 1816 344 vehe-

427 359 567 392 mentior
578 385 587 399 ,
600 356 741 391 urinosus
756 355 954 405 appellatur3
969 358 1103 399 mixtuS,
1118 359 1173 404 qui
1195 369 1234 392 ex
1256 356 1424 405 sulphureo
1439 363 1473 394 &
1487 358 1580 392 acido
1594 359 1812 404 componitut5

425 407 538 439 ardens
551 408 607 452 qui
623 405 664 439 est
680 403 922 441 iiiflamriiabilis
933 411 966 444 δε
980 404 1116 453 aquosus
1127 434 1137 450 ‚
1148 405 1211 441 hoc
1231 405 1289 450 est,
1299 408 1354 455 qui
1373 418 1447 442 curn
1462 418 1545 454 aqua
1559 405 1680 442 misceri
1700 407 1813 454 potest,

428 467 464 489 ut
480 453 603 502 spiritus
627 456 705 490 viiii.
1001 459 1003 461 ’

471 506 515 538 Ex
531 501 682 538 omnibus
695 502 811 552 plantis
823 503 870 538 hae
890 515 1004 538 omnes
1024 502 1202 538 substantiae
1225 506 1373 540 extra&ae
1387 517 1452 540 non
1471 505 1620 541 fuerunt:
1637 515 1678 538 ex
1694 505 1811 552 paucis,

422 562 460 585 ut
477 551 630 595 diximus,
645 551 770 600 spiritus
787 551 842 586 ille
858 554 1030 587 acerrimus
1044 554 1165 600 prodiit
1176 569 1185 596 3
1197 565 1235 587 ex
1251 552 1399 589 elleboro
1419 565 1542 590 tantum
1560 582 1569 596 ‚
1588 552 1812 592 elleborastro,

422 610 535 637 croco,
546 606 580 637 δε
592 604 746 637 veronica
756 603 780 635 is
801 599 924 649 spiritus
939 602 1043 636 statim
1054 613 1142 636 exire
1160 601 1241 636 visus
1253 602 1305 638 est.
1324 605 1368 638 Ex
1379 603 1529 638 omnibus
1548 608 1581 639 &
1596 601 1668 637 solis
1684 613 1813 636 atorna-
1827 638 1830 641 ,

424 652 494 683 ticis
510 649 619 685 oleum
638 650 717 685 illud
736 649 809 685 leve
820 651 1009 698 &fragrans
1022 677 1032 692 ,
1045 647 1209 685 essentiale
1225 662 1344 686 vocant
1357 680 1367 694 ‚
1384 652 1578 687 exstillarum
1588 650 1668 687 fuit:
1682 662 1718 684 ac
1732 650 1810 685 faci.
1828 680 1829 687 ,

423 697 455 732 le
467 698 657 733 crediderim
672 700 702 733 id
713 698 927 747 peculiaribus
946 698 1046 742 vafis,
1065 700 1098 733 in
1116 702 1236 734 cortice
1255 699 1453 746 potissimum
1469 705 1502 738 &
1524 700 1612 735 foliis
1631 699 1811 747 plantarum

421 749 592 783 contineri.
622 750 685 783 Vix
699 747 852 797 phlegma
867 749 973 783 omnis
994 747 1112 794 saporis
1132 760 1186 782 aur
1209 747 1443 796 sulphurei‚aut
1458 750 1540 784 acidi
1561 748 1674 784 saltem
1693 747 1823 788 occului,

422 807 534 844 expers
549 798 706 846 egreditur
717 814 727 841 3
740 796 844 846 plures
854 796 997 846 spiritum
1007 796 1098 832 illum
1114 808 1153 832 ex
1166 795 1337 846 sulphureo
1349 803 1382 836 &
1394 798 1488 833 acido
1497 800 1633 833 mixtum
1643 809 1708 833 uon
1722 808 1831 846 praew

422 843 533 882 buere.

448 896 602 942 Juniores
637 895 755 943 plantae
771 907 805 931 ut
821 895 994 944 plurimum
1021 898 1126 931 minus
1141 895 1250 938 acidi,
1266 896 1336 945 plus
1358 896 1472 932 urinosi
1496 896 1620 944 spiritus
1639 893 1807 931 fundunt:

419 955 607 991 quanquam
622 945 783 979 interdum
800 945 915 992 aliquis
927 945 969 980 est
980 945 1163 992 exceptioni
1175 944 1273 980 locus.
1288 947 1341 980 Sic
1359 945 1439 980 folia
1454 946 1587 980 ladkucae
1598 971 1607 986 ‚
1625 954 1698 977 cum
1718 942 1808 978 adul-

419 1002 452 1025 ta
466 992 527 1035 est,
543 998 575 1030 &
591 995 623 1028 in
638 1005 736 1040 grana
749 992 779 1027 se
796 993 952 1037 effundit,
970 998 1005 1030 &
1016 996 1107 1028 citius
1124 998 1157 1029 δε
1178 992 1342 1028 uberiores
1362 993 1501 1041 liquores
1521 992 1705 1042 sulphureos
1721 1004 1806 1040 prae-

419 1040 506 1075 bent.
522 1044 565 1077 Ex
582 1041 721 1076 caulibus
737 1047 771 1078 &
784 1041 939 1076 radicibus
962 1053 1130 1088 nunquam
1147 1040 1216 1075 fere
1245 1042 1441 1077 sal-volatilis
1470 1052 1655 1083 concretus,
1670 1039 1718 1075 seu
1736 1040 1806 1080 salis

417 1088 541 1136 specie,
556 1090 635 1138 saepe
653 1102 692 1124 ex
707 1090 794 1125 foliis
815 1089 958 1126 elicitur:
971 1093 1004 1125 in
1023 1090 1180 1125 foliorum·
1197 1087 1288 1124 succo
1302 1091 1372 1139 plus
1391 1091 1550 1139 sulphurei
1568 1095 1601 1128 δε
1617 1090 1719 1123 minus
1740 1091 1805 1124 aci.-

418 1139 452 1171 di
463 1139 541 1173 inest
551 1167 560 1182 ‚
579 1151 676 1186 quam
700 1141 733 1174 in
750 1137 882 1174 faecibus
893 1145 928 1176 &
939 1139 1029 1175 velut
1044 1141 1076 1174 in
1086 1150 1213 1185 amurca
1228 1138 1381 1174 foliorum
1394 1157 1402 1183 3
1413 1152 1487 1176 narn
1497 1150 1600 1188 partes
1612 1136 1684 1171 folii
1699 1136 1805 1173 fibro.-

419 1186 455 1222 sae
473 1191 506 1223 δε
519 1187 633 1236 ligneae
644 1187 714 1236 plus
729 1187 814 1222 acidi
827 1190 950 1232 ,minus
961 1186 1119 1235 sulphurei
1131 1188 1206 1222 dare
1215 1187 1325 1223 solent.
1342 1191 1395 1223 Sic
1406 1191 1440 1224 in
1454 1190 1544 1224 caule
1563 1194 1596 1226 &
1613 1186 1719 1220 radice
1729 1199 1802 1221 ma·-

416 1240 466 1282 jor
485 1236 528 1269 est
545 1237 628 1270 acidi
642 1238 757 1284 copia,
789 1249 886 1284 quarn
902 1239 935 1271 iii
959 1236 1047 1271 foliis
1065 1235 1132 1284 ipsis
1149 1250 1157 1271 :
1173 1239 1209 1270 In
1225 1235 1360 1272 floribus
1380 1240 1480 1272 etiarn
1503 1236 1693 1279 odoriferis,
1713 1246 1749 1270 ut
1767 1237 1801 1272 in

418 1283 550 1319 narcisso
561 1286 650 1332 junci
664 1283 747 1319 folio
760 1314 769 1328 ‚
785 1285 888 1333 vulgo
901 1285 1081 1331 jonqm'lle,
1092 1297 1208 1332 magna
1224 1286 1267 1320 est
1283 1288 1330 1320 vis
1352 1287 1455 1322 acidi:
1473 1285 1582 1334 aquosi
1598 1285 1740 1328 ῗῐυᾶὶιιε,
1761 1296 1798 1320 ut

418 1346 517 1382 poma
529 1362 538 1376 ‚
549 1338 583 1369 δε
593 1345 712 1381 pruna,
730 1337 787 1369 vix
802 1333 902 1368 ullum
917 1333 1117 1380 sulphureum
1133 1333 1293 1381 liquorem
1308 1334 1441 1370 dedere.
1795 1359 1797 1361 ·

453 1384 495 1417 Ex
511 1381 681 1416 seminibus
694 1395 731 1417 ac
745 1382 939 1431 potiffimurn
957 1384 974 1418 ὲ
984 1384 1086 1431 granis
1100 1384 1215 1424 tritici,
1227 1383 1353 1426 hordei,
1364 1383 1562 1432 leguminum
1574 1383 1708 1419 multum
1719 1383 1803 1428 olei,‘

417 1430 582 1477 &spiritus
593 1430 707 1466 urinosi
720 1460 730 1474 ,
744 1444 856 1481 patum
871 1433 1014 1467 cinerum
1027 1437 1061 1469 &
1078 1430 1146 1465 salis
1159 1430 1216 1466 fixi
1233 1432 1424 1468 extrahitur:
1444 1445 1483 1467 ex
1502 1432 1624 1480 aquosis
1638 1432 1798 1467 frutribus

416 1479 554 1514 multum
565 1481 648 1515 acidi
662 1509 671 1523 ‚
685 1494 854 1529 perparum
874 1480 958 1524 olei,
980 1486 1014 1517 δε
1025 1483 1166 1515 cinerum
1180 1479 1293 1517 &salis
1312 1481 1458 1516 elicitur:
1471 1480 1522 1516 sed
1540 1481 1716 1516 carbonum
1729 1494 1800 1516 ma-

413 1540 478 1577 gna
491 1529 537 1562 est
547 1532 641 1577 copia
657 1532 743 1577 iique
761 1533 816 1565 vix
830 1529 978 1564 calcinari
996 1527 1130 1578 potsunt.
1147 1531 1237 1578 Saepe
1256 1532 1367 1566 evenit
1381 1559 1390 1572 ,
1407 1542 1442 1564 ut
1470 1530 1653 1578 sulphureus
1674 1529 1798 1577 spiritus

414 1579 554 1625 primum
568 1589 679 1622 exeat,
697 1581 752 1626 qui
772 1579 971 1614 distilationis
985 1577 1143 1627 progrelsu
1157 1577 1266 1614 sensim
1280 1581 1433 1614 minuitur
1444 1608 1454 1622 ‚
1472 1580 1546 1614 dum
1561 1580 1665 1613 acidus
1678 1578 1708 1614 se
1719 1591 1798 1627 pro«

416 1626 489 1669 dar,
503 1629 560 1674 qui
574 1626 696 1675 semper
716 1640 868 1677 augetur,
882 1627 986 1662 donec
1006 1626 1125 1676 spiritus
1143 1626 1281 1664 urinosus
1300 1628 1527 1676 &sulphureus
1547 1627 1587 1662 sui
1605 1629 1732 1673 copiam
1742 1627 1798 1662 fa-

415 1677 490 1711 cizir.
510 1677 600 1710 Raro
612 1677 715 1710 acidus
727 1681 866 1724 primurn
880 1677 1041 1725 egreditur
1054 1694 1064 1721 3
1080 1675 1160 1723 saepe
1178 1677 1285 1711 acidus
1298 1689 1370 1711 cum
1385 1676 1512 1711 urinoso
1527 1676 1694 1725 permistus
1717 1678 1795 1713 exr‘t:

416 1723 526 1758 oleum
539 1726 663 1772 nigrum
682 1730 717 1762 δε
736 1725 776 1760 [al
791 1725 927 1762 volatilis
938 1736 1104 1760 concretus
1114 1726 1278 1772 postremo
1299 1730 1332 1762 &
1350 1725 1437 1760 simul
1456 1725 1673 1766 extrahuntur.
1693 1726 1794 1760 Mixti

416 1770 539 1819 spiritus
559 1774 626 1820 post
640 1774 765 1809 acidum
781 1781 815 1812 δε
831 1774 1078 1810 auteurinosum
1093 1774 1299 1810 exstillaiitur.

450 1821 535 1855 Curii
546 1834 652 1856 autem
664 1823 801 1869 liquores
817 1825 873 1870 qui
886 1822 1003 1858 ultimo
1015 1834 1137 1858 exeunt
1148 1851 1157 1865 ‚
1167 1835 1282 1870 magna
1295 1825 1374 1871 ignis
1385 1825 1416 1857 vi
1428 1821 1558 1871 protrusi
1577 1821 1711 1858 multum
1727 1825 1792 1857 im.-

414 1871 654 1911 mutentur,alia
670 1872 711 1905 est
724 1874 903 1919 excogitata
914 1874 996 1905 ratio
1008 1883 1070 1918 qua
1089 1873 1226 1918 puriores
1237 1870 1410 1906 eliciantur.
1424 1875 1459 1905 ln
1473 1872 1607 1918 propriis
1617 1870 1711 1905 succis
1723 1883 1792 1906 ma·

413 1929 526 1951 cerata:
536 1917 697 1963 plaiitaeiii
713 1920 791 1953 locis
810 1919 1018 1954 subterraneis
1042 1931 1098 1966 per
1113 1919 1239 1964 aliquot
1257 1918 1378 1953 menses
1395 1919 1463 1953 sunt
1479 1919 1659 1963 affervatae,
1678 1931 1734 1953 aut
1753 1922 1790 1954 iii

413 1965 520 1999 calore
532 1965 599 2000 fimi
614 1969 719 2014 equini
735 1968 880 2015 digestae:
899 1967 1016 2014 plantae
1028 1969 1208 2000 aromaticae
1223 1969 1386 2015 proprium
1399 1969 1534 2002 odorem
1546 1980 1610 2002 non
1625 1978 1789 2004 exueruut:

412 2013 468 2048 sed
486 2013 611 2062 aquosae
626 2016 760 2049 odorem
773 2016 825 2050 vel
840 2016 965 2050 acidum
977 2015 1047 2058 ,vel
1067 2015 1236 2050 sulfureum
1249 2021 1280 2051 δε
1296 2016 1493 2051 Ἐπειοάίῃεη]
1510 2015 1669 2063 putredini
1681 2017 1790 2064 proxi-

411 2075 499 2097 mam
512 2070 743 2107 contraxerc‚&
753 2064 877 2099 easdem
889 2075 996 2111 partes
1007 2092 1017 2108 ‚
1030 2063 1231 2110 autliquores
1242 2092 1250 2106 ,
1265 2064 1304 2099 de
1323 2064 1439 2111 quibus
1462 2066 1598 2100 diximus
1616 2093 1624 2106 ‚
1643 2065 1695 2099 sed
1720 2078 1788 2101 non

412 2112 529 2146 eodem
553 2113 686 2156 ordine,
706 2118 741 2149 &
761 2125 834 2148 cuni
850 2113 959 2147 iisdem
974 2111 1214 2148 conditionibus
1230 2112 1446 2160 praebuerunt.
1471 2115 1564 2160 Aqua
1590 2112 1721 2162 insipida
1743 2125 1783 2149 ex

411 2159 498 2194 nulla
517 2159 689 2208 profluxit3
711 2161 811 2196 nullus
833 2163 894 2197 fuit
916 2161 1020 2209 liquor
1044 2161 1160 2208 saporis
1184 2160 1334 2196 sensibilis
1352 2174 1473 2208 expers.
1495 2162 1785 2210 Interdumkprinio

409 2211 492 2256 ignis
503 2210 600 2257 gradu
612 2211 688 2244 exiit
704 2209 809 2257 liquor
823 2240 832 2254 ‚
850 2212 908 2256 qui
925 2212 956 2244 iii
969 2212 1065 2253 priori
1080 2208 1198 2259 analysi
1220 2223 1336 2259 magna
1350 2213 1384 2244 vi
1395 2211 1486 2258 signis
1510 2211 1671 2258 egreditur
1683 2240 1692 2254 ‚
1711 2223 1783 2245 cuni

408 2257 529 2292 scilicet
547 2257 668 2306 spiritui
679 2258 748 2293 salis
763 2259 914 2294 admistus
926 2257 1204 2294 effer-vescendam
1215 2271 1319 2294 creat:
1337 2261 1424 2305 quod
1443 2260 1660 2293 maceratione
1679 2270 1784 2306 partes

409 2309 509 2354 magis
525 2307 687 2354 impeditae
698 2308 920 2356 expediantur.
932 2308 1031 2353 quue
1046 2311 1078 2342 iii
1097 2307 1210 2354 plantis
1226 2307 1457 2342 humidioribus
1470 2320 1504 2342 ut
1517 2310 1549 2342 iii
1561 2306 1782 2354 solaii0‚vulgo

410 2356 442 2387 la
464 2356 589 2389 morelle
599 2384 607 2397 ‚
619 2358 757 2405 contigit
769 2385 777 2399 ‚
793 2359 904 2392 nonin
918 2358 956 2389 iis
969 2368 1041 2402 quae
1051 2355 1180 2391 actuosis
1192 2359 1354 2404 principiis
1366 2355 1551 2391 abundant:
1569 2357 1656 2402 quod
1678 2360 1781 2404 major

407 2402 486 2437 sicci
500 2405 592 2451 copia
602 2403 766 2441 solidiores
784 2418 889 2455 partes
902 2418 969 2454 quae
982 2416 1016 2441 ln
1037 2405 1097 2441 illis
1112 2403 1504 2453 plantissuntteiieriores,
1516 2405 1607 2440 altius
1619 2416 1778 2452 penetret,
