1878 2724
388 131 455 169 414
699 118 968 158 PHYSICAE
991 119 1142 157 PARS
1162 120 1437 158 SECUNDA.

388 181 425 204 ut
441 179 604 204 extraneae
623 168 757 203 misturae
772 180 885 218 expers
899 169 1046 204 videatur
1065 187 1074 214 3
1090 183 1194 218 eaque
1210 183 1284 206 cum
1301 182 1385 217 aqua
1396 167 1515 205 collata
1530 165 1578 205 eff
1591 169 1662 206 fere
1679 168 1780 218 triplo

387 220 539 266 gravior:
557 229 631 251 nam
645 219 676 252 in
689 229 761 252 aere
796 221 938 262 timum,
961 230 1029 253 tum
1043 233 1072 254 in
1089 232 1171 266 aqua
1185 221 1322 268 appenla
1343 223 1426 267 Juxta
1438 221 1594 268 principia
1614 219 1780 268 hydrosta-

762 230 905 302 (Ehnber
917 268 957 301 ad
969 280 1087 315 aquam
1098 268 1196 317 ipsam
1206 267 1346 316 ejusdem
1360 266 1453 302 molis
1464 296 1474 311 ‚
1489 279 1525 303 ut
1537 283 1559 304 2⁷
1569 280 1643 304 cum
1657 267 1781 303 duabus
1831 271 1834 276 ’

390 268 467 301 tices
478 264 556 299 alibi
568 265 728 314 explicata
739 294 748 309 ‚

390 316 491 348 tertiis
509 314 548 348 ad
571 326 581 348 1
603 342 612 357 ,
626 314 710 349 adeo
719 327 753 350 ut
770 315 824 350 vel
835 315 910 350 hinc
930 316 1054 364 liquere
1067 316 1162 366 possit
1171 315 1350 366 crystallum
1362 329 1427 351 non
1444 315 1504 351 effe
1518 317 1656 366 glaciem
1674 319 1782 352 inten-

391 361 425 397 so
441 362 560 410 frigore
571 374 756 398 concretam
775 378 784 400 ε
805 377 879 399 cum
891 364 1010 413 glacies
1025 365 1062 401 fir
1079 368 1161 414 aqu&
1176 365 1299 410 levior,
1317 364 1499 414 &crystalli
1512 369 1545 402 in
1561 379 1644 402 zona
1661 366 1783 402 torrida
1826 366 1843 409 ς’
1869 380 1871 400 i

390 413 468 447 utin
478 410 573 450 insula
587 412 1020 461 Madageglcarffirequentes
1029 427 1213 450 occurrant¹

428 461 496 507 Jam
512 459 632 508 lapides
646 464 746 510 magis
760 461 897 497 colorati
909 492 918 506 ,
933 466 1102 512 utgranati
1117 465 1301 500 Americani
1323 463 1506 513 quadruplo
1523 475 1607 511 aqua
1619 465 1792 512 graviores·

390 510 510 557 reperti
538 509 607 543 sunt
645 523 654 545 ε
689 517 723 547 &
754 511 826 545 saris
866 511 914 546 est
941 511 1115 560 probabile
1151 516 1355 562 pigmentum
1381 513 1516 560 aliquod
1538 512 1693 548 minetale
1719 512 1784 548 hoc
1830 511 1833 559 ζ

390 558 542 606 ponderis
567 570 773 607 augmentum
785 557 929 597 efficere.
948 563 1022 597 Huc
1032 562 1114 597 adde
1129 575 1165 597 ex
1181 561 1342 611 plerisque
1352 561 1512 612 lapidibus
1524 567 1556 598 ὃ(
1565 563 1702 610 gemmis
1713 573 1785 596 rne-

390 606 468 640 talla
478 618 531 641 aut
539 607 601 640 alia
612 619 745 656 corpora
762 609 932 645 mineralia
943 613 1075 648 eru=i.Sic
1083 624 1154 648 curn
1165 623 1316 659 granatos
1327 614 1359 646 in
1370 623 1504 647 tenuem
1513 610 1680 659 pulverem
1689 623 1782 646 coma-
1832 611 1834 623 ⁸

390 657 535 691 minutos
549 665 631 702 aqua
649 655 749 706 regali
766 661 826 695 Vir
834 659 1046 694 nobilissimus
1060 659 1264 704 solviffet,&
1276 673 1367 709 parte
1383 662 1533 696 menstrui
1551 659 1698 694 exhalata
1713 659 1786 708 plua-

391 716 440 738 res
455 705 595 753 crystalli
606 710 737 741 cofinnt
753 721 761 742 :
779 708 867 755 quod
885 707 1042 744 refiduum
1060 720 1127 744 erar
1148 709 1313 744 solutionis
1330 722 1396 745 non
1419 720 1584 744 concreta?
1595 735 1605 751 ,
1624 708 1783 756 gallarum

389 752 582 789 infusionem
592 765 663 789 atro
676 755 786 791 colore
804 756 953 805 tingebat
968 772 977 794 ε
993 758 1077 793 adeo
1090 770 1126 793 ut
1140 757 1261 805 aliquid
1278 758 1355 793 ferri
1374 760 1413 792 iis
1429 757 1584 807 lapidibus
1604 758 1788 793 admixtum

391 800 531 842 effenon
554 801 729 839 abhorreat
750 805 771 841 ὲ
796 805 971 842 verisimili.
997 809 1057 841 His
1073 805 1154 842 vero
1171 805 1375 843 dissolvendis
1397 809 1541 843 maxime
1556 807 1710 841 idoneum
1722 805 1784 842 effe
1836 814 1838 820 ·

390 849 533 899 spiritum
544 855 689 901 aeruginis
699 866 755 901 per
765 853 795 888 se
809 860 843 890 &
855 853 918 889 fine
929 856 1096 891 additione
1109 855 1206 891 semel
1227 867 1328 903 atque
1345 858 1462 891 iterum
1477 855 1658 892 distillatum
1676 855 1784 893 docet.
1836 887 1838 909 ;

390 901 430 934 1³11
451 899 514 934 hoc
532 903 644 948 utique
662 914 736 936 cum
752 901 936 938 diffolviffet
959 904 1062 939 stirias
1081 916 1120 940 ex
1137 917 1221 952 aqua
1241 904 1458 952 lapidefcenre
1473 916 1638 940 concretas
1650 933 1661 948 ‚
1691 916 1784 953 parte

389 949 542 983 menstrui
552 949 709 994 exhalata,
720 952 855 1000 crystalli
869 952 1037 1000 pellucidae
1056 959 1090 989 &
1106 955 1199 989 instat
1212 956 1348 1000 purioris
1366 956 1443 989 nitri
1461 953 1609 989 formatae
1624 957 1785 991 coierunt.
1836 954 1838 983 l
1867 995 1870 1005 ,

389 998 541 1045 Cumque
560 998 635 1033 huic
651 997 803 1034 solutioni
822 1001 954 1084 lapideae
968 1001 1065 1036 aliam
1088 1004 1181 1050 cupri
1208 1001 1399 1037 solutionem
1426 1015 1484 1050 per
1509 1002 1651 1051 spiritum
1669 1001 1785 1040 itidem
1838 1018 1839 1024 ¹

390 1048 537 1095 auruginis
553 1046 675 1082 faaam
685 1054 727 1085 .&
738 1051 846 1097 impen
862 1050 1066 1085 ecoloraram
1076 1048 1234 1086 affiidiffet
1244 1079 1254 1093 ‚
1268 1052 1355 1086 nulla
1373 1052 1459 1086 fafita
1482 1052 1528 1086 est
1545 1053 1760 1100 praecipiratio
1775 1081 1786 1097 ,

390 1094 444 1130 sed
459 1106 548 1143 parte
559 1095 756 1132 diffolventis
766 1098 914 1134 exhalata
929 1099 1071 1148 crystalli
1084 1099 1154 1134 aliae
1174 1099 1289 1134 coloris
1302 1112 1449 1148 expertes
1461 1129 1471 1144 ,
1489 1100 1560 1135 ahae
1583 1099 1693 1134 colore
1710 1099 1786 1136 sub·
1835 1095 1840 1103 ⁷

391 1144 530 1179 caetuleo
539 1146 648 1180 tindkae
663 1158 888 1194 apparuerunt.
916 1150 1019 1197 Qod
1029 1151 1144 1195 utique
1157 1160 1304 1184 naturam
1319 1155 1353 1186 &
1363 1151 1522 1198 originem
1531 1161 1733 1198 gemmarum
1747 1149 1787 1184 il..

391 1193 520 1228 lustrare
536 1195 649 1241 potest.
663 1198 755 1244 Qu
771 1196 877 1233 &111ae
891 1196 980 1231 stiriae
992 1210 1062 1245 quae
1071 1208 1164 1233 antea
1180 1196 1287 1246 specie
1305 1211 1458 1245 aquarum
1468 1198 1671 1233 erantfiuidae
1681 1203 1715 1235 ὅ(
1727 1211 1784 1246 pu-

392 1254 435 1276 rae
446 1271 455 1284 ‚
468 1246 533 1290 jam
543 1243 650 1277 odoris
663 1257 729 1278 non
739 1244 806 1280 sunt
817 1257 967 1294 expertes
976 1274 985 1288 ‚
1002 1252 1038 1282 &
1048 1249 1080 1281 in
1091 1247 1214 1281 calcem
1225 1249 1334 1282 vivam
1357 1248 1555 1296 rediguntur.

438 1293 549 1337 Qare
561 1290 581 1325 fi
592 1304 661 1338 quae
680 1291 739 1328 fint
756 1295 788 1329 in
798 1297 936 1343 gemmis
949 1297 1031 1329 vires
1041 1295 1208 1330 medicarae
1220 1324 1228 1338 ‚
1239 1308 1305 1330 non
1316 1295 1446 1330 aliunde
1457 1298 1617 1340 oriuntur,
1633 1295 1732 1342 quam
1745 1307 1784 1332 ex

392 1342 430 1374 iis
443 1339 538 1375 succis
561 1341 767 1376 mineralibus
780 1372 789 1387 ‚
809 1345 867 1390 qui
887 1356 961 1379 curn
980 1345 1114 1379 materia
1127 1344 1270 1392 lapidum
1289 1344 1392 1378 adhuc
1409 1342 1509 1379 fluida
1524 1346 1681 1380 commisti
1694 1343 1784 1381 fimul

395 1389 582 1424 indurantur
595 1403 603 1423 ε
617 1402 689 1425 curn
703 1392 868 1426 interdum
881 1394 902 1426 ii
915 1391 993 1427 succi
1006 1392 1138 1441 separari
1148 1392 1277 1440 possint,
1292 1404 1328 1427 ut
1343 1394 1375 1427 in
1386 1395 1537 1441 granatis,
1547 1400 1579 1431 δε
1588 1394 1782 1443 gravitatem

393 1450 596 1483 gemmarum
606 1438 787 1487 specificam
800 1453 940 1490 augeant
950 1471 960 1485 ‚
974 1447 1008 1479 ὃς
1019 1444 1112 1476 variis
1126 1440 1260 1477 subinde
1274 1443 1419 1476 timeturis
1430 1455 1483 1477 eas
1495 1442 1650 1479 inficiant.
1664 1446 1786 1491 Neque
1815 1482 1823 1490 ἶ

391 1486 458 1522 -hoc
477 1486 550 1521 loco
570 1490 796 1536 inquirendum
808 1501 888 1538 puto
898 1503 939 1525 an
950 1493 1088 1539 gemmis
1104 1490 1195 1526 insint
1211 1504 1257 1525 eae
1271 1493 1365 1527 vires.
1384 1493 1497 1526 Fateor
1510 1493 1661 1539 equidem
1681 1492 1786 1540 plera-
1823 1494 1825 1497 ’
1842 1490 1846 1534 ‘J

393 1547 460 1583 que
471 1534 531 1570 effe
547 1536 666 1572 fabulis
682 1540 850 1585 proxima,
865 1551 934 1586 quae
950 1541 990 1574 de
1007 1552 1206 1589 gemmatum
1230 1539 1351 1574 viribus
1369 1551 1498 1575 narrant
1513 1554 1520 1576 :
1539 1553 1577 1575 ac
1597 1540 1618 1575 fi
1635 1553 1713 1587 quas
1728 1541 1786 1576 ha-

395 1583 498 1621 beant
511 1614 520 1628 ‚
534 1586 620 1633 quod
633 1588 838 1634 pertinaciter
850 1601 917 1623 non
926 1588 1096 1624 abnuerim
1109 1618 1119 1633 ,
1143 1601 1214 1624 curn
1234 1591 1296 1623 viri
1318 1587 1492 1636 graviffimi
1515 1595 1549 1626 ὃ(
1569 1589 1739 1625 ἀοᾶἱίῐῐτῃί
1752 1589 1786 1625 id

396 1633 551 1668 testentur
561 1663 569 1675 ‚
583 1647 649 1669 non
658 1636 752 1670 stellis
764 1635 832 1671 fixis
843 1649 916 1672 cum
932 1637 1094 1672 Chvldaeis
1107 1668 1115 1682 ‚
1150 1651 1216 1673 non
1232 1636 1408 1672 rationibus
1423 1637 1600 1674 seminariis
1615 1666 1630 1682 ,a
1647 1649 1703 1673 aut
1715 1637 1785 1673 for-

395 1683 456 1717 mis
473 1682 700 1730 specificis‚aur
711 1684 831 1733 spiritui
845 1686 1028 1730 universali,
1045 1687 1096 1721 sed
1109 1686 1200 1722 succo
1218 1686 1385 1735 percolato
1397 1715 1406 1730 ‚
1423 1693 1457 1724 &
1474 1687 1622 1722 minerali
1642 1686 1735 1722 fumo
1749 1698 1790 1723 ut>

395 1733 557 1775 originem
570 1762 579 1775 ‚
602 1732 642 1766 fic
653 1735 734 1767 vires
749 1746 953 1782 gemmarum
964 1747 1110 1784 acceptas
1126 1735 1275 1770 referam.
1290 1735 1381 1782 Qid
1395 1737 1484 1770 enim
1504 1735 1524 1770 fi
1534 1738 1710 1784 &magnete
1723 1737 1786 1770 du..

395 1779 514 1815 riffimo
529 1793 595 1816 tam
609 1793 815 1828 penetrantes
827 1781 960 1817 effiuxus
982 1788 1097 1831 jugiter
1112 1795 1266 1818 emanant
1279 1800 1288 1825 3
1309 1782 1330 1818 fi
1346 1784 1533 1818 adamantes
1548 1790 1582 1821 &
1597 1796 1736 1832 gemmae
1748 1786 1784 1819 vi

395 1828 544 1864 ele&rica
557 1831 717 1865 donentur
727 1860 735 1873 ,
757 1843 797 1866 an
806 1830 954 1865 dubitare
967 1832 1122 1879 polliimus
1133 1835 1214 1879 quin
1225 1843 1336 1866 tenues
1348 1836 1381 1867 δι
1395 1830 1520 1866 subtiles
1535 1832 1648 1867 halitus
1664 1834 1797 1881 egem-4

395 1880 457 1911 mis
468 1876 631 1925 profluant
645 1888 655 1914 Ξ
671 1881 756 1926 Qis
775 1882 902 1927 ignorat
912 1891 994 1926 quos
1007 1880 1140 1916 effe-&us
1155 1892 1325 1928 procreent
1337 1891 1496 1928 perpetu-‘e
1509 1881 1616 1928 pilulae
1633 1893 1671 1915 ex
1689 1893 1785 1930 regu-

396 1925 429 1960 lo
441 1955 450 1969 ‚
463 1938 501 1960 ut
508 1938 646 1969 vocant,
661 1929 834 1962 antimonii
849 1939 966 1975 pararae
981 1957 991 1971 ,
1010 1930 1107 1976 idque
1125 1932 1208 1964 circa
1221 1927 1400 1964 senfibilern
1417 1930 1568 1975 ponderis
1582 1932 1784 1965 imminutios.

395 1986 485 2011 nem.
507 1978 594 2009 Inter
612 1975 673 2010 alia
686 1988 760 2023 quae
778 1978 809 2011 in
826 1977 907 2011 hanc
918 1989 986 2011 rem
1000 1977 1093 2013 affert
1107 1980 1149 2014 D.
1163 1980 1276 2025 Boyle,
1293 1989 1329 2012 ur
1346 1976 1464 2025 prober
1481 1991 1626 2028 gemmas
1641 1978 1663 2014 ft
1679 1981 1784 2016 minus

395 2022 522 2058 alterari
536 2026 568 2058 in
582 2024 783 2068 ventriculo,
798 2037 885 2059 certe
901 2028 985 2062 vires
995 2024 1059 2061 fuas
1073 2039 1220 2069 exerere,
1234 2026 1310 2061 illud
1327 2026 1427 2061 refert
1443 2028 1688 2063 memorandum
1699 2057 1708 2070 ‚
1725 2040 1790 2077 pe·-

395 2083 453 2107 nes
469 2071 500 2107 se
514 2070 605 2108 fuiffe
615 2074 822 2108 adamantem
845 2077 899 2120 qui
917 2077 948 2109 in
963 2088 1047 2122 aqua
1057 2076 1157 2111 calida
1169 2075 1285 2124 positus
1300 2077 1332 2111 in
1354 2075 1495 2111 tenebris
1513 2076 1633 2111 luceret
1651 2095 1661 2120 3
1684 2089 1787 2124 atque

395 2133 459 2168 ope
476 2120 618 2170 languidi
632 2123 799 2165 menstrui,
813 2129 846 2159 δε
861 2124 878 2158 ὲ
894 2125 1097 2172 vegetalibus
1112 2126 1244 2160 extr-iffi
1256 2154 1264 2167 ‚
1284 2126 1432 2159 tincturas
1452 2126 1469 2161 ὲ
1485 2126 1570 2160 duris
1581 2124 1784 2174 corporibus,

396 2175 432 2206 &
451 2182 490 2205 ex
508 2171 671 2206 nonnullis
685 2175 820 2220 gemmis
837 2172 866 2206 se
884 2172 1086 2227 elicere.Jun
1101 2187 1226 2222 quanta
1244 2175 1286 2208 est
1301 2176 1334 2208 in
1347 2185 1427 2208 terra
1441 2173 1676 2222 fossilium,quae
1687 2173 1787 2210 nobb

395 2218 467 2254 sunt
481 2221 644 2264 incognita
657 2250 666 2264 ‚
681 2223 841 2256 varietas?
865 2234 968 2268 eaque
978 2222 1104 2271 potsunt
1118 2237 1189 2258 cum
1207 2223 1303 2257 succis
1321 2222 1586 2270 lapidescentibus
1602 2223 1784 2258 concresce-

395 2280 431 2301 re
444 2297 453 2311 ‚
471 2281 507 2302 ac
523 2268 647 2304 facilius
658 2282 730 2304 cum
740 2269 850 2306 solutis
864 2299 872 2312 ‚
883 2283 918 2305 nt
933 2285 1060 2315 vocant,
1078 2275 1239 2320 principiis
1253 2274 1370 2306 co'e'unt
1383 2288 1391 2314 ·,
1404 2277 1435 2308 8.·
1446 2277 1582 2319 mijores
1594 2272 1664 2308 sunt
1672 2284 1785 2307 eorum

395 2318 480 2349 vires
496 2345 505 2358 ,
524 2318 626 2365 quam
641 2331 710 2367 quae
726 2322 757 2354 in
771 2319 976 2354 mineralibus
989 2351 998 2365 ,
1012 2334 1067 2357 aut
1079 2324 1110 2356 vi
1124 2324 1204 2370 ignis
1216 2326 1278 2369 jam
1297 2319 1435 2363 fusis‚aut
1448 2324 1478 2355 in
1490 2324 1581 2368 aquis
1608 2322 1715 2370 stygiis
1726 2317 1784 2355 dis:

395 2364 504 2400 solutis
515 2372 548 2403 &
563 2370 649 2404 varie
663 2370 784 2405 vexatis
802 2381 982 2407 occurrunt.
1008 2372 1168 2409 Nondum
1183 2371 1273 2408 enim
1288 2368 1337 2405 his
1354 2369 1443 2407 velut
1455 2371 1613 2407 industriae
1633 2371 1785 2408 humanae

1863 2334 1871 2398 ..-
