<?xml version="1.0" encoding="UTF-8"?>
<!DOCTYPE html PUBLIC "-//W3C//DTD XHTML 1.0 Transitional//EN"
    "http://www.w3.org/TR/xhtml1/DTD/xhtml1-transitional.dtd">
<html xmlns="http://www.w3.org/1999/xhtml" xml:lang="en" lang="en">
 <head>
  <title>
</title>
<meta http-equiv="Content-Type" content="text/html;charset=utf-8" />
  <meta name='ocr-system' content='tesseract 3.04.00' />
  <meta name='ocr-capabilities' content='ocr_page ocr_carea ocr_par ocr_line ocrx_word'/>
</head>
<body>
  <div class='ocr_page' id='page_1' title='image "./philosophiavetus02duhauoft_0074.png"; bbox 0 0 1878 2724; ppageno 0'>
   <div class='ocr_carea' id='block_1_1' title="bbox 286 109 1720 454">
    <p class='ocr_par' dir='ltr' id='par_1_1' title="bbox 286 109 1329 155">
     <span class='ocr_line' id='line_1_1' title="bbox 286 109 1329 155; baseline -0.002 -7"><span class='ocrx_word' id='word_1_1' title='bbox 286 125 323 155; x_wconf 57' lang='grc' dir='ltr'>ὁ),</span> <span class='ocrx_word' id='word_1_2' title='bbox 588 109 904 148; x_wconf 84' lang='lat' dir='ltr'>PHYSICAE</span> <span class='ocrx_word' id='word_1_3' title='bbox 951 111 1329 147; x_wconf 63' lang='lat' dir='ltr'>GENERALIS&#39;</span> 
     </span>
    </p>

    <p class='ocr_par' dir='ltr' id='par_1_2' title="bbox 288 158 1708 260">
     <span class='ocr_line' id='line_1_2' title="bbox 288 158 1706 211; baseline -0.006 -11"><span class='ocrx_word' id='word_1_4' title='bbox 288 175 412 203; x_wconf 82' lang='lat' dir='ltr'>meatus</span> <span class='ocrx_word' id='word_1_5' title='bbox 429 192 437 207; x_wconf 87' lang='lat'>‚</span> <span class='ocrx_word' id='word_1_6' title='bbox 455 163 509 211; x_wconf 86' lang='lat' dir='ltr'>qui</span> <span class='ocrx_word' id='word_1_7' title='bbox 521 164 661 211; x_wconf 87' lang='lat' dir='ltr'>primum</span> <span class='ocrx_word' id='word_1_8' title='bbox 674 160 877 196; x_wconf 86' lang='lat' dir='ltr'>elementum</span> <span class='ocrx_word' id='word_1_9' title='bbox 896 158 1028 195; x_wconf 73' lang='lat' dir='ltr'>uberius</span> <span class='ocrx_word' id='word_1_10' title='bbox 1048 162 1218 208; x_wconf 83' lang='lat' dir='ltr'>excipiunt.</span> <span class='ocrx_word' id='word_1_11' title='bbox 1704 194 1706 196; x_wconf 64' lang='grc'>,</span> 
     </span>
     <span class='ocr_line' id='line_1_3' title="bbox 327 207 1708 260; baseline -0.002 -12"><span class='ocrx_word' id='word_1_12' title='bbox 327 216 507 260; x_wconf 82' lang='lat' dir='ltr'><strong>Utcunque</strong></span> <span class='ocrx_word' id='word_1_13' title='bbox 523 224 560 246; x_wconf 80' lang='lat' dir='ltr'>ea</span> <span class='ocrx_word' id='word_1_14' title='bbox 573 221 621 244; x_wconf 82' lang='lat' dir='ltr'>res</span> <span class='ocrx_word' id='word_1_15' title='bbox 635 208 671 244; x_wconf 82' lang='lat' dir='ltr'>sit</span> <span class='ocrx_word' id='word_1_16' title='bbox 683 222 752 256; x_wconf 82' lang='lat' dir='ltr'>quae</span> <span class='ocrx_word' id='word_1_17' title='bbox 765 222 824 245; x_wconf 90' lang='lat' dir='ltr'>nos</span> <span class='ocrx_word' id='word_1_18' title='bbox 839 208 969 258; x_wconf 73' lang='lat' dir='ltr'>longius</span> <span class='ocrx_word' id='word_1_19' title='bbox 985 207 1165 244; x_wconf 83' lang='lat' dir='ltr'>abduceret</span> <span class='ocrx_word' id='word_1_20' title='bbox 1176 238 1186 253; x_wconf 91' lang='lat'>,</span> <span class='ocrx_word' id='word_1_21' title='bbox 1200 211 1232 244; x_wconf 89' lang='lat' dir='ltr'>id</span> <span class='ocrx_word' id='word_1_22' title='bbox 1242 208 1379 258; x_wconf 87' lang='lat' dir='ltr'>quidem</span> <span class='ocrx_word' id='word_1_23' title='bbox 1397 210 1708 257; x_wconf 80' lang='lat' dir='ltr'>concedi1nus‚sub-,</span> 
     </span>
    </p>

    <p class='ocr_par' dir='ltr' id='par_1_3' title="bbox 293 257 1702 312">
     <span class='ocr_line' id='line_1_4' title="bbox 293 257 1702 312; baseline -0.002 -12"><span class='ocrx_word' id='word_1_24' title='bbox 293 264 386 299; x_wconf 79' lang='lat' dir='ltr'>rilem</span> <span class='ocrx_word' id='word_1_25' title='bbox 400 262 490 296; x_wconf 84' lang='lat' dir='ltr'>illam</span> <span class='ocrx_word' id='word_1_26' title='bbox 505 261 676 295; x_wconf 74' lang='lat' dir='ltr'>materiam</span> <span class='ocrx_word' id='word_1_27' title='bbox 688 257 760 292; x_wconf 81' lang='lat' dir='ltr'>satis</span> <span class='ocrx_word' id='word_1_28' title='bbox 774 258 950 293; x_wconf 89' lang='lat' dir='ltr'>commode</span> <span class='ocrx_word' id='word_1_29' title='bbox 962 258 1001 292; x_wconf 88' lang='lat' dir='ltr'>ad</span> <span class='ocrx_word' id='word_1_30' title='bbox 1037 260 1259 293; x_wconf 68' lang='lat' dir='ltr'>onerationem</span> <span class='ocrx_word' id='word_1_31' title='bbox 1277 265 1479 296; x_wconf 77' lang='lat' dir='ltr'>&amp;naturam</span> <span class='ocrx_word' id='word_1_32' title='bbox 1497 263 1580 311; x_wconf 81' lang='lat' dir='ltr'>ignis</span> <span class='ocrx_word' id='word_1_33' title='bbox 1596 263 1702 312; x_wconf 80' lang='lat' dir='ltr'>expli-</span> 
     </span>
    </p>

    <p class='ocr_par' dir='ltr' id='par_1_4' title="bbox 293 271 1707 356">
     <span class='ocr_line' id='line_1_5' title="bbox 293 271 1707 356; baseline -0.001 -7"><span class='ocrx_word' id='word_1_34' title='bbox 293 314 430 349; x_wconf 83' lang='lat' dir='ltr'>candam</span> <span class='ocrx_word' id='word_1_35' title='bbox 446 309 595 345; x_wconf 83' lang='lat' dir='ltr'>adhiberi</span> <span class='ocrx_word' id='word_1_36' title='bbox 610 321 617 340; x_wconf 93' lang='lat'>:</span> <span class='ocrx_word' id='word_1_37' title='bbox 637 304 690 341; x_wconf 86' lang='lat' dir='ltr'>sed</span> <span class='ocrx_word' id='word_1_38' title='bbox 703 320 857 356; x_wconf 78' lang='lat' dir='ltr'>negamus</span> <span class='ocrx_word' id='word_1_39' title='bbox 869 320 942 344; x_wconf 89' lang='lat' dir='ltr'>eam</span> <span class='ocrx_word' id='word_1_40' title='bbox 960 271 1105 344; x_wconf 44' lang='lat' dir='ltr'>suflffcere</span> <span class='ocrx_word' id='word_1_41' title='bbox 1116 336 1125 350; x_wconf 85' lang='lat'>‚</span> <span class='ocrx_word' id='word_1_42' title='bbox 1142 306 1197 341; x_wconf 84' lang='lat' dir='ltr'>nisi</span> <span class='ocrx_word' id='word_1_43' title='bbox 1211 309 1350 343; x_wconf 85' lang='lat' dir='ltr'>materia</span> <span class='ocrx_word' id='word_1_44' title='bbox 1359 306 1400 343; x_wconf 84' lang='lat' dir='ltr'>sit</span> <span class='ocrx_word' id='word_1_45' title='bbox 1412 309 1521 346; x_wconf 88' lang='lat' dir='ltr'>oleosa</span> <span class='ocrx_word' id='word_1_46' title='bbox 1536 340 1547 355; x_wconf 95' lang='lat'>,</span> <span class='ocrx_word' id='word_1_47' title='bbox 1560 324 1624 347; x_wconf 74' lang='lat' dir='ltr'>vaut</span> <span class='ocrx_word' id='word_1_48' title='bbox 1639 312 1707 348; x_wconf 69' lang='lat' dir='ltr'>sul-</span> 
     </span>
    </p>

    <p class='ocr_par' dir='ltr' id='par_1_5' title="bbox 295 355 1709 411">
     <span class='ocr_line' id='line_1_6' title="bbox 295 355 1709 411; baseline -0.002 -15"><span class='ocrx_word' id='word_1_49' title='bbox 295 363 416 411; x_wconf 87' lang='lat' dir='ltr'>phurea</span> <span class='ocrx_word' id='word_1_50' title='bbox 428 390 437 403; x_wconf 83' lang='lat'>,</span> <span class='ocrx_word' id='word_1_51' title='bbox 456 364 488 396; x_wconf 71' lang='grc' dir='ltr'>ὃς</span> <span class='ocrx_word' id='word_1_52' title='bbox 499 358 567 407; x_wconf 79' lang='lat' dir='ltr'>igni</span> <span class='ocrx_word' id='word_1_53' title='bbox 577 357 794 405; x_wconf 86' lang='lat' dir='ltr'>concipiendo</span> <span class='ocrx_word' id='word_1_54' title='bbox 807 358 926 393; x_wconf 86' lang='lat' dir='ltr'>idonea</span> <span class='ocrx_word' id='word_1_55' title='bbox 937 387 945 402; x_wconf 88' lang='lat'><em>‚</em></span> <span class='ocrx_word' id='word_1_56' title='bbox 966 369 1004 392; x_wconf 87' lang='lat' dir='ltr'>ut</span> <span class='ocrx_word' id='word_1_57' title='bbox 1015 368 1056 391; x_wconf 88' lang='lat' dir='ltr'>ex</span> <span class='ocrx_word' id='word_1_58' title='bbox 1067 356 1162 391; x_wconf 66' lang='lat' dir='ltr'>distis</span> <span class='ocrx_word' id='word_1_59' title='bbox 1173 355 1246 391; x_wconf 86' lang='lat' dir='ltr'>satis</span> <span class='ocrx_word' id='word_1_60' title='bbox 1266 357 1378 404; x_wconf 88' lang='lat' dir='ltr'>liquet.</span> <span class='ocrx_word' id='word_1_61' title='bbox 1387 388 1392 391; x_wconf 82' lang='grc'><strong><em>,</em></strong></span> <span class='ocrx_word' id='word_1_62' title='bbox 1401 361 1487 395; x_wconf 91' lang='lat' dir='ltr'>Non·</span> <span class='ocrx_word' id='word_1_63' title='bbox 1497 363 1588 396; x_wconf 89' lang='lat' dir='ltr'>enim</span> <span class='ocrx_word' id='word_1_64' title='bbox 1597 374 1680 409; x_wconf 80' lang='lat' dir='ltr'>aqua</span> <span class='ocrx_word' id='word_1_65' title='bbox 1691 389 1709 405; x_wconf 23' lang='lat' dir='ltr'>,A</span> 
     </span>
    </p>

    <p class='ocr_par' dir='ltr' id='par_1_6' title="bbox 295 404 1720 454">
     <span class='ocr_line' id='line_1_7' title="bbox 295 404 1720 454; baseline 0 -8"><span class='ocrx_word' id='word_1_66' title='bbox 295 423 352 446; x_wconf 87' lang='lat' dir='ltr'>aut</span> <span class='ocrx_word' id='word_1_67' title='bbox 365 413 486 444; x_wconf 86' lang='lat' dir='ltr'>cineres</span> <span class='ocrx_word' id='word_1_68' title='bbox 496 419 553 441; x_wconf 88' lang='lat' dir='ltr'>aut</span> <span class='ocrx_word' id='word_1_69' title='bbox 563 405 639 441; x_wconf 81' lang='lat' dir='ltr'>sales</span> <span class='ocrx_word' id='word_1_70' title='bbox 654 405 908 443; x_wconf 80' lang='lat' dir='ltr'>inflammantur.</span> <span class='ocrx_word' id='word_1_71' title='bbox 929 407 1062 444; x_wconf 79' lang='lat' dir='ltr'>Deinde</span> <span class='ocrx_word' id='word_1_72' title='bbox 1072 407 1105 440; x_wconf 76' lang='lat' dir='ltr'>id</span> <span class='ocrx_word' id='word_1_73' title='bbox 1117 418 1249 454; x_wconf 84' lang='lat' dir='ltr'>quoque</span> <span class='ocrx_word' id='word_1_74' title='bbox 1259 404 1387 441; x_wconf 70' lang='lat' dir='ltr'>necesse</span> <span class='ocrx_word' id='word_1_75' title='bbox 1405 408 1450 442; x_wconf 88' lang='lat' dir='ltr'>est</span> <span class='ocrx_word' id='word_1_76' title='bbox 1463 421 1497 445; x_wconf 72' lang='lat' dir='ltr'>ut</span> <span class='ocrx_word' id='word_1_77' title='bbox 1508 412 1583 445; x_wconf 84' lang='lat' dir='ltr'>aeri</span> <span class='ocrx_word' id='word_1_78' title='bbox 1600 412 1720 446; x_wconf 30' lang='lat' dir='ltr'>aditusff</span> 
     </span>
    </p>
   </div>
   <div class='ocr_carea' id='block_1_2' title="bbox 296 454 1285 603">
    <p class='ocr_par' dir='ltr' id='par_1_7' title="bbox 296 454 1285 603">
     <span class='ocr_line' id='line_1_8' title="bbox 296 454 1285 509; baseline -0.004 -15"><span class='ocrx_word' id='word_1_79' title='bbox 296 470 407 509; x_wconf 83' lang='lat' dir='ltr'>pateat</span> <span class='ocrx_word' id='word_1_80' title='bbox 419 487 429 503; x_wconf 91' lang='lat'>,</span> <span class='ocrx_word' id='word_1_81' title='bbox 456 468 511 492; x_wconf 90' lang='lat' dir='ltr'>aut</span> <span class='ocrx_word' id='word_1_82' title='bbox 527 454 637 491; x_wconf 86' lang='lat' dir='ltr'>saltem</span> <span class='ocrx_word' id='word_1_83' title='bbox 660 456 739 503; x_wconf 88' lang='lat' dir='ltr'>quid</span> <span class='ocrx_word' id='word_1_84' title='bbox 767 456 924 494; x_wconf 77' lang='lat' dir='ltr'>nitrosum</span> <span class='ocrx_word' id='word_1_85' title='bbox 942 456 1154 492; x_wconf 79' lang='lat' dir='ltr'>accedat..Sit</span> <span class='ocrx_word' id='word_1_86' title='bbox 1172 458 1285 504; x_wconf 82' lang='lat' dir='ltr'>itaque</span> 
     </span>
     <span class='ocr_line' id='line_1_9' title="bbox 879 555 1191 603; baseline 0.01 -15"><span class='ocrx_word' id='word_1_87' title='bbox 879 556 996 590; x_wconf 79' lang='lat' dir='ltr'>Tertia</span> <span class='ocrx_word' id='word_1_88' title='bbox 1015 555 1191 603; x_wconf 80' lang='lat' dir='ltr'>Conclnfio.</span> 
     </span>
    </p>
   </div>
   <div class='ocr_carea' id='block_1_3' title="bbox 300 652 1739 2329">
    <p class='ocr_par' dir='ltr' id='par_1_8' title="bbox 300 652 1717 797">
     <span class='ocr_line' id='line_1_10' title="bbox 337 652 1717 704; baseline 0.001 -14"><span class='ocrx_word' id='word_1_89' title='bbox 337 656 387 693; x_wconf 80' lang='lat' dir='ltr'>Ad</span> <span class='ocrx_word' id='word_1_90' title='bbox 401 655 668 703; x_wconf 81' lang='lat' dir='ltr'>procreationem</span> <span class='ocrx_word' id='word_1_91' title='bbox 683 657 765 704; x_wconf 81' lang='lat' dir='ltr'>ignis</span> <span class='ocrx_word' id='word_1_92' title='bbox 780 655 839 689; x_wconf 88' lang='lat' dir='ltr'>tria</span> <span class='ocrx_word' id='word_1_93' title='bbox 858 652 1045 703; x_wconf 86' lang='lat' dir='ltr'>conspirant</span> <span class='ocrx_word' id='word_1_94' title='bbox 1064 670 1073 698; x_wconf 80' lang='lat'>3</span> <span class='ocrx_word' id='word_1_95' title='bbox 1095 652 1220 689; x_wconf 86' lang='lat' dir='ltr'>subtilis</span> <span class='ocrx_word' id='word_1_96' title='bbox 1232 656 1370 688; x_wconf 81' lang='lat' dir='ltr'>materia</span> <span class='ocrx_word' id='word_1_97' title='bbox 1390 666 1462 702; x_wconf 85' lang='lat' dir='ltr'>quae</span> <span class='ocrx_word' id='word_1_98' title='bbox 1480 656 1512 689; x_wconf 91' lang='lat' dir='ltr'>in</span> <span class='ocrx_word' id='word_1_99' title='bbox 1530 657 1600 704; x_wconf 79' lang='lat' dir='ltr'>jugi</span> <span class='ocrx_word' id='word_1_100' title='bbox 1616 668 1717 692; x_wconf 76' lang='lat' dir='ltr'>motur</span> 
     </span>
     <span class='ocr_line' id='line_1_11' title="bbox 300 703 1706 756; baseline -0.002 -16"><span class='ocrx_word' id='word_1_101' title='bbox 300 704 403 756; x_wconf 81' lang='lat' dir='ltr'>posita</span> <span class='ocrx_word' id='word_1_102' title='bbox 413 704 477 748; x_wconf 87' lang='lat' dir='ltr'>est,</span> <span class='ocrx_word' id='word_1_103' title='bbox 493 715 599 752; x_wconf 83' lang='lat' dir='ltr'>partes</span> <span class='ocrx_word' id='word_1_104' title='bbox 614 707 711 741; x_wconf 84' lang='lat' dir='ltr'>mixti</span> <span class='ocrx_word' id='word_1_105' title='bbox 725 703 899 753; x_wconf 86' lang='lat' dir='ltr'>sulphureae</span> <span class='ocrx_word' id='word_1_106' title='bbox 914 733 924 749; x_wconf 90' lang='lat'>,</span> <span class='ocrx_word' id='word_1_107' title='bbox 950 715 1007 738; x_wconf 87' lang='lat' dir='ltr'>aut</span> <span class='ocrx_word' id='word_1_108' title='bbox 1018 703 1153 747; x_wconf 84' lang='lat' dir='ltr'>oleosae,</span> <span class='ocrx_word' id='word_1_109' title='bbox 1175 709 1208 741; x_wconf 68' lang='grc' dir='ltr'>ὃς</span> <span class='ocrx_word' id='word_1_110' title='bbox 1227 705 1308 738; x_wconf 84' lang='lat' dir='ltr'>aeris</span> <span class='ocrx_word' id='word_1_111' title='bbox 1327 703 1508 739; x_wconf 83' lang='lat' dir='ltr'>circumfusi</span> <span class='ocrx_word' id='word_1_112' title='bbox 1526 717 1631 753; x_wconf 87' lang='lat' dir='ltr'>partes</span> <span class='ocrx_word' id='word_1_113' title='bbox 1651 709 1706 741; x_wconf 88' lang='lat' dir='ltr'>iti-</span> 
     </span>
     <span class='ocr_line' id='line_1_12' title="bbox 302 753 761 797; baseline -0.004 -7"><span class='ocrx_word' id='word_1_114' title='bbox 302 756 381 790; x_wconf 89' lang='lat' dir='ltr'>dem</span> <span class='ocrx_word' id='word_1_115' title='bbox 393 753 530 789; x_wconf 60' lang='lat' dir='ltr'>anstuosae</span> <span class='ocrx_word' id='word_1_116' title='bbox 543 782 552 797; x_wconf 85' lang='lat'>‚</span> <span class='ocrx_word' id='word_1_117' title='bbox 579 758 613 790; x_wconf 63' lang='grc' dir='ltr'>δέ</span> <span class='ocrx_word' id='word_1_118' title='bbox 625 753 761 790; x_wconf 80' lang='lat' dir='ltr'>nitrosae.</span> 
     </span>
    </p>

    <p class='ocr_par' dir='ltr' id='par_1_9' title="bbox 301 800 1725 1248">
     <span class='ocr_line' id='line_1_13' title="bbox 332 800 1725 853; baseline 0 -15"><span class='ocrx_word' id='word_1_119' title='bbox 332 803 429 839; x_wconf 87' lang='lat' dir='ltr'>Prob.</span> <span class='ocrx_word' id='word_1_120' title='bbox 444 803 538 838; x_wconf 84' lang='lat' dir='ltr'>concl.</span> <span class='ocrx_word' id='word_1_121' title='bbox 562 806 608 838; x_wconf 91' lang='lat' dir='ltr'>Ac</span> <span class='ocrx_word' id='word_1_122' title='bbox 629 803 773 853; x_wconf 73' lang='lat' dir='ltr'>primum</span> <span class='ocrx_word' id='word_1_123' title='bbox 792 802 832 837; x_wconf 92' lang='lat' dir='ltr'>de</span> <span class='ocrx_word' id='word_1_124' title='bbox 847 800 953 838; x_wconf 88' lang='lat' dir='ltr'>subtili</span> <span class='ocrx_word' id='word_1_125' title='bbox 967 805 1104 838; x_wconf 85' lang='lat' dir='ltr'>materia</span> <span class='ocrx_word' id='word_1_126' title='bbox 1118 803 1204 838; x_wconf 86' lang='lat' dir='ltr'>unde</span> <span class='ocrx_word' id='word_1_127' title='bbox 1220 807 1328 839; x_wconf 82' lang='lat' dir='ltr'>omnis</span> <span class='ocrx_word' id='word_1_128' title='bbox 1348 814 1455 840; x_wconf 87' lang='lat' dir='ltr'>motus</span> <span class='ocrx_word' id='word_1_129' title='bbox 1474 802 1685 852; x_wconf 86' lang='lat' dir='ltr'>proficiscitur</span> <span class='ocrx_word' id='word_1_130' title='bbox 1698 833 1725 848; x_wconf 75' lang='lat'>,.</span> 
     </span>
     <span class='ocr_line' id='line_1_14' title="bbox 301 851 1710 903; baseline 0 -15"><span class='ocrx_word' id='word_1_131' title='bbox 301 859 367 903; x_wconf 88' lang='lat' dir='ltr'>jam</span> <span class='ocrx_word' id='word_1_132' title='bbox 381 852 510 888; x_wconf 82' lang='lat' dir='ltr'>abunde</span> <span class='ocrx_word' id='word_1_133' title='bbox 524 851 648 888; x_wconf 58' lang='lat' dir='ltr'>dietum</span> <span class='ocrx_word' id='word_1_134' title='bbox 663 854 723 889; x_wconf 88' lang='lat' dir='ltr'>est:</span> <span class='ocrx_word' id='word_1_135' title='bbox 736 853 776 887; x_wconf 89' lang='lat' dir='ltr'>de</span> <span class='ocrx_word' id='word_1_136' title='bbox 787 851 963 901; x_wconf 84' lang='lat' dir='ltr'>sulphureis</span> <span class='ocrx_word' id='word_1_137' title='bbox 976 854 1069 888; x_wconf 84' lang='lat' dir='ltr'>mixti</span> <span class='ocrx_word' id='word_1_138' title='bbox 1081 855 1225 901; x_wconf 89' lang='lat' dir='ltr'>corporis</span> <span class='ocrx_word' id='word_1_139' title='bbox 1237 854 1381 902; x_wconf 85' lang='lat' dir='ltr'>partibus</span> <span class='ocrx_word' id='word_1_140' title='bbox 1400 881 1408 897; x_wconf 89' lang='lat'>,</span> <span class='ocrx_word' id='word_1_141' title='bbox 1434 865 1505 900; x_wconf 81' lang='lat' dir='ltr'>qnce</span> <span class='ocrx_word' id='word_1_142' title='bbox 1526 855 1637 903; x_wconf 82' lang='lat' dir='ltr'>ignem</span> <span class='ocrx_word' id='word_1_143' title='bbox 1654 853 1710 888; x_wconf 85' lang='lat' dir='ltr'>fo-</span> 
     </span>
     <span class='ocr_line' id='line_1_15' title="bbox 302 900 1710 952; baseline -0.001 -13"><span class='ocrx_word' id='word_1_144' title='bbox 302 914 403 946; x_wconf 83' lang='lat' dir='ltr'>vent,</span> <span class='ocrx_word' id='word_1_145' title='bbox 420 907 453 940; x_wconf 89' lang='lat'>&amp;</span> <span class='ocrx_word' id='word_1_146' title='bbox 468 900 522 936; x_wconf 90' lang='lat' dir='ltr'>sub</span> <span class='ocrx_word' id='word_1_147' title='bbox 534 901 646 937; x_wconf 85' lang='lat' dir='ltr'>oculos</span> <span class='ocrx_word' id='word_1_148' title='bbox 661 903 801 946; x_wconf 83' lang='lat' dir='ltr'>cadunt,</span> <span class='ocrx_word' id='word_1_149' title='bbox 822 915 938 937; x_wconf 89' lang='lat' dir='ltr'>ornnes</span> <span class='ocrx_word' id='word_1_150' title='bbox 950 903 1067 937; x_wconf 84' lang='lat' dir='ltr'>itidem</span> <span class='ocrx_word' id='word_1_151' title='bbox 1086 902 1316 940; x_wconf 80' lang='lat' dir='ltr'>consentiunt:</span> <span class='ocrx_word' id='word_1_152' title='bbox 1330 904 1413 938; x_wconf 86' lang='lat' dir='ltr'>adeo</span> <span class='ocrx_word' id='word_1_153' title='bbox 1426 914 1461 936; x_wconf 91' lang='lat' dir='ltr'>ut</span> <span class='ocrx_word' id='word_1_154' title='bbox 1478 902 1632 952; x_wconf 88' lang='lat' dir='ltr'>Chymici</span> <span class='ocrx_word' id='word_1_155' title='bbox 1642 916 1710 938; x_wconf 86' lang='lat' dir='ltr'>non</span> 
     </span>
     <span class='ocr_line' id='line_1_16' title="bbox 302 950 1718 1001; baseline -0.001 -13"><span class='ocrx_word' id='word_1_156' title='bbox 302 952 388 988; x_wconf 86' lang='lat' dir='ltr'>aliud</span> <span class='ocrx_word' id='word_1_157' title='bbox 400 955 510 1000; x_wconf 72' lang='lat' dir='ltr'>ignem</span> <span class='ocrx_word' id='word_1_158' title='bbox 525 951 586 986; x_wconf 83' lang='lat' dir='ltr'>effe</span> <span class='ocrx_word' id='word_1_159' title='bbox 604 952 704 999; x_wconf 74' lang='lat' dir='ltr'>quam</span> <span class='ocrx_word' id='word_1_160' title='bbox 713 963 822 1001; x_wconf 81' lang='lat' dir='ltr'>partes</span> <span class='ocrx_word' id='word_1_161' title='bbox 845 950 971 987; x_wconf 79' lang='lat' dir='ltr'>oleosas</span> <span class='ocrx_word' id='word_1_162' title='bbox 989 954 1158 987; x_wconf 82' lang='lat' dir='ltr'>turmatim</span> <span class='ocrx_word' id='word_1_163' title='bbox 1176 964 1386 1001; x_wconf 84' lang='lat' dir='ltr'>erumpentes</span> <span class='ocrx_word' id='word_1_164' title='bbox 1401 953 1599 989; x_wconf 82' lang='lat' dir='ltr'>existiment.</span> <span class='ocrx_word' id='word_1_165' title='bbox 1621 954 1718 988; x_wconf 88' lang='lat' dir='ltr'>Cum.</span> 
     </span>
     <span class='ocr_line' id='line_1_17' title="bbox 305 999 1711 1049; baseline -0.003 -11"><span class='ocrx_word' id='word_1_166' title='bbox 305 1013 415 1038; x_wconf 85' lang='lat' dir='ltr'>tamen</span> <span class='ocrx_word' id='word_1_167' title='bbox 428 1002 474 1037; x_wconf 89' lang='lat' dir='ltr'>hae</span> <span class='ocrx_word' id='word_1_168' title='bbox 485 1012 591 1049; x_wconf 84' lang='lat' dir='ltr'>partes</span> <span class='ocrx_word' id='word_1_169' title='bbox 606 1000 665 1037; x_wconf 78' lang='lat' dir='ltr'>[int</span> <span class='ocrx_word' id='word_1_170' title='bbox 679 1000 865 1045; x_wconf 78' lang='lat' dir='ltr'>molliores,</span> <span class='ocrx_word' id='word_1_171' title='bbox 885 1006 919 1038; x_wconf 87' lang='lat'><strong>&amp;</strong></span> <span class='ocrx_word' id='word_1_172' title='bbox 940 1003 1077 1037; x_wconf 89' lang='lat' dir='ltr'>nimium</span> <span class='ocrx_word' id='word_1_173' title='bbox 1094 1000 1217 1036; x_wconf 83' lang='lat' dir='ltr'>flexiles</span> <span class='ocrx_word' id='word_1_174' title='bbox 1228 1031 1238 1046; x_wconf 96' lang='lat'>,</span> <span class='ocrx_word' id='word_1_175' title='bbox 1248 1002 1363 1049; x_wconf 16' lang='lat' dir='ltr'>squam</span> <span class='ocrx_word' id='word_1_176' title='bbox 1381 1013 1421 1037; x_wconf 89' lang='lat' dir='ltr'>ut</span> <span class='ocrx_word' id='word_1_177' title='bbox 1430 999 1553 1049; x_wconf 86' lang='lat' dir='ltr'>poffint</span> <span class='ocrx_word' id='word_1_178' title='bbox 1567 1013 1659 1037; x_wconf 83' lang='lat' dir='ltr'>tanta</span> <span class='ocrx_word' id='word_1_179' title='bbox 1675 1003 1711 1037; x_wconf 79' lang='lat' dir='ltr'>vi</span> 
     </span>
     <span class='ocr_line' id='line_1_18' title="bbox 303 1050 1714 1100; baseline -0.001 -13"><span class='ocrx_word' id='word_1_180' title='bbox 303 1051 407 1087; x_wconf 88' lang='lat' dir='ltr'>obvia</span> <span class='ocrx_word' id='word_1_181' title='bbox 416 1062 552 1098; x_wconf 82' lang='lat' dir='ltr'>quaeque</span> <span class='ocrx_word' id='word_1_182' title='bbox 569 1063 794 1100; x_wconf 81' lang='lat' dir='ltr'>perrumpere,</span> <span class='ocrx_word' id='word_1_183' title='bbox 806 1050 932 1087; x_wconf 75' lang='lat' dir='ltr'>necesse</span> <span class='ocrx_word' id='word_1_184' title='bbox 949 1051 995 1086; x_wconf 91' lang='lat' dir='ltr'>est</span> <span class='ocrx_word' id='word_1_185' title='bbox 1010 1064 1047 1087; x_wconf 92' lang='lat' dir='ltr'>ut</span> <span class='ocrx_word' id='word_1_186' title='bbox 1058 1053 1095 1086; x_wconf 90' lang='lat' dir='ltr'>iis</span> <span class='ocrx_word' id='word_1_187' title='bbox 1106 1051 1263 1086; x_wconf 82' lang='lat' dir='ltr'>accedant</span> <span class='ocrx_word' id='word_1_188' title='bbox 1272 1064 1311 1086; x_wconf 89' lang='lat' dir='ltr'>ex</span> <span class='ocrx_word' id='word_1_189' title='bbox 1329 1053 1541 1100; x_wconf 58' lang='lat' dir='ltr'>circumjecto</span> <span class='ocrx_word' id='word_1_190' title='bbox 1554 1063 1628 1086; x_wconf 90' lang='lat' dir='ltr'>aere</span> <span class='ocrx_word' id='word_1_191' title='bbox 1639 1050 1714 1086; x_wconf 76' lang='lat' dir='ltr'>aliae</span> 
     </span>
     <span class='ocr_line' id='line_1_19' title="bbox 304 1099 1712 1149; baseline 0.001 -14"><span class='ocrx_word' id='word_1_192' title='bbox 304 1112 410 1149; x_wconf 82' lang='lat' dir='ltr'>partes</span> <span class='ocrx_word' id='word_1_193' title='bbox 431 1099 617 1144; x_wconf 83' lang='lat' dir='ltr'>solidiores,</span> <span class='ocrx_word' id='word_1_194' title='bbox 645 1100 801 1144; x_wconf 66' lang='lat' dir='ltr'>anuosae,</span> <span class='ocrx_word' id='word_1_195' title='bbox 826 1112 1034 1148; x_wconf 84' lang='lat' dir='ltr'>penetrantes</span> <span class='ocrx_word' id='word_1_196' title='bbox 1048 1129 1057 1143; x_wconf 88' lang='lat'>‚</span> <span class='ocrx_word' id='word_1_197' title='bbox 1075 1112 1148 1148; x_wconf 87' lang='lat' dir='ltr'>quae</span> <span class='ocrx_word' id='word_1_198' title='bbox 1167 1113 1240 1135; x_wconf 87' lang='lat' dir='ltr'>cum</span> <span class='ocrx_word' id='word_1_199' title='bbox 1258 1100 1434 1149; x_wconf 87' lang='lat' dir='ltr'>sulphureis</span> <span class='ocrx_word' id='word_1_200' title='bbox 1459 1099 1649 1148; x_wconf 66' lang='lat' dir='ltr'>congressae,</span> <span class='ocrx_word' id='word_1_201' title='bbox 1677 1106 1712 1137; x_wconf 86' lang='lat'>&amp;</span> 
     </span>
     <span class='ocr_line' id='line_1_20' title="bbox 305 1148 1713 1197; baseline 0 -13"><span class='ocrx_word' id='word_1_202' title='bbox 305 1163 381 1185; x_wconf 89' lang='lat' dir='ltr'>cum</span> <span class='ocrx_word' id='word_1_203' title='bbox 401 1152 528 1197; x_wconf 85' lang='lat' dir='ltr'>impetu</span> <span class='ocrx_word' id='word_1_204' title='bbox 546 1149 675 1185; x_wconf 75' lang='lat' dir='ltr'>divulsae</span> <span class='ocrx_word' id='word_1_205' title='bbox 699 1149 766 1185; x_wconf 73' lang='lat' dir='ltr'>una</span> <span class='ocrx_word' id='word_1_206' title='bbox 786 1161 860 1184; x_wconf 90' lang='lat' dir='ltr'>cum</span> <span class='ocrx_word' id='word_1_207' title='bbox 884 1148 993 1184; x_wconf 89' lang='lat' dir='ltr'>subtili</span> <span class='ocrx_word' id='word_1_208' title='bbox 1009 1155 1044 1187; x_wconf 73' lang='grc' dir='ltr'>δε</span> <span class='ocrx_word' id='word_1_209' title='bbox 1058 1149 1200 1184; x_wconf 85' lang='lat' dir='ltr'>aetherea</span> <span class='ocrx_word' id='word_1_210' title='bbox 1222 1152 1358 1185; x_wconf 88' lang='lat' dir='ltr'>materia</span> <span class='ocrx_word' id='word_1_211' title='bbox 1376 1161 1444 1185; x_wconf 85' lang='lat' dir='ltr'>tam</span> <span class='ocrx_word' id='word_1_212' title='bbox 1455 1151 1624 1197; x_wconf 85' lang='lat' dir='ltr'>pernicem</span> <span class='ocrx_word' id='word_1_213' title='bbox 1636 1162 1713 1185; x_wconf 89' lang='lat' dir='ltr'>mo-</span> 
     </span>
     <span class='ocr_line' id='line_1_21' title="bbox 306 1197 1721 1248; baseline 0.001 -15"><span class='ocrx_word' id='word_1_214' title='bbox 306 1211 378 1234; x_wconf 90' lang='lat' dir='ltr'>tum</span> <span class='ocrx_word' id='word_1_215' title='bbox 399 1197 563 1241; x_wconf 71' lang='lat' dir='ltr'>efficiunt,</span> <span class='ocrx_word' id='word_1_216' title='bbox 582 1198 637 1232; x_wconf 82' lang='lat' dir='ltr'>has</span> <span class='ocrx_word' id='word_1_217' title='bbox 649 1211 757 1234; x_wconf 84' lang='lat' dir='ltr'>autem</span> <span class='ocrx_word' id='word_1_218' title='bbox 770 1210 876 1247; x_wconf 85' lang='lat' dir='ltr'>partes</span> <span class='ocrx_word' id='word_1_219' title='bbox 889 1199 1023 1234; x_wconf 86' lang='lat' dir='ltr'>nitrosas</span> <span class='ocrx_word' id='word_1_220' title='bbox 1039 1198 1100 1234; x_wconf 81' lang='lat' dir='ltr'>effe</span> <span class='ocrx_word' id='word_1_221' title='bbox 1110 1198 1223 1234; x_wconf 88' lang='lat' dir='ltr'>multis</span> <span class='ocrx_word' id='word_1_222' title='bbox 1240 1201 1440 1248; x_wconf 79' lang='lat' dir='ltr'>argumentis</span> <span class='ocrx_word' id='word_1_223' title='bbox 1453 1197 1583 1246; x_wconf 88' lang='lat' dir='ltr'>probari</span> <span class='ocrx_word' id='word_1_224' title='bbox 1593 1199 1721 1246; x_wconf 48' lang='lat' dir='ltr'>potesta«</span> 
     </span>
    </p>

    <p class='ocr_par' dir='ltr' id='par_1_10' title="bbox 307 1245 1737 1882">
     <span class='ocr_line' id='line_1_22' title="bbox 346 1245 1714 1296; baseline -0.001 -13"><span class='ocrx_word' id='word_1_225' title='bbox 346 1246 457 1283; x_wconf 76' lang='lat' dir='ltr'>Primo</span> <span class='ocrx_word' id='word_1_226' title='bbox 468 1276 477 1289; x_wconf 89' lang='lat'>,</span> <span class='ocrx_word' id='word_1_227' title='bbox 492 1248 527 1280; x_wconf 86' lang='lat' dir='ltr'>id</span> <span class='ocrx_word' id='word_1_228' title='bbox 542 1249 627 1283; x_wconf 90' lang='lat' dir='ltr'>nitro</span> <span class='ocrx_word' id='word_1_229' title='bbox 641 1246 713 1283; x_wconf 86' lang='lat' dir='ltr'>fuso</span> <span class='ocrx_word' id='word_1_230' title='bbox 727 1249 895 1295; x_wconf 85' lang='lat' dir='ltr'>proprium</span> <span class='ocrx_word' id='word_1_231' title='bbox 905 1249 949 1283; x_wconf 88' lang='lat' dir='ltr'>est</span> <span class='ocrx_word' id='word_1_232' title='bbox 961 1277 970 1291; x_wconf 95' lang='lat'>,</span> <span class='ocrx_word' id='word_1_233' title='bbox 993 1259 1029 1282; x_wconf 93' lang='lat' dir='ltr'>ut</span> <span class='ocrx_word' id='word_1_234' title='bbox 1044 1247 1214 1296; x_wconf 87' lang='lat' dir='ltr'>sulphurea</span> <span class='ocrx_word' id='word_1_235' title='bbox 1232 1260 1369 1295; x_wconf 83' lang='lat' dir='ltr'>quaeque</span> <span class='ocrx_word' id='word_1_236' title='bbox 1385 1245 1546 1282; x_wconf 76' lang='lat' dir='ltr'>diffolvat.</span> <span class='ocrx_word' id='word_1_237' title='bbox 1572 1250 1646 1283; x_wconf 89' lang='lat' dir='ltr'>Nec</span> <span class='ocrx_word' id='word_1_238' title='bbox 1659 1260 1714 1283; x_wconf 88' lang='lat' dir='ltr'>aer</span> 
     </span>
     <span class='ocr_line' id='line_1_23' title="bbox 307 1294 1715 1344; baseline 0 -13"><span class='ocrx_word' id='word_1_239' title='bbox 307 1297 426 1332; x_wconf 89' lang='lat' dir='ltr'>alendo</span> <span class='ocrx_word' id='word_1_240' title='bbox 445 1298 513 1344; x_wconf 82' lang='lat' dir='ltr'>igni</span> <span class='ocrx_word' id='word_1_241' title='bbox 531 1307 598 1330; x_wconf 86' lang='lat' dir='ltr'>tam</span> <span class='ocrx_word' id='word_1_242' title='bbox 618 1294 808 1332; x_wconf 73' lang='lat' dir='ltr'>necessarius</span> <span class='ocrx_word' id='word_1_243' title='bbox 829 1296 891 1339; x_wconf 82' lang='lat' dir='ltr'>est,</span> <span class='ocrx_word' id='word_1_244' title='bbox 920 1296 976 1332; x_wconf 85' lang='lat' dir='ltr'>nifi</span> <span class='ocrx_word' id='word_1_245' title='bbox 991 1299 1066 1344; x_wconf 85' lang='lat' dir='ltr'>quia</span> <span class='ocrx_word' id='word_1_246' title='bbox 1084 1295 1189 1331; x_wconf 86' lang='lat' dir='ltr'>multo</span> <span class='ocrx_word' id='word_1_247' title='bbox 1204 1298 1293 1332; x_wconf 89' lang='lat' dir='ltr'>nitro</span> <span class='ocrx_word' id='word_1_248' title='bbox 1316 1295 1462 1330; x_wconf 84' lang='lat' dir='ltr'>abundat</span> <span class='ocrx_word' id='word_1_249' title='bbox 1480 1325 1491 1339; x_wconf 90' lang='lat'>,</span> <span class='ocrx_word' id='word_1_250' title='bbox 1519 1308 1553 1330; x_wconf 87' lang='lat' dir='ltr'>ur</span> <span class='ocrx_word' id='word_1_251' title='bbox 1569 1295 1624 1331; x_wconf 82' lang='lat' dir='ltr'>suo</span> <span class='ocrx_word' id='word_1_252' title='bbox 1640 1295 1715 1331; x_wconf 88' lang='lat' dir='ltr'>loco</span> 
     </span>
     <span class='ocr_line' id='line_1_24' title="bbox 308 1344 1714 1395; baseline -0.003 -13"><span class='ocrx_word' id='word_1_253' title='bbox 308 1345 523 1382; x_wconf 86' lang='lat' dir='ltr'>ostendemus.</span> <span class='ocrx_word' id='word_1_254' title='bbox 549 1345 651 1381; x_wconf 85' lang='lat' dir='ltr'>Unde</span> <span class='ocrx_word' id='word_1_255' title='bbox 672 1344 728 1382; x_wconf 84' lang='lat' dir='ltr'>nisi</span> <span class='ocrx_word' id='word_1_256' title='bbox 741 1358 843 1381; x_wconf 84' lang='lat' dir='ltr'>novus</span> <span class='ocrx_word' id='word_1_257' title='bbox 861 1344 1066 1392; x_wconf 37' lang='lat' dir='ltr'>subinde-aer</span> <span class='ocrx_word' id='word_1_258' title='bbox 1089 1345 1346 1389; x_wconf 81' lang='lat' dir='ltr'>succedat,brevi</span> <span class='ocrx_word' id='word_1_259' title='bbox 1359 1345 1490 1380; x_wconf 87' lang='lat' dir='ltr'>flamma</span> <span class='ocrx_word' id='word_1_260' title='bbox 1505 1348 1714 1395; x_wconf 85' lang='lat' dir='ltr'>extinguitur.</span> 
     </span>
     <span class='ocr_line' id='line_1_25' title="bbox 307 1393 1716 1444; baseline -0.002 -14"><span class='ocrx_word' id='word_1_261' title='bbox 307 1400 422 1443; x_wconf 80' lang='lat' dir='ltr'>ltaque</span> <span class='ocrx_word' id='word_1_262' title='bbox 431 1407 486 1429; x_wconf 82' lang='lat' dir='ltr'>aer</span> <span class='ocrx_word' id='word_1_263' title='bbox 502 1395 548 1428; x_wconf 86' lang='lat' dir='ltr'>est</span> <span class='ocrx_word' id='word_1_264' title='bbox 558 1394 649 1430; x_wconf 87' lang='lat' dir='ltr'>velut</span> <span class='ocrx_word' id='word_1_265' title='bbox 659 1396 853 1431; x_wconf 86' lang='lat' dir='ltr'>menstruum</span> <span class='ocrx_word' id='word_1_266' title='bbox 866 1425 875 1439; x_wconf 94' lang='lat'>,</span> <span class='ocrx_word' id='word_1_267' title='bbox 887 1408 924 1431; x_wconf 89' lang='lat' dir='ltr'>ut</span> <span class='ocrx_word' id='word_1_268' title='bbox 938 1395 1114 1444; x_wconf 87' lang='lat' dir='ltr'>loquuntur</span> <span class='ocrx_word' id='word_1_269' title='bbox 1128 1395 1284 1443; x_wconf 86' lang='lat' dir='ltr'>Chymici</span> <span class='ocrx_word' id='word_1_270' title='bbox 1294 1425 1304 1440; x_wconf 82' lang='lat'>‚</span> <span class='ocrx_word' id='word_1_271' title='bbox 1323 1395 1376 1430; x_wconf 87' lang='lat' dir='ltr'>seu</span> <span class='ocrx_word' id='word_1_272' title='bbox 1389 1393 1563 1430; x_wconf 80' lang='lat' dir='ltr'>diffolvens</span> <span class='ocrx_word' id='word_1_273' title='bbox 1579 1398 1716 1430; x_wconf 73' lang='lat' dir='ltr'>univer-</span> 
     </span>
     <span class='ocr_line' id='line_1_26' title="bbox 310 1443 1716 1495; baseline 0 -15"><span class='ocrx_word' id='word_1_274' title='bbox 310 1445 372 1480; x_wconf 78' lang='lat' dir='ltr'>sale</span> <span class='ocrx_word' id='word_1_275' title='bbox 386 1474 395 1487; x_wconf 90' lang='lat'>,</span> <span class='ocrx_word' id='word_1_276' title='bbox 420 1444 511 1489; x_wconf 85' lang='lat' dir='ltr'>quod</span> <span class='ocrx_word' id='word_1_277' title='bbox 534 1443 703 1492; x_wconf 82' lang='lat' dir='ltr'>sulphurea</span> <span class='ocrx_word' id='word_1_278' title='bbox 721 1457 858 1492; x_wconf 80' lang='lat' dir='ltr'>quaeque</span> <span class='ocrx_word' id='word_1_279' title='bbox 877 1446 956 1480; x_wconf 92' lang='lat' dir='ltr'>dum</span> <span class='ocrx_word' id='word_1_280' title='bbox 976 1444 1156 1486; x_wconf 88' lang='lat' dir='ltr'>incaluere,</span> <span class='ocrx_word' id='word_1_281' title='bbox 1179 1446 1287 1480; x_wconf 78' lang='lat' dir='ltr'>statim</span> <span class='ocrx_word' id='word_1_282' title='bbox 1313 1443 1460 1481; x_wconf 84' lang='lat' dir='ltr'>exsolvit.</span> <span class='ocrx_word' id='word_1_283' title='bbox 1483 1446 1575 1479; x_wconf 79' lang='lat' dir='ltr'>Hinc</span> <span class='ocrx_word' id='word_1_284' title='bbox 1592 1444 1716 1495; x_wconf 81' lang='lat' dir='ltr'>lignum</span> 
     </span>
     <span class='ocr_line' id='line_1_27' title="bbox 311 1493 1715 1544; baseline 0 -15"><span class='ocrx_word' id='word_1_285' title='bbox 311 1493 374 1529; x_wconf 80' lang='lat' dir='ltr'>vasi</span> <span class='ocrx_word' id='word_1_286' title='bbox 395 1493 507 1536; x_wconf 56' lang='lat' dir='ltr'>fictili,</span> <span class='ocrx_word' id='word_1_287' title='bbox 531 1497 658 1541; x_wconf 71' lang='lat' dir='ltr'>&amp;ignis</span> <span class='ocrx_word' id='word_1_288' title='bbox 669 1496 828 1542; x_wconf 83' lang='lat' dir='ltr'>patienti,</span> <span class='ocrx_word' id='word_1_289' title='bbox 848 1500 880 1531; x_wconf 89' lang='lat'>&amp;</span> <span class='ocrx_word' id='word_1_290' title='bbox 894 1507 1012 1544; x_wconf 85' lang='lat' dir='ltr'>operto</span> <span class='ocrx_word' id='word_1_291' title='bbox 1030 1493 1216 1544; x_wconf 79' lang='lat' dir='ltr'>impolitum</span> <span class='ocrx_word' id='word_1_292' title='bbox 1238 1523 1248 1538; x_wconf 84' lang='lat'>‚</span> <span class='ocrx_word' id='word_1_293' title='bbox 1280 1493 1374 1529; x_wconf 85' lang='lat' dir='ltr'>brevi</span> <span class='ocrx_word' id='word_1_294' title='bbox 1392 1496 1426 1529; x_wconf 88' lang='lat' dir='ltr'>in</span> <span class='ocrx_word' id='word_1_295' title='bbox 1448 1493 1608 1529; x_wconf 87' lang='lat' dir='ltr'>carbones</span> <span class='ocrx_word' id='word_1_296' title='bbox 1633 1507 1715 1529; x_wconf 88' lang='lat' dir='ltr'>con-</span> 
     </span>
     <span class='ocr_line' id='line_1_28' title="bbox 312 1542 1715 1593; baseline 0 -15"><span class='ocrx_word' id='word_1_297' title='bbox 312 1545 450 1579; x_wconf 86' lang='lat' dir='ltr'>vertitur</span> <span class='ocrx_word' id='word_1_298' title='bbox 463 1573 472 1587; x_wconf 90' lang='lat'>,</span> <span class='ocrx_word' id='word_1_299' title='bbox 490 1543 566 1577; x_wconf 86' lang='lat' dir='ltr'>dum</span> <span class='ocrx_word' id='word_1_300' title='bbox 582 1542 716 1579; x_wconf 76' lang='lat' dir='ltr'>sinamus</span> <span class='ocrx_word' id='word_1_301' title='bbox 737 1556 792 1578; x_wconf 89' lang='lat' dir='ltr'>vas</span> <span class='ocrx_word' id='word_1_302' title='bbox 807 1542 918 1579; x_wconf 85' lang='lat' dir='ltr'>sabulo</span> <span class='ocrx_word' id='word_1_303' title='bbox 934 1556 1085 1593; x_wconf 87' lang='lat' dir='ltr'>opertum</span> <span class='ocrx_word' id='word_1_304' title='bbox 1101 1543 1259 1592; x_wconf 86' lang='lat' dir='ltr'>paulatim</span> <span class='ocrx_word' id='word_1_305' title='bbox 1280 1543 1451 1592; x_wconf 82' lang='lat' dir='ltr'>frigescere</span> <span class='ocrx_word' id='word_1_306' title='bbox 1468 1557 1475 1579; x_wconf 76' lang='grc' dir='ltr'><strong>ε</strong></span> <span class='ocrx_word' id='word_1_307' title='bbox 1490 1542 1575 1578; x_wconf 86' lang='lat' dir='ltr'>secus</span> <span class='ocrx_word' id='word_1_308' title='bbox 1595 1546 1682 1579; x_wconf 90' lang='lat' dir='ltr'>enim</span> <span class='ocrx_word' id='word_1_309' title='bbox 1693 1543 1715 1578; x_wconf 82' lang='lat' dir='ltr'>fi</span> 
     </span>
     <span class='ocr_line' id='line_1_29' title="bbox 314 1592 1717 1641; baseline 0.001 -14"><span class='ocrx_word' id='word_1_310' title='bbox 314 1605 445 1627; x_wconf 79' lang='lat' dir='ltr'>arenam</span> <span class='ocrx_word' id='word_1_311' title='bbox 465 1605 527 1640; x_wconf 84' lang='lat' dir='ltr'>qua</span> <span class='ocrx_word' id='word_1_312' title='bbox 551 1595 669 1641; x_wconf 75' lang='lat' dir='ltr'>tegitur</span> <span class='ocrx_word' id='word_1_313' title='bbox 681 1622 691 1635; x_wconf 84' lang='lat'>‚</span> <span class='ocrx_word' id='word_1_314' title='bbox 719 1605 921 1641; x_wconf 82' lang='lat' dir='ltr'>praepropere</span> <span class='ocrx_word' id='word_1_315' title='bbox 934 1592 1089 1628; x_wconf 81' lang='lat' dir='ltr'>sustuleris</span> <span class='ocrx_word' id='word_1_316' title='bbox 1102 1622 1112 1637; x_wconf 95' lang='lat'>,</span> <span class='ocrx_word' id='word_1_317' title='bbox 1131 1592 1291 1628; x_wconf 87' lang='lat' dir='ltr'>subeunte</span> <span class='ocrx_word' id='word_1_318' title='bbox 1308 1605 1382 1627; x_wconf 85' lang='lat' dir='ltr'>acre</span> <span class='ocrx_word' id='word_1_319' title='bbox 1408 1592 1533 1641; x_wconf 83' lang='lat' dir='ltr'>lignum</span> <span class='ocrx_word' id='word_1_320' title='bbox 1547 1592 1717 1628; x_wconf 77' lang='lat' dir='ltr'>flammam</span> 
     </span>
     <span class='ocr_line' id='line_1_30' title="bbox 313 1640 1737 1690; baseline 0.001 -13"><span class='ocrx_word' id='word_1_321' title='bbox 313 1644 496 1690; x_wconf 85' lang='lat' dir='ltr'>concipiet,</span> <span class='ocrx_word' id='word_1_322' title='bbox 517 1653 577 1677; x_wconf 88' lang='lat' dir='ltr'>nec</span> <span class='ocrx_word' id='word_1_323' title='bbox 596 1641 753 1676; x_wconf 84' lang='lat' dir='ltr'>carbones</span> <span class='ocrx_word' id='word_1_324' title='bbox 765 1671 775 1685; x_wconf 92' lang='lat'>‚</span> <span class='ocrx_word' id='word_1_325' title='bbox 797 1642 848 1676; x_wconf 88' lang='lat' dir='ltr'>sed</span> <span class='ocrx_word' id='word_1_326' title='bbox 864 1645 988 1677; x_wconf 88' lang='lat' dir='ltr'>cineres</span> <span class='ocrx_word' id='word_1_327' title='bbox 1003 1641 1104 1677; x_wconf 88' lang='lat' dir='ltr'>dabit.</span> <span class='ocrx_word' id='word_1_328' title='bbox 1128 1644 1185 1677; x_wconf 86' lang='lat' dir='ltr'>Vis</span> <span class='ocrx_word' id='word_1_329' title='bbox 1209 1644 1296 1677; x_wconf 89' lang='lat' dir='ltr'>enim</span> <span class='ocrx_word' id='word_1_330' title='bbox 1318 1642 1431 1676; x_wconf 77' lang='lat' dir='ltr'>caloris</span> <span class='ocrx_word' id='word_1_331' title='bbox 1447 1643 1480 1676; x_wconf 88' lang='lat' dir='ltr'>in</span> <span class='ocrx_word' id='word_1_332' title='bbox 1496 1640 1569 1677; x_wconf 84' lang='lat' dir='ltr'>vase</span> <span class='ocrx_word' id='word_1_333' title='bbox 1586 1641 1721 1678; x_wconf 89' lang='lat' dir='ltr'>occluso.</span> <span class='ocrx_word' id='word_1_334' title='bbox 1732 1661 1737 1667; x_wconf 40' lang='grc' dir='ltr'><em>ἰ</em></span> 
     </span>
     <span class='ocr_line' id='line_1_31' title="bbox 314 1690 1731 1740; baseline -0.001 -14"><span class='ocrx_word' id='word_1_335' title='bbox 314 1704 419 1740; x_wconf 77' lang='lat' dir='ltr'>partes</span> <span class='ocrx_word' id='word_1_336' title='bbox 432 1690 513 1739; x_wconf 77' lang='lat' dir='ltr'>ligni</span> <span class='ocrx_word' id='word_1_337' title='bbox 527 1691 660 1738; x_wconf 87' lang='lat' dir='ltr'>aquosas</span> <span class='ocrx_word' id='word_1_338' title='bbox 682 1690 930 1735; x_wconf 74' lang='lat' dir='ltr'>senfinidiffl&#39;at,</span> <span class='ocrx_word' id='word_1_339' title='bbox 957 1691 1123 1726; x_wconf 88' lang='lat' dir='ltr'>solidiores</span> <span class='ocrx_word' id='word_1_340' title='bbox 1146 1691 1323 1733; x_wconf 83' lang='lat' dir='ltr'>duntaxat,</span> <span class='ocrx_word' id='word_1_341' title='bbox 1341 1690 1731 1738; x_wconf 57' lang='lat' dir='ltr'>quaequeinnumetabi-›</span> 
     </span>
     <span class='ocr_line' id='line_1_32' title="bbox 314 1736 1717 1788; baseline 0 -13"><span class='ocrx_word' id='word_1_342' title='bbox 314 1736 359 1775; x_wconf 79' lang='lat' dir='ltr'>les</span> <span class='ocrx_word' id='word_1_343' title='bbox 379 1752 504 1775; x_wconf 87' lang='lat' dir='ltr'>meatus</span> <span class='ocrx_word' id='word_1_344' title='bbox 524 1768 533 1782; x_wconf 94' lang='lat'>,</span> <span class='ocrx_word' id='word_1_345' title='bbox 561 1752 643 1786; x_wconf 89' lang='lat' dir='ltr'>quos</span> <span class='ocrx_word' id='word_1_346' title='bbox 666 1738 882 1788; x_wconf 84' lang='lat' dir='ltr'>microscopio</span> <span class='ocrx_word' id='word_1_347' title='bbox 903 1742 1066 1775; x_wconf 87' lang='lat' dir='ltr'>cernimus</span> <span class='ocrx_word' id='word_1_348' title='bbox 1079 1768 1088 1782; x_wconf 89' lang='lat'>,</span> <span class='ocrx_word' id='word_1_349' title='bbox 1107 1738 1350 1781; x_wconf 83' lang='lat' dir='ltr'>discriminant,</span> <span class='ocrx_word' id='word_1_350' title='bbox 1376 1738 1447 1773; x_wconf 89' lang='lat' dir='ltr'>sunt</span> <span class='ocrx_word' id='word_1_351' title='bbox 1465 1738 1659 1786; x_wconf 85' lang='lat' dir='ltr'>superstites.</span> <span class='ocrx_word' id='word_1_352' title='bbox 1678 1743 1717 1776; x_wconf 89' lang='lat' dir='ltr'>In</span> 
     </span>
     <span class='ocr_line' id='line_1_33' title="bbox 314 1787 1715 1837; baseline -0.001 -12"><span class='ocrx_word' id='word_1_353' title='bbox 314 1791 362 1825; x_wconf 84' lang='lat' dir='ltr'>his</span> <span class='ocrx_word' id='word_1_354' title='bbox 380 1788 494 1822; x_wconf 82' lang='lat' dir='ltr'>oleosae</span> <span class='ocrx_word' id='word_1_355' title='bbox 510 1793 543 1824; x_wconf 90' lang='lat'>&amp;</span> <span class='ocrx_word' id='word_1_356' title='bbox 559 1787 804 1823; x_wconf 83' lang='lat' dir='ltr'>combustibiles</span> <span class='ocrx_word' id='word_1_357' title='bbox 815 1800 922 1837; x_wconf 85' lang='lat' dir='ltr'>partes</span> <span class='ocrx_word' id='word_1_358' title='bbox 934 1789 1162 1830; x_wconf 86' lang='lat' dir='ltr'>reconduntur,</span> <span class='ocrx_word' id='word_1_359' title='bbox 1173 1800 1251 1834; x_wconf 87' lang='lat' dir='ltr'>quas</span> <span class='ocrx_word' id='word_1_360' title='bbox 1264 1789 1380 1836; x_wconf 83' lang='lat' dir='ltr'>utique</span> <span class='ocrx_word' id='word_1_361' title='bbox 1389 1787 1535 1832; x_wconf 87' lang='lat' dir='ltr'>aer,dum</span> <span class='ocrx_word' id='word_1_362' title='bbox 1549 1787 1715 1835; x_wconf 85' lang='lat' dir='ltr'>calebant,</span> 
     </span>
     <span class='ocr_line' id='line_1_34' title="bbox 316 1835 1254 1882; baseline -0.001 -10"><span class='ocrx_word' id='word_1_363' title='bbox 316 1835 499 1872; x_wconf 75' lang='lat' dir='ltr'>devoraffer.</span> <span class='ocrx_word' id='word_1_364' title='bbox 514 1866 521 1879; x_wconf 80' lang='lat'>‚</span> <span class='ocrx_word' id='word_1_365' title='bbox 539 1836 593 1872; x_wconf 76' lang='lat' dir='ltr'>nisi</span> <span class='ocrx_word' id='word_1_366' title='bbox 606 1837 645 1873; x_wconf 76' lang='lat' dir='ltr'>ab</span> <span class='ocrx_word' id='word_1_367' title='bbox 659 1850 699 1872; x_wconf 85' lang='lat' dir='ltr'>eo</span> <span class='ocrx_word' id='word_1_368' title='bbox 715 1848 817 1882; x_wconf 38' lang='lat' dir='ltr'>tutaev,</span> <span class='ocrx_word' id='word_1_369' title='bbox 845 1844 878 1875; x_wconf 69' lang='grc' dir='ltr'>ὃς</span> <span class='ocrx_word' id='word_1_370' title='bbox 895 1839 992 1874; x_wconf 64' lang='lat' dir='ltr'>arena</span> <span class='ocrx_word' id='word_1_371' title='bbox 1011 1840 1104 1873; x_wconf 61' lang='lat' dir='ltr'>tedrae</span> <span class='ocrx_word' id='word_1_372' title='bbox 1115 1836 1254 1874; x_wconf 69' lang='lat' dir='ltr'>fuissent.</span> 
     </span>
    </p>

    <p class='ocr_par' dir='ltr' id='par_1_11' title="bbox 314 1885 1736 2037">
     <span class='ocr_line' id='line_1_35' title="bbox 351 1885 1716 1936; baseline 0 -14"><span class='ocrx_word' id='word_1_373' title='bbox 351 1885 520 1926; x_wconf 74' lang='lat' dir='ltr'>Secundo,</span> <span class='ocrx_word' id='word_1_374' title='bbox 542 1900 617 1922; x_wconf 88' lang='lat' dir='ltr'>cum</span> <span class='ocrx_word' id='word_1_375' title='bbox 634 1899 688 1923; x_wconf 77' lang='lat' dir='ltr'>vas</span> <span class='ocrx_word' id='word_1_376' title='bbox 707 1889 845 1923; x_wconf 87' lang='lat' dir='ltr'>vitreum</span> <span class='ocrx_word' id='word_1_377' title='bbox 860 1890 892 1923; x_wconf 92' lang='lat' dir='ltr'>in</span> <span class='ocrx_word' id='word_1_378' title='bbox 906 1888 1056 1923; x_wconf 85' lang='lat' dir='ltr'>machina</span> <span class='ocrx_word' id='word_1_379' title='bbox 1080 1889 1309 1936; x_wconf 85' lang='lat' dir='ltr'>pneumatica,</span> <span class='ocrx_word' id='word_1_380' title='bbox 1328 1885 1369 1920; x_wconf 90' lang='lat' dir='ltr'>de</span> <span class='ocrx_word' id='word_1_381' title='bbox 1387 1898 1451 1934; x_wconf 90' lang='lat' dir='ltr'>qua</span> <span class='ocrx_word' id='word_1_382' title='bbox 1466 1886 1573 1934; x_wconf 87' lang='lat' dir='ltr'>postea</span> <span class='ocrx_word' id='word_1_383' title='bbox 1588 1915 1598 1930; x_wconf 86' lang='lat'>,</span> <span class='ocrx_word' id='word_1_384' title='bbox 1623 1889 1716 1922; x_wconf 87' lang='lat' dir='ltr'>omni</span> 
     </span>
     <span class='ocr_line' id='line_1_36' title="bbox 314 1934 1736 1987; baseline 0.001 -16"><span class='ocrx_word' id='word_1_385' title='bbox 314 1949 388 1972; x_wconf 85' lang='lat' dir='ltr'>aere</span> <span class='ocrx_word' id='word_1_386' title='bbox 402 1936 446 1971; x_wconf 84' lang='lat' dir='ltr'>est</span> <span class='ocrx_word' id='word_1_387' title='bbox 461 1937 647 1971; x_wconf 76' lang='lat' dir='ltr'>destitutum</span> <span class='ocrx_word' id='word_1_388' title='bbox 663 1966 672 1978; x_wconf 89' lang='lat'>,</span> <span class='ocrx_word' id='word_1_389' title='bbox 701 1947 768 1971; x_wconf 85' lang='lat' dir='ltr'>tum</span> <span class='ocrx_word' id='word_1_390' title='bbox 780 1938 886 1973; x_wconf 76' lang='lat' dir='ltr'>statim</span> <span class='ocrx_word' id='word_1_391' title='bbox 901 1940 983 1987; x_wconf 78' lang='lat' dir='ltr'>ignis</span> <span class='ocrx_word' id='word_1_392' title='bbox 1003 1940 1201 1987; x_wconf 83' lang='lat' dir='ltr'>extinguitur</span> <span class='ocrx_word' id='word_1_393' title='bbox 1220 1966 1229 1980; x_wconf 94' lang='lat'>,</span> <span class='ocrx_word' id='word_1_394' title='bbox 1248 1948 1308 1971; x_wconf 88' lang='lat' dir='ltr'>nec</span> <span class='ocrx_word' id='word_1_395' title='bbox 1321 1936 1499 1983; x_wconf 86' lang='lat' dir='ltr'>quicquam</span> <span class='ocrx_word' id='word_1_396' title='bbox 1510 1934 1717 1983; x_wconf 87' lang='lat' dir='ltr'>sulphureum</span> <span class='ocrx_word' id='word_1_397' title='bbox 1734 1963 1736 1966; x_wconf 89' lang='lat'>-</span> 
     </span>
     <span class='ocr_line' id='line_1_37' title="bbox 315 1985 1445 2037; baseline -0.001 -17"><span class='ocrx_word' id='word_1_398' title='bbox 315 1986 448 2021; x_wconf 84' lang='lat' dir='ltr'>accendi</span> <span class='ocrx_word' id='word_1_399' title='bbox 462 1988 584 2033; x_wconf 74' lang='lat' dir='ltr'>potest,</span> <span class='ocrx_word' id='word_1_400' title='bbox 607 1985 661 2021; x_wconf 81' lang='lat' dir='ltr'>nisi</span> <span class='ocrx_word' id='word_1_401' title='bbox 677 1987 707 2019; x_wconf 90' lang='lat' dir='ltr'>id</span> <span class='ocrx_word' id='word_1_402' title='bbox 718 1986 753 2021; x_wconf 84' lang='lat' dir='ltr'>sit</span> <span class='ocrx_word' id='word_1_403' title='bbox 766 2000 839 2023; x_wconf 89' lang='lat' dir='ltr'>cum</span> <span class='ocrx_word' id='word_1_404' title='bbox 850 1990 936 2023; x_wconf 77' lang='lat' dir='ltr'>nitro</span> <span class='ocrx_word' id='word_1_405' title='bbox 947 2018 956 2032; x_wconf 88' lang='lat'><em>‚</em></span> <span class='ocrx_word' id='word_1_406' title='bbox 981 1987 1031 2023; x_wconf 84' lang='lat' dir='ltr'>seu</span> <span class='ocrx_word' id='word_1_407' title='bbox 1047 1986 1211 2037; x_wconf 84' lang='lat' dir='ltr'>salepetrae</span> <span class='ocrx_word' id='word_1_408' title='bbox 1226 1987 1445 2034; x_wconf 61' lang='lat' dir='ltr'>conjunctum·</span> 
     </span>
    </p>

    <p class='ocr_par' dir='ltr' id='par_1_12' title="bbox 318 2033 1739 2329">
     <span class='ocr_line' id='line_1_38' title="bbox 352 2033 1717 2086; baseline -0.001 -15"><span class='ocrx_word' id='word_1_409' title='bbox 352 2034 470 2071; x_wconf 66' lang='lat' dir='ltr'>Tertio</span> <span class='ocrx_word' id='word_1_410' title='bbox 483 2065 490 2076; x_wconf 77' lang='lat'>‚</span> <span class='ocrx_word' id='word_1_411' title='bbox 504 2035 578 2071; x_wconf 79' lang='lat' dir='ltr'>hinc</span> <span class='ocrx_word' id='word_1_412' title='bbox 589 2036 692 2083; x_wconf 84' lang='lat' dir='ltr'>pulvis</span> <span class='ocrx_word' id='word_1_413' title='bbox 704 2039 812 2085; x_wconf 76' lang='lat' dir='ltr'>pyr-ius</span> <span class='ocrx_word' id='word_1_414' title='bbox 824 2039 907 2072; x_wconf 78' lang='lat' dir='ltr'>intra</span> <span class='ocrx_word' id='word_1_415' title='bbox 924 2037 1037 2073; x_wconf 86' lang='lat' dir='ltr'>tubum</span> <span class='ocrx_word' id='word_1_416' title='bbox 1050 2049 1141 2086; x_wconf 85' lang='lat' dir='ltr'>parte</span> <span class='ocrx_word' id='word_1_417' title='bbox 1159 2037 1259 2073; x_wconf 88' lang='lat' dir='ltr'>altera</span> <span class='ocrx_word' id='word_1_418' title='bbox 1275 2033 1435 2070; x_wconf 86' lang='lat' dir='ltr'>occlusum</span> <span class='ocrx_word' id='word_1_419' title='bbox 1454 2038 1487 2070; x_wconf 86' lang='lat' dir='ltr'>vi</span> <span class='ocrx_word' id='word_1_420' title='bbox 1508 2035 1637 2070; x_wconf 55' lang='lat' dir='ltr'>adanstus</span> <span class='ocrx_word' id='word_1_421' title='bbox 1660 2034 1717 2070; x_wconf 89' lang='lat' dir='ltr'>vel</span> 
     </span>
     <span class='ocr_line' id='line_1_39' title="bbox 318 2083 1739 2134; baseline 0.001 -15"><span class='ocrx_word' id='word_1_422' title='bbox 318 2088 352 2120; x_wconf 87' lang='lat' dir='ltr'>in</span> <span class='ocrx_word' id='word_1_423' title='bbox 364 2083 426 2133; x_wconf 72' lang='lat' dir='ltr'>ipsa</span> <span class='ocrx_word' id='word_1_424' title='bbox 441 2097 524 2132; x_wconf 79' lang='lat' dir='ltr'>aqua</span> <span class='ocrx_word' id='word_1_425' title='bbox 539 2087 741 2122; x_wconf 81' lang='lat' dir='ltr'>accenditur:</span> <span class='ocrx_word' id='word_1_426' title='bbox 760 2088 847 2132; x_wconf 81' lang='lat' dir='ltr'>quod</span> <span class='ocrx_word' id='word_1_427' title='bbox 859 2087 958 2122; x_wconf 83' lang='lat' dir='ltr'>solum</span> <span class='ocrx_word' id='word_1_428' title='bbox 971 2090 1094 2123; x_wconf 85' lang='lat' dir='ltr'>nitrum</span> <span class='ocrx_word' id='word_1_429' title='bbox 1104 2099 1179 2122; x_wconf 83' lang='lat' dir='ltr'>aere</span> <span class='ocrx_word' id='word_1_430' title='bbox 1197 2099 1262 2121; x_wconf 89' lang='lat' dir='ltr'>non</span> <span class='ocrx_word' id='word_1_431' title='bbox 1278 2085 1439 2134; x_wconf 79' lang='lat' dir='ltr'>indigeat,</span> <span class='ocrx_word' id='word_1_432' title='bbox 1466 2097 1534 2132; x_wconf 86' lang='lat' dir='ltr'>quo</span> <span class='ocrx_word' id='word_1_433' title='bbox 1549 2083 1717 2120; x_wconf 84' lang='lat' dir='ltr'>flammam</span> <span class='ocrx_word' id='word_1_434' title='bbox 1736 2105 1739 2106; x_wconf 29' lang='grc' dir='ltr'><em>ν</em></span> 
     </span>
     <span class='ocr_line' id='line_1_40' title="bbox 318 2135 1715 2185; baseline -0.001 -17"><span class='ocrx_word' id='word_1_435' title='bbox 318 2135 485 2170; x_wconf 65' lang='lat' dir='ltr'>accendat.</span> <span class='ocrx_word' id='word_1_436' title='bbox 506 2135 668 2181; x_wconf 63' lang='lat' dir='ltr'>Quamvis</span> <span class='ocrx_word' id='word_1_437' title='bbox 683 2138 713 2170; x_wconf 89' lang='lat' dir='ltr'>in</span> <span class='ocrx_word' id='word_1_438' title='bbox 730 2138 816 2171; x_wconf 86' lang='lat' dir='ltr'>nitro</span> <span class='ocrx_word' id='word_1_439' title='bbox 825 2137 919 2173; x_wconf 76' lang='lat' dir='ltr'>nullae</span> <span class='ocrx_word' id='word_1_440' title='bbox 934 2138 993 2173; x_wconf 74' lang='lat' dir='ltr'>sint</span> <span class='ocrx_word' id='word_1_441' title='bbox 1011 2150 1116 2184; x_wconf 84' lang='lat' dir='ltr'>partes</span> <span class='ocrx_word' id='word_1_442' title='bbox 1129 2137 1301 2185; x_wconf 73' lang='lat' dir='ltr'>sulphureae</span> <span class='ocrx_word' id='word_1_443' title='bbox 1314 2149 1321 2170; x_wconf 90' lang='lat'>:</span> <span class='ocrx_word' id='word_1_444' title='bbox 1334 2147 1441 2182; x_wconf 84' lang='lat' dir='ltr'>neque</span> <span class='ocrx_word' id='word_1_445' title='bbox 1461 2137 1552 2170; x_wconf 77' lang='lat' dir='ltr'>enim</span> <span class='ocrx_word' id='word_1_446' title='bbox 1569 2136 1601 2167; x_wconf 91' lang='lat' dir='ltr'>in</span> <span class='ocrx_word' id='word_1_447' title='bbox 1612 2136 1715 2167; x_wconf 85' lang='lat' dir='ltr'>cruci-</span> 
     </span>
     <span class='ocr_line' id='line_1_41' title="bbox 322 2181 1716 2233; baseline -0.007 -6"><span class='ocrx_word' id='word_1_448' title='bbox 322 2183 421 2226; x_wconf 73' lang='lat' dir='ltr'>bulo,</span> <span class='ocrx_word' id='word_1_449' title='bbox 442 2183 541 2231; x_wconf 54' lang='lat' dir='ltr'>vulg&amp;</span> <span class='ocrx_word' id='word_1_450' title='bbox 560 2188 675 2227; x_wconf 62' lang='lat' dir='ltr'>creusst</span> <span class='ocrx_word' id='word_1_451' title='bbox 691 2214 696 2223; x_wconf 84' lang='lat'><em>.</em></span> <span class='ocrx_word' id='word_1_452' title='bbox 717 2199 825 2232; x_wconf 72' lang='lat' dir='ltr'>neque</span> <span class='ocrx_word' id='word_1_453' title='bbox 843 2187 960 2233; x_wconf 70' lang='lat' dir='ltr'>speculi</span> <span class='ocrx_word' id='word_1_454' title='bbox 980 2188 1086 2223; x_wconf 85' lang='lat' dir='ltr'>ustorii</span> <span class='ocrx_word' id='word_1_455' title='bbox 1105 2189 1137 2221; x_wconf 83' lang='lat' dir='ltr'>vi</span> <span class='ocrx_word' id='word_1_456' title='bbox 1153 2187 1391 2223; x_wconf 54' lang='lat' dir='ltr'>inflammatur:</span> <span class='ocrx_word' id='word_1_457' title='bbox 1414 2184 1466 2219; x_wconf 91' lang='lat' dir='ltr'>sed</span> <span class='ocrx_word' id='word_1_458' title='bbox 1485 2182 1542 2218; x_wconf 89' lang='lat' dir='ltr'>ubi</span> <span class='ocrx_word' id='word_1_459' title='bbox 1556 2181 1716 2217; x_wconf 86' lang='lat' dir='ltr'>carbones</span> 
     </span>
     <span class='ocr_line' id='line_1_42' title="bbox 324 2230 1717 2284; baseline -0.009 -6"><span class='ocrx_word' id='word_1_460' title='bbox 324 2235 509 2280; x_wconf 80' lang='lat' dir='ltr'>injiciuntur</span> <span class='ocrx_word' id='word_1_461' title='bbox 521 2262 529 2276; x_wconf 71' lang='lat'>2</span> <span class='ocrx_word' id='word_1_462' title='bbox 545 2245 599 2268; x_wconf 64' lang='lat' dir='ltr'>stur</span> <span class='ocrx_word' id='word_1_463' title='bbox 613 2235 689 2279; x_wconf 84' lang='lat' dir='ltr'>quid</span> <span class='ocrx_word' id='word_1_464' title='bbox 703 2235 785 2270; x_wconf 75' lang='lat' dir='ltr'>aliud</span> <span class='ocrx_word' id='word_1_465' title='bbox 800 2235 1019 2284; x_wconf 73' lang='lat' dir='ltr'>sulphureum,</span> <span class='ocrx_word' id='word_1_466' title='bbox 1045 2238 1152 2274; x_wconf 85' lang='lat' dir='ltr'>statim</span> <span class='ocrx_word' id='word_1_467' title='bbox 1170 2237 1338 2274; x_wconf 86' lang='lat' dir='ltr'>flammam</span> <span class='ocrx_word' id='word_1_468' title='bbox 1351 2235 1495 2282; x_wconf 88' lang='lat' dir='ltr'>concipit</span> <span class='ocrx_word' id='word_1_469' title='bbox 1510 2246 1518 2269; x_wconf 74' lang='grc' dir='ltr'><strong>ε</strong></span> <span class='ocrx_word' id='word_1_470' title='bbox 1544 2230 1660 2268; x_wconf 77' lang='lat' dir='ltr'>verum</span> <span class='ocrx_word' id='word_1_471' title='bbox 1675 2231 1717 2266; x_wconf 88' lang='lat' dir='ltr'>de</span> 
     </span>
     <span class='ocr_line' id='line_1_43' title="bbox 325 2282 934 2329; baseline 0.005 -13"><span class='ocrx_word' id='word_1_472' title='bbox 325 2282 373 2316; x_wconf 83' lang='lat' dir='ltr'>his</span> <span class='ocrx_word' id='word_1_473' title='bbox 389 2282 477 2329; x_wconf 73' lang='lat' dir='ltr'>plura</span> <span class='ocrx_word' id='word_1_474' title='bbox 488 2312 497 2327; x_wconf 90' lang='lat'>,</span> <span class='ocrx_word' id='word_1_475' title='bbox 512 2295 585 2319; x_wconf 88' lang='lat' dir='ltr'>cum</span> <span class='ocrx_word' id='word_1_476' title='bbox 597 2283 659 2320; x_wconf 79' lang='lat' dir='ltr'>sese</span> <span class='ocrx_word' id='word_1_477' title='bbox 672 2284 789 2321; x_wconf 84' lang='lat' dir='ltr'>offeret</span> <span class='ocrx_word' id='word_1_478' title='bbox 801 2285 934 2322; x_wconf 74' lang='lat' dir='ltr'>occasio.</span> 
     </span>
    </p>
   </div>
  </div>
 </body>
</html>
