1878 2724
494 109 844 151 TRACTATUS
881 108 1129 146 PRIMUS.
1487 125 1515 159 :¹3

620 210 651 246 C
679 213 709 248 A
734 213 758 248 P
792 211 828 247 U
864 210 895 244 T
950 209 975 245 1.

455 310 510 346 De
529 311 697 360 principiis
721 308 910 346 mechanicis
929 309 962 342 in
981 307 1175 353 univerficm.

123 415 390 501 REcentiores
406 421 491 460 pene
502 420 616 444 omnes
631 410 688 456 qui
705 408 931 444 mechanicum
945 403 1196 455 philosophandi
1213 416 1314 454 genus
1334 403 1519 442 consecran-

151 470 153 485 ²
205 476 275 508 tur,
295 465 327 499 in
347 475 385 496 ea
406 461 479 496 sunt
495 460 651 507 opinione
673 469 708 492 ut
731 469 867 505 putent,
888 458 1059 490 materiam
1077 466 1115 489 ex
1137 466 1203 502 qua
1220 467 1356 502 quaeque
1373 456 1518 490 constant

121 525 283 561 eorpora,
303 510 364 547 effe
385 508 588 549 uniusmodi,
607 504 819 541 substantiam
848 506 1001 540 nimirum
1022 503 1207 547 extensam,
1231 509 1265 541 &
1284 503 1519 552 impenetrabi-

124 562 200 598 lem.
219 564 368 598 Omnem
379 570 476 607 porro
486 555 731 590 distinetionem
747 584 756 598 ,
777 560 811 591 &
826 556 1017 590 varietatem
1032 564 1207 600 corporum
1225 565 1265 587 ex
1282 564 1376 588 motu
1391 581 1400 596 ,
1432 553 1514 602 figu-

125 624 161 647 ta
175 639 186 655 ,
207 610 264 647 fitu
275 639 285 653 ‚
300 606 524 657 magnitudine
534 633 545 649 ‚
563 615 619 638 aut
636 603 706 638 aliis
724 602 951 640 affectionibus
965 607 997 639 &
1007 614 1146 638 numero
1156 604 1265 650 paucis
1279 631 1289 646 ‚
1305 607 1339 639 ὃς
1349 602 1520 637 intellecm

125 673 195 696 non
214 659 317 694 arduis
331 656 489 707 profluere
508 669 515 691 :
535 653 618 689 adeo
635 664 669 688 ut
691 653 738 689 liae
749 655 964 703 proprietates
978 682 987 696 ‚
1005 664 1061 688 aut
1079 651 1247 700 generales
1258 663 1430 700 corporum
1442 650 1518 687 affe-

125 710 250 744 &iones
261 719 396 743 omnem
411 718 494 756 pene
507 715 613 740 retum
628 705 823 738 varietatem
836 701 980 738 efficiant
995 731 1005 746 ,
1021 714 1061 737 ac
1078 701 1184 736 forma
1209 703 1255 736 rei
1272 700 1424 750 cujusque
1439 699 1520 735 nihil

124 756 162 794 fit
179 768 292 806 praetet
304 757 436 792 istorum
450 754 664 790 accidentium
677 753 885 802 complexum
899 781 910 796 ,
932 753 991 800 qui
1013 754 1060 786 rei
1079 750 1217 786 naturali
1231 750 1521 785 constituendaeest

124 806 390 842 accommodatus
410 820 418 841 :
448 816 558 853 neque
574 804 611 837 iis
626 800 739 838 desunt
760 804 924 845 rationes,
948 806 981 838 ὃ(
998 800 1148 850 exempla
1174 800 1296 847 quibus
1329 799 1521 835 sententiam

127 854 215 892 fixam
242 854 415 891 stabiliant.

157 903 270 941 Primo
283 933 293 947 ,
311 907 462 952 inquiunt
471 931 481 942 ,
500 914 536 938 ut
545 915 584 939 ex
594 902 683 938 ferro
700 900 781 938 fiunt
791 900 891 949 gladii
905 929 925 945 ,.
936 899 1044 937 claves
1055 929 1066 943 ,
1079 898 1250 948 horologia
1265 904 1300 936 &
1309 898 1370 934 alia
1382 898 1521 949 ejusmo-

124 954 162 989 di
174 982 185 997 ,
204 966 282 1001 quaei
290 966 356 989 non
370 952 546 989 substantia
558 980 567 995 ,
581 951 632 988 sed
648 951 753 989 forma
765 951 853 987 distin
880 961 997 985 uuntur
1017 963 1027 985 ε
1042 948 1081 985 fic
1091 949 1208 985 eadem
1227 961 1265 983 ex
1283 950 1417 983 materia
1432 977 1442 992 ‚
1469 946 1521 982 sed

125 1004 215 1039 :varie
226 1003 443 1039 determinata
454 1014 511 1038 aut
522 1001 710 1037 modificata
725 1013 775 1036 res
789 963 952 1049 proffeunt
967 997 1111 1034 infinitae.
1135 1001 1243 1046 Atque
1264 998 1328 1033 haec
1340 998 1522 1032 accidentia

127 1064 184 1087 aut
196 1053 288 1087 modi
306 1055 363 1100 qui
374 1053 546 1087 materiam
559 1050 832 1094 determinant3ad
849 1047 1013 1084 essentiam
1031 1051 1078 1084 rei
1090 1060 1189 1095 quam
1202 1047 1520 1090 constituunt‚omni-

125 1114 172 1137 no
186 1103 355 1151 pertinent
368 1118 381 1144 3=
392 1100 626 1136 licet-materiae
638 1099 693 1148 ipsi
709 1100 858 1135 accidant
873 1113 881 1134 :
902 1110 938 1133 ut
952 1096 1052 1147 figura
1066 1097 1167 1146 gladii
1182 1097 1270 1132 ferro
1290 1097 1423 1144 quidem
1440 1097 1522 1129 acci-

127 1150 197 1193 dir,
212 1149 264 1184 sed
277 1150 388 1198 gladio
404 1150 446 1185 est
457 1148 638 1184 essentialis.
850 1155 853 1157 ·

161 1197 335 1242 Secundo,
356 1211 462 1247 partes
477 1211 648 1246 corporum
671 1197 725 1232 vel
755 1197 811 1232 suo
825 1196 899 1232 loco
914 1205 1053 1236 emotae,
1071 1193 1126 1229 vel
1146 1196 1178 1229 in
1190 1193 1290 1229 alium
1304 1192 1453 1227 ordinem
1469 1193 1520 1226 di.

126 1260 149 1296 g
171 1247 224 1282 stae
239 1260 341 1282 novas
355 1246 596 1295 utiquespecies
610 1245 831 1295 praebentfine
849 1245 943 1280 ullius
963 1245 1075 1279 fotmae
1089 1271 1099 1286 ,
1116 1254 1173 1278 aut
1185 1256 1277 1277 novae
1298 1244 1442 1276 entitatis
1467 1254 1519 1275 ac-

129 1308 166 1331 ce
191 1305 281 1332 ione.
301 1297 454 1344 Cumque
466 1308 615 1331 motuum
626 1308 739 1331 omnes
751 1293 926 1344 progressus
936 1323 946 1338 ‚
961 1305 999 1328 ac
1011 1291 1107 1326 -vclut
1119 1292 1234 1342 gradus
1252 1294 1413 1327 intuemur
1425 1319 1435 1333 ,
1452 1289 1521 1325 nus-

129 1357 231 1393 quam
249 1359 340 1381 novae
358 1346 471 1381 formae
486 1345 574 1380 locus
590 1357 700 1393 patet,
721 1357 786 1380 nec·
800 1345 980 1392 quicquam
1002 1353 1118 1390 praeter
1146 1344 1285 1389 partium
1308 1341 1521 1388 agitationem

128 1396 354 1432 occurrit.Sed
367 1408 441 1431 cum
457 1407 620 1430 extremos
635 1393 725 1429 velut
739 1396 925 1429 mutationis
941 1392 1058 1427 limites
1073 1391 1302 1439 perpendimus
1316 1417 1324 1431 ‚
1345 1401 1413 1423 tum
1430 1400 1521 1423 vete-

130 1455 200 1479 rem
211 1443 351 1480 formam
370 1443 512 1492 periisse,
533 1456 654 1479 novam
671 1441 797 1478 subiisse
814 1442 1028 1478 decernimus.
1054 1441 1090 1477 Id
1101 1443 1217 1488 utique
1237 1438 1390 1487 exemplo
1412 1436 1521 1481 facili,

129 1490 170 1527 fic
187 1492 267 1528 olim
281 1493 427 1541 exposuit
445 1495 493 1529 vit
512 1492 695 1529 clariffimus
713 1495 757 1529 D.
776 1492 815 1526 de
827 1492 1020 1526 Corde-mois.

122 1584 125 1586 Α
167 1542 257 1577 Cum
270 1545 368 1578 tritici
379 1556 477 1591 grana
486 1545 519 1577 in
533 1542 670 1577 farinam
690 1540 848 1577 molarum
868 1536 1111 1588 compressione
1137 1538 1323 1586 rediguntur
1341 1565 1351 1579 ‚
1372 1548 1438 1571 turn
1453 1535 1521 1585 spe.

128 1592 217 1627 ciem
229 1593 326 1625 tritici
332 1605 405 1626 non
417 1590 504 1625 alind
514 1590 615 1636 quirm
634 1602 741 1624 motus
756 1592 916 1623 immutat.
929 1591 1006 1636 Jam
1017 1586 1074 1620 ubi
1086 1586 1196 1620 farinae
1206 1585 1364 1639 particulae
1376 1584 1440 1620 una
1448 1598 1520 1620 cum

129 1651 217 1687 aqua
235 1640 487 1688 permiscentur,
507 1644 538 1675 ἃ
552 1638 621 1674 aliae
634 1637 704 1672 aliis
719 1636 889 1680 consettae,
906 1648 960 1671 aut
975 1634 1123 1682 implexae
1136 1634 1266 1669 maslam
1278 1633 1435 1676 efficiunt,
1449 1646 1520 1680 quae

131 1687 282 1723 manibus
294 1688 424 1723 subnata
432 1690 464 1723 in
477 1686 609 1722 clibano
626 1689 794 1733 coquitur,
812 1685 892 1721 nihil
910 1685 1016 1720 adhuc
1029 1694 1140 1732 praeter
1156 1685 1293 1731 partium
1306 1681 1523 1730 transpositio.

129 1748 210 1772 nem
221 1743 397 1775 &snorum
407 1735 641 1784 conspicimus„
655 1737 745 1771 Tum
768 1733 922 1770 dentibus
936 1746 1048 1782 parum
1063 1733 1263 1767 conterimus
1279 1760 1288 1775 ‚
1312 1733 1345 1766 in
1360 1733 1523 1766 ventricu-

131 1785 200 1821 lum
212 1786 415 1821 demittimus
427 1815 436 1829 ,
453 1785 508 1820 ubi
521 1788 706 1834 penetranti
720 1784 812 1819 succo
827 1813 836 1826 ,
852 1789 885 1820 &
903 1782 1011 1818 calore
1028 1781 1186 1817 viscerum
1199 1782 1432 1815 comminuitur
1444 1809 1454 1823 ‚
1471 1791 1522 1815 at..

131 1847 197 1883 que
208 1848 279 1870 eam
297 1836 366 1871 fere
379 1835 520 1871 formam
534 1835 660 1878 induit,
680 1846 778 1882 quam
787 1831 958 1868 discolores
974 1831 1094 1867 laciniae
1114 1843 1200 1877 aqua
1217 1828 1398 1878 profluente
1415 1829 1522 1878 perfu-

133 1884 171 1919 sae
184 1913 194 1928 ,
212 1890 243 1922 &
256 1887 408 1921 continua
421 1884 612 1919 malleorum
625 1885 804 1929 agitatione
827 1885 859 1917 in
870 1882 1003 1930 pistrinis
1021 1879 1160 1916 contusae
1175 1891 1239 1927 prae
1253 1878 1283 1913 se
1299 1878 1420 1914 ferunt.
1433 1880 1522 1914 Nam

134 1932 230 1969 marsa
248 1933 384 1978 viscosa,
409 1939 441 1970 δέ
455 1932 592 1968 candida
609 1932 750 1968 efficitur
761 1962 770 1976 ‚
786 1944 856 1979 quae
871 1934 904 1967 in
919 1930 1064 1965 chartam
1081 1927 1260 1965 exsiccatur-
1291 1929 1395 1976 Hujus
1412 1929 1522 1974 itaque

128 1982 272 2029 'liquoris
287 1986 323 2019 in
333 1982 515 2020 ventriculo
525 1984 626 2030 parati
638 2011 648 2027 ,
665 1994 764 2030 quem
785 1980 916 2030 chylum
936 1991 1074 2023 vocant,
1092 1990 1200 2027 partes
1218 1975 1379 2013 craffiores
1401 1978 1432 2011 in
1458 1975 1522 2024 ipsa

136 2032 282 2066 intestina
298 2033 546 2079 protruduntur,
561 2031 638 2066 dum
649 2033 811 2067 tenuiores
823 2042 880 2078 pet
896 2027 1055 2077 quosdam
1069 2039 1191 2063 meatus
1210 2025 1268 2062 srbi
1279 2037 1407 2073 aptatos
1422 2027 1455 2060 in
1468 2037 1522 2059 ve-

137 2079 358 2115 nulaslaeseas
371 2110 380 2123 ,
400 2092 468 2115 tum
483 2082 515 2115 in
533 2092 706 2116 commune
724 2078 986 2128 rec2ptaculum,
1007 2078 1124 2113 deinde
1147 2088 1204 2125 per
1229 2086 1438 2111 communem
1461 2074 1521 2108 du-

138 2132 227 2165 stum
241 2131 274 2164 in
285 2142 384 2164 venas
399 2158 408 2173 ‚
423 2141 520 2175 atque
532 2131 566 2164 in
581 2129 731 2166 dextrum
744 2129 848 2163 cordis
865 2127 968 2163 sinum
984 2126 1169 2162 illabuntur.
1193 2127 1267 2162 Nec
1281 2126 1452 2171 quicquam
1463 2123 1521 2156 ad-

129 2179 200 2215 huc
215 2190 330 2226 praeter
341 2190 466 2213 motum
480 2177 618 2212 localem
635 2179 920 2214 animadvertimus
931 2207 942 2222 ,
965 2177 1171 2223 quantumvis
1188 2173 1304 2222 species
1332 2173 1450 2207 mutari
1471 2172 1521 2203 vi-

128 2229 272 2271 deatur,
296 2240 334 2262 ac
351 2226 434 2263 nihil
447 2227 516 2262 fere
530 2227 618 2274 quod
633 2228 802 2270 antefuit,
829 2229 927 2262 tritici
935 2236 1110 2275 appareat,
1124 2223 1181 2260 ubi
1200 2227 1231 2258 in
1242 2221 1422 2270 sanguinem
1431 2232 1521 2254 com-

140 2289 239 2314 meat.

177 2325 459 2373 Cumautemipsa
470 2328 629 2369 mutatio,
650 2337 686 2359 ac
702 2335 808 2372 partes
835 2337 907 2372 quae
937 2323 1049 2366 situm,
1074 2321 1254 2368 &figuram
1283 2328 1426 2360 mutant,
1453 2315 1522 2351 sunt

139 2374 299 2412 sensibiles
315 2387 379 2411 :ut
390 2375 521 2422 quando
537 2378 678 2411 triticum
692 2387 725 2410 in
743 2374 887 2409 farinam
898 2372 1127 2408 comminuitur
1137 2399 1147 2415 ,
1163 2381 1230 2405 tum
1250 2369 1354 2406 motui
1372 2371 1405 2403 &
1418 2365 1522 2415 figurae

290 2425 383 2460 Tom.
401 2426 416 2457 I
429 2426 459 2460 l.
1336 2419 1362 2453 E
