1878 2724
383 152 440 193 636
907 140 932 176 P
954 140 989 176 H
1013 142 1044 177 Y
1068 143 1090 176 S
1108 143 1121 176 1
1141 140 1173 177 C
1189 142 1233 176 ,ΑΞ

383 194 512 231 craffior
527 205 647 230 manet.
668 191 835 229 Postremo
856 191 916 226 vix
930 189 1011 225 illud
1026 191 1144 226 accidit
1154 202 1190 225 ut
1202 201 1289 226 venae
1299 189 1343 224 ita
1357 187 1417 226 [int
1426 189 1594 236 varicosae,
1610 201 1646 226 ut
1657 190 1783 227 nullum

386 246 443 282 vel
462 246 551 280 tenui
568 244 727 292 sanguinis
748 239 803 276 filo
822 239 988 276 transitum
1007 239 1182 289 praebeant.

422 294 485 328 Sed
496 322 506 337 ,
516 294 668 340 inquiunt
679 319 689 335 ‚
706 292 763 326 vix
776 289 929 339 explicari
941 290 1049 338 potest
1060 303 1130 339 quae
1143 289 1178 325 fit
1193 290 1280 338 hujus
1295 290 1444 324 circuitus
1455 289 1545 327 causa
1557 289 1785 338 effectrix,qui

388 343 470 379 finis.
842 370 850 379 ,

425 392 512 439 Resp-
527 391 580 425 De
597 387 685 423 causa
701 387 865 424 eff-:errice
875 393 939 437 jam
951 388 971 425 ἐι
989 387 1083 425 nobis
1100 387 1166 423 fuse
1181 391 1289 425 aCturn
1305 384 1413 431 fuilse,
1427 401 1464 424 ac
1479 388 1577 426 finem
1600 389 1692 438 hujus
1711 402 1785 424 mo-

389 453 438 476 tus
453 439 514 476 else
528 437 752 487 multiplicem.
766 446 807 475 1⁰.
831 441 922 474 enim
940 438 1002 473 hoc
1019 441 1152 487 perenni
1167 451 1257 473 motu
1271 436 1407 472 fluorem
1424 437 1511 474 suum
1525 439 1708 477 &calorem
1719 438 1788 473 san-

387 492 458 539 guis
469 500 584 525 tuetur.
601 490 689 524 Nam
704 487 761 522 ubi
772 487 909 536 quiescit
920 517 930 532 ,
945 488 1050 522 statim
1063 490 1142 522 varii
1161 501 1199 523 ex
1218 486 1336 535 quibus
1350 487 1475 523 constat
1495 490 1634 536 liquores
1646 516 1655 530 ‚
1670 490 1703 523 in
1721 487 1787 522 suas

388 541 511 586 quique
526 537 692 573 discedunt
706 549 831 585 partes:
846 536 963 573 fibrosa
978 543 1013 574 &
1037 536 1199 585 potiffima
1221 537 1378 585 sanguinis
1396 535 1573 574 substantia
1590 535 1764 573 concrescit
1778 552 1790 579 ς

388 588 489 623 setosa
502 591 626 622 innatat
639 615 649 629 ,
663 587 752 622 calor
761 589 953 636 congenitus
968 584 1122 622 difflatur.

428 651 472 673 20.
497 638 614 673 Totius
631 636 788 684 sanguinis
803 648 912 672 motus
925 649 963 671 ex
976 627 1151 672 arteriis'in
1162 647 1261 671 venas
1273 665 1282 680 ‚
1295 648 1332 672 ex
1346 636 1392 672 his
1406 635 1504 671 rursus
1515 650 1574 685 per
1589 637 1693 671 cordis
1705 648 1790 672 ven-

383 687 524 722 triculos
537 688 569 721 in
586 688 717 720 arterias
727 688 832 721 vitam
846 714 854 728 ‚
874 688 1016 734 partium
1029 685 1172 720 calorem
1185 714 1194 727 ,
1208 690 1243 721 δε
1260 685 1417 735 sanguinis
1438 686 1547 722 lenem
1562 686 1791 721 fermentatio-

390 749 467 771 nem
480 734 590 771 efficit.
605 737 684 771 Non
699 737 787 770 enirn
799 765 808 780 ,
822 746 859 770 ut
868 737 1004 770 diximus
1023 763 1033 778 ‚
1055 733 1138 769 fluor
1153 734 1313 782 sanguinis
1331 736 1384 770 diu
1403 747 1608 785 permaneret
1619 764 1628 779 ‚
1641 734 1697 770 nisi
1707 734 1791 769 illius

392 785 488 821 masia
509 786 716 820 continenter
732 784 829 819 instar
847 783 991 820 fluminis
1011 795 1220 820 moveretur:
1237 784 1288 819 sed
1305 797 1413 833 neque
1427 785 1479 821 hic
1491 787 1692 834 motusjugis
1702 782 1809 826 erret.

392 840 426 871 &
437 832 642 878 continuus‚si
655 845 760 881 partes
774 833 933 883 sanguinis
944 832 1137 869 insensibiles
1151 834 1297 868 intestina
1310 835 1452 882 quadam
1467 837 1617 869 motione
1635 846 1704 869 non
1714 845 1793 882 age-

384 895 514 918 ·rentur.
541 885 631 919 Nam
646 892 753 930 partes
773 885 806 917 in
820 893 912 916 motu
927 888 960 919 ὅ(
975 882 1076 930 figura
1101 881 1263 916 diffimiles
1291 882 1427 931 spatiola
1441 896 1577 932 corpore
1596 884 1708 929 aliquo
1720 881 1793 916 sub-

394 933 465 975 tili,
476 931 702 979 quodcumque
714 930 792 965 illud
803 931 838 966 sit
848 960 857 975 ,
872 930 968 979 plena
984 931 1163 965 admittunt
1178 933 1357 967 innumera.
1373 933 1428 965 Sic
1442 935 1581 979 partium
1595 930 1792 967 diffimilium

393 981 499 1016 facilis
511 979 648 1014 adhaefio
661 982 734 1014 vitae
748 982 879 1014 inimica
897 992 965 1015 non
982 979 1077 1013 aliter
1085 991 1184 1025 quam
1195 991 1304 1015 earum
1319 979 1505 1015 indesinenti
1529 983 1678 1016 motione
1691 981 1793 1014 arceri

396 1031 511 1079 potest.
528 1027 706 1075 AEquabilis
718 1031 803 1063 enim
820 1028 873 1062 illa
885 1030 1024 1077 partium
1037 1027 1193 1075 sanguinis
1205 1029 1307 1062 mistio
1324 1027 1393 1062 fieri
1405 1031 1519 1075 nequit
1531 1057 1540 1072 ,
1552 1029 1607 1063 nisi
1620 1042 1664 1063 eae
1682 1041 1726 1065 tei
1739 1041 1794 1064 ues

396 1079 455 1115 {int
471 1077 638 1115 &divisaez
661 1077 749 1124 quod
766 1089 860 1112 motu
877 1077 944 1126 ipso
958 1077 1114 1114 &attritu
1132 1078 1272 1124 partium
1286 1079 1422 1112 omnino
1435 1076 1610 1125 perficitur.
1631 1080 1706 1113 Huc
1723 1091 1796 1113 om..

397 1131 445 1165 nis
461 1127 606 1163 vasorum
618 1132 651 1163 ὃ(
666 1125 825 1162 viscerum
840 1127 992 1161 stmdkura
1008 1126 1113 1160 tendit
1126 1153 1134 1167 ,
1155 1137 1189 1159 ut
1205 1124 1327 1174 sanguis
1339 1139 1396 1174 per
1409 1128 1514 1162 arctos
1529 1138 1654 1163 meatus
1672 1126 1797 1170 subeat,

398 1181 432 1213 in
443 1179 480 1211 iis
493 1186 648 1224 tanquam
661 1174 772 1210 cribris
787 1175 972 1225 percoletur
982 1204 992 1220 ,
1008 1176 1177 1212 &iteratis
1192 1175 1459 1210 distillationibus
1474 1189 1551 1211 sum
1566 1175 1632 1211 leni
1652 1176 1795 1212 fernien-

392 1229 525 1261 tatione
536 1226 716 1273 conjunctis
735 1237 842 1273 partes
855 1225 936 1260 illius
953 1237 991 1259 ex
1006 1224 1108 1259 crudis
1123 1235 1253 1259 maturae
1265 1254 1274 1268 ‚
1290 1237 1326 1259 ex
1342 1223 1411 1260 fixis
1427 1225 1505 1260 fiant
1519 1225 1680 1262 volatiles.

438 1283 469 1320 3⁰
493 1274 564 1312 Nisi
580 1286 733 1309 extremae
746 1277 888 1323 corporis
909 1286 1015 1323 partes
1029 1274 1112 1309 novi
1131 1271 1289 1321 sanguinis
1301 1274 1797 1324 allapsuidentidemperfunde-

402 1337 531 1368 rentur,
549 1326 675 1359 externi
688 1326 768 1358 aeris
788 1323 930 1371 frigore,
942 1322 1092 1360 &calore
1103 1325 1194 1356 omni
1208 1352 1217 1366 ,
1236 1329 1270 1360 δε
1288 1325 1356 1358 vita
1373 1323 1468 1358 facile
1480 1324 1638 1359 destitutae
1662 1335 1799 1373 appare-

398 1386 484 1411 rent.
506 1376 625 1421 Neque
641 1377 728 1408 enim
743 1373 866 1408 necesse
877 1374 919 1408 est
933 1373 1032 1408 aliurn
1042 1370 1184 1406 calorem
1196 1373 1249 1407 vel
1265 1375 1412 1408 innatum
1434 1372 1483 1407 vel
1501 1371 1635 1408 influum
1646 1402 1656 1417 ‚
1668 1385 1724 1409 aut
1745 1375 1798 1406 vi-

403 1425 482 1460 tales
495 1423 616 1470 spiritus
627 1422 646 1458 ὲ
665 1422 814 1470 sanguine
830 1422 981 1458 discretos
992 1420 1206 1458 comminisci.
1230 1424 1364 1471 Sanguis
1381 1424 1413 1456 in
1433 1423 1537 1456 cordis
1559 1422 1749 1458 ventriculis
1763 1433 1798 1456 ut

404 1477 439 1509 in
457 1472 594 1508 officinis
608 1471 740 1521 publico
753 1470 818 1507 usui
842 1472 1009 1508 destinatis
1034 1473 1068 1506 iri
1084 1482 1198 1505 omnes
1212 1483 1317 1520 partes
1337 1471 1544 1519 propellitur,
1558 1485 1622 1520 quo
1634 1484 1686 1506 eas
1704 1470 1799 1506 vitali

405 1523 513 1558 calore
523 1521 714 1570 perfundat:
730 1523 807 1569 quin
820 1526 853 1558 δε
867 1520 1042 1570 impulsore
1058 1530 1133 1568 eget
1144 1549 1153 1563 ‚
1166 1531 1202 1554 ut
1218 1521 1397 1556 nutriendis
1412 1519 1555 1568 partibus
1571 1521 1728 1555 adliaereat
1741 1533 1749 1556 ι
1761 1531 1800 1554 ac

403 1578 471 1621 jam
484 1572 663 1606 identidem
675 1571 813 1606 diximus
830 1583 937 1620 partes
951 1570 1110 1619 sanguinis
1123 1568 1359 1618 heterogeneas
1375 1569 1491 1604 crebro
1509 1572 1639 1605 circuitu
1648 1582 1711 1605 una
1725 1568 1801 1604 mis.

407 1624 494 1665 ceri,
509 1623 666 1668 excoqui,
688 1619 799 1668 perfici
811 1649 820 1662 ,
837 1626 870 1658 &
887 1620 946 1669 pc*
961 1618 1085 1654 diversa
1099 1617 1252 1654 viscerum
1269 1618 1372 1653 cribra
1393 1618 1549 1667 percolari
1571 1635 1578 1656 :
1595 1630 1802 1653 excrementa

408 1673 507 1705 etiam
521 1670 584 1704 hoc
602 1681 693 1704 motu
718 1668 876 1718 sanguinis
891 1671 1107 1718 disjiciuntur3
1121 1679 1225 1714 partes
1240 1667 1416 1704 subtiliores
1435 1669 1467 1703 in
1485 1668 1643 1714 liquorem
1655 1665 1801 1715 spirituo-

410 1720 476 1755 sum
488 1718 685 1755 exaltantur:
697 1720 779 1754 adeo
792 1730 826 1754 ut
847 1718 993 1755 universa
1007 1719 1151 1765 corporis
1174 1718 1323 1753 machina
1344 1718 1407 1755 hoc
1426 1716 1621 1766 potiffimurn
1644 1716 1799 1766 sanguinis

412 1781 503 1804 motu
516 1780 655 1817 regatur.
1338 1781 1343 1786 ·
1654 1774 1671 1785 “

444 1823 567 1854 Verum
578 1818 698 1852 instant
709 1818 809 1851 acrius
823 1847 832 1862 ‚
845 1823 878 1855 &
892 1828 1041 1866 quaerunt
1051 1828 1106 1852 cur
1120 1814 1242 1865 sanguis
1254 1816 1369 1852 tardius
1381 1828 1437 1866 per
1448 1828 1546 1852 venas
1558 1815 1671 1851 refluat
1683 1843 1693 1858 ,
1703 1826 1802 1863 quam

412 1880 469 1917 per
483 1869 610 1900 arterias
632 1865 826 1912 impellatur.

450 1917 535 1963 R'sl'·
555 1917 752 1962 Sanguinem
765 1926 837 1948 cum
856 1916 980 1960 impetu
992 1915 1025 1947 in
1045 1916 1175 1947 arterias
1189 1913 1345 1961 propelli:
1359 1910 1410 1946 sed
1426 1914 1562 1962 impetus
1579 1912 1634 1947 ille
1647 1911 1804 1961 paulatim

414 1977 513 2001 marc<
524 1963 576 1997 scit
590 1977 596 1998 :
615 1964 698 1997 adeo
713 1974 748 1995 ut
760 1964 791 1997 in
809 1964 951 1997 minimis
964 1963 1086 1996 arteriis
1098 1965 1162 2010 jam
1176 1962 1280 1996 nullus
1297 1960 1345 1996 sit.
1363 1962 1474 2008 Qare
1489 1968 1522 1999 &
1538 1961 1628 1997 fibris
1649 1959 1805 1998 transver-

414 2014 450 2049 sis
466 2025 618 2049 venarum
632 2041 640 2055 ‚
652 2017 684 2048 δε
699 2009 786 2059 pulsu
797 2013 984 2046 arteriarum
996 2040 1005 2055 ‚
1017 2023 1086 2059 quae
1099 2022 1255 2046 venarum
1267 2010 1389 2058 ubique
1408 2007 1479 2047 sunt
1492 2013 1628 2046 comites
1640 2040 1649 2054 ‚
1670 2015 1704 2047 ὃ(
1718 2009 1806 2059 pres-

414 2062 499 2099 sione
515 2061 727 2096 musculorum
738 2062 770 2095 in
783 2059 896 2096 habitu
907 2063 1049 2108 corporis
1062 2090 1070 2103 ‚
1086 2065 1120 2096 &
1132 2072 1227 2094 motu
1235 2059 1486 2109 diaphragmatis
1497 2063 1530 2096 in
1541 2059 1728 2103 visceribus,
1737 2058 1807 2095 Ian-

415 2113 487 2158 guis
500 2114 531 2147 in
546 2123 644 2146 venas
661 2121 795 2144 remeat.
827 2112 915 2144 Hinc
942 2108 978 2144 fit
993 2121 1028 2145 ut
1051 2112 1082 2144 in
1098 2108 1296 2157 strangularis
1308 2111 1432 2150 arteriae
1443 2109 1592 2157 sanguine
1609 2108 1733 2157 prorsus
1748 2121 1805 2143 va.

416 2154 483 2196 cuce
498 2171 673 2209 appareant
686 2173 693 2193 :
706 2172 776 2193 cuni
792 2171 879 2194 vcnae
889 2158 992 2193 adhuc
1002 2171 1113 2194 cruore
1126 2159 1319 2207 repleantur.
1330 2158 1420 2192 Cum
1436 2163 1522 2193 enim
1535 2158 1725 2206 pulmonum
1737 2171 1806 2192 mo·

418 2223 467 2246 tus
488 2213 627 2259 primum
641 2207 770 2243 deficiat
787 2236 796 2250 ‚
814 2211 947 2255 vigente
966 2208 1068 2242 adhuc
1080 2208 1183 2242 cordis
1202 2219 1293 2242 motu
1307 2236 1317 2250 ,
1328 2207 1449 2255 sanguis
1465 2207 1608 2244 &finistro
1619 2207 1723 2241 cordis
1739 2205 1806 2241 finu

416 2263 449 2296 in
460 2262 587 2294 arterias
606 2271 677 2293 cum
689 2260 814 2306 impetu
829 2259 951 2306 ejicitur
967 2274 974 2299 ;
989 2270 1048 2291 nec
1066 2260 1196 2291 interim
1206 2269 1308 2291 novus
1321 2256 1338 2291 ὲ
1349 2256 1556 2305 pulmonibus
1569 2259 1601 2290 in
1615 2268 1688 2290 eum
1700 2255 1806 2289 cordis

416 2308 633 2345 ventriculum
644 2307 757 2343 influit.
779 2309 866 2341 l-linc
877 2305 970 2340 brevi
986 2309 1107 2340 arreriae
1119 2309 1229 2341 inanes
1243 2305 1346 2341 fiunt:
1365 2318 1484 2354 magno
1496 2317 1602 2341 tamen
1615 2315 1806 2351 argumento

418 2359 603 2403 sanguinem
617 2356 743 2405 singulis
756 2355 890 2405 pulsibus
909 2355 929 2390 ὲ».
947 2356 1043 2390 corde
1064 2359 1095 2390 in
1123 2358 1253 2389 arterias
1267 2354 1407 2389 ubertim
1427 2367 1567 2389 manare.
1594 2353 1690 2388 Unde
1709 2352 1808 2401 ligata.

417 2401 519 2456 prope
532 2419 586 2442 cot
602 2419 692 2442 aorta
704 2435 713 2452 ,
729 2407 836 2443 statim
849 2405 1006 2441 carotides
1017 2434 1026 2449 ,
1042 2417 1096 2440 aut
1112 2418 1183 2452 quae
1205 2407 1236 2438 in
1256 2402 1368 2452 jugulo
1385 2403 1455 2440 sunt
1473 2405 1594 2438 arteriae
1604 2429 1615 2445 ,
1634 2404 1744 2437 inanes
1759 2403 1808 2437 vi-
