1878 2724
357 156 419 197 654
918 147 942 181 Ρ
962 146 996 180 H
1011 147 1042 180 Y
1055 146 1099 180 si
1119 144 1148 180 C
1163 146 1202 179 AE

357 211 407 234 tus
421 200 456 233 in
469 197 608 234 cerebro
622 195 680 230 fint
690 194 882 244 superffiteS.
895 196 988 230 Hinc
1000 206 1116 243 migna
1132 205 1310 229 nervorum
1327 190 1421 240 copia
1438 191 1681 235 *in'stomachum
1694 192 1761 228 dif-

359 248 523 288 funditur,
538 247 594 292 qui
614 258 678 279 non
694 244 840 293 exquisiti
850 244 952 280 modo
965 242 1067 279 sensus
1080 273 1090 288 ,
1105 243 1158 278 sed
1177 243 1281 277 multo
1302 244 1443 277 maxime
1460 242 1650 291 digestionis
1669 241 1762 278 causa

360 309 401 331 eo
415 298 445 329 in
468 295 540 328 loco
551 292 759 342 proseminati
777 294 940 330 videntur.
975 295 1065 328 Hinc
1082 304 1131 328 tot
1144 304 1319 327 nervorum
1332 293 1414 326 rami
1441 302 1506 326 tres
1530 292 1760 327 ruminantium

362 343 552 379 animalium
570 345 691 392 primos
711 342 908 380 ventriculos
922 344 1006 378 intus
1020 353 1197 391 penetrant
1212 369 1222 385 ,
1240 342 1330 390 quod
1348 339 1549 376 crudioribus
1562 337 1690 376 utantur
1703 340 1761 376 ali-

361 404 493 429 mentis.

405 452 453 487 3⁰.
478 445 514 476 In
527 439 676 477 tenuibus
693 443 853 478 intestinis
868 440 981 490 chylus
995 439 1160 489 perficitur
1176 452 1183 473 ε
1198 438 1284 475 hunc
1296 452 1363 476 non
1385 437 1457 474 bilis
1472 437 1574 474 solum
1584 469 1594 484 ,
1605 444 1639 478 ὃς
1654 438 1758 479 succus

360 494 581 539 pancreati'cus
602 503 784 540 praeparant
806 507 814 529 ε
831 491 883 526 sed
902 493 1003 526 etiam
1017 489 1121 525 succus
1136 491 1154 527 ὲ
1166 487 1324 537 glandulis
1345 488 1571 525 intestinorum
1588 486 1759 538 expressus,

360 541 461 578 Unde
471 539 624 575 animalia
638 552 706 587 quae
720 541 883 578 alimentis
897 541 992 577 coetu
1010 538 1242 576 difficilioribus
1253 537 1421 575 vescuntur
1433 566 1444 583 ,
1457 541 1581 585 majore
1595 541 1693 587 copia.
1705 549 1762 573 ea-

360 602 432 625 tum
442 589 667 639 glandularum
683 592 859 627 donantur.
1724 594 1727 597 “

398 653 452 685 4⁰·
478 640 600 685 Liquor
612 640 711 674 etiam
728 640 877 676 viscidior
888 668 896 683 ,
914 641 972 687 qui
991 652 1029 674 ex
1045 639 1094 674 his
1104 635 1263 688 glandulis
1273 666 1282 680 ‚
1295 642 1328 674 δε
1346 639 1487 673 maxime
1500 637 1585 671 exiis
1594 648 1673 683 ,quae
1684 635 1763 672 cras-

360 687 494 723 fioribus
509 685 612 722 insunt
628 689 783 724 intestinis
795 720 805 734 ,
822 690 1256 738 exprimitur‚intestinorum
1270 698 1348 721 cava
1364 685 1497 721 obducit
1508 715 1517 728 ‚
1535 697 1577 720 ne
1589 686 1666 733 quid
1682 685 1701 721 ἐι
1713 685 1761 721 la-

359 737 435 772 linis
447 743 480 773 δε
490 736 669 772 acrioribus
680 750 963 775 excrementorum
981 737 1145 787 particulis
1167 736 1366 787 detrimenti·
1379 737 1558 785 patiantur.
1570 735 1633 771 Sed
1648 735 1688 771 de
1697 734 1761 785 ipsa

367 786 550 835 digestione
562 785 662 834 paulo
676 787 772 824 fufius
786 788 962 839 agendum.

859 888 1084 925 CAPUT
1132 889 1219 923 ΙΙΙ,

758 986 834 1033 Qae
846 984 892 1030 fit
915 986 1007 1032 causbt
1026 984 1165 1032 effiflrix
1180 983 1368 1033 digestionis·

357 1084 490 1172 His
515 1082 681 1131 explicatis
700 1080 831 1118 facilius
844 1083 1062 1132 intelligemus
1079 1079 1248 1130 quomodo
1264 1078 1320 1114 fiat
1338 1079 1491 1128 digestio,
1505 1090 1544 1114 an
1563 1080 1670 1117 calore
1682 1082 1760 1127 solo,

461 1145 499 1167 an
511 1132 767 1167 fermentatione
776 1145 847 1180 quae
862 1132 904 1168 ab
923 1134 1016 1168 acido
1028 1131 1120 1174 succo
1133 1127 1275 1181 profluat
1285 1158 1294 1173 ‚
1310 1134 1342 1166 &
1353 1141 1462 1164 utrum
1477 1129 1531 1165 hic
1545 1129 1650 1167 succus
1669 1131 1689 1168 ὲ
1701 1132 1760 1167 lie-

360 1194 402 1217 ne
413 1183 572 1218 dimanet.
598 1182 645 1216 Sit
662 1182 772 1229 itaque
839 1205 844 1209 -

877 1231 984 1267 Vnica
1010 1229 1183 1279 Conclusio.

395 1330 546 1379 Digestio
564 1343 631 1366 non
650 1329 719 1365 solo
734 1329 862 1374 calore,
890 1329 943 1366 sed
958 1329 1216 1366 fermentatione
1240 1328 1380 1377 quadam
1397 1325 1434 1362 fit
1446 1356 1456 1372 ,
1472 1340 1527 1364 aut
1543 1326 1759 1365 diffolutionei

359 1379 570 1415 Fermentum
584 1392 662 1414 vero
673 1379 750 1414 illud
761 1393 829 1415 non
846 1379 865 1415 Ξι
877 1379 963 1415 liene
975 1409 984 1423 ,
999 1379 1052 1414 sed
1064 1380 1169 1428 potius
1179 1377 1203 1414 ἒι-
1211 1377 1372 1428 glandulis
1388 1377 1582 1423 ventriculi,
1592 1380 1757 1416 intestino-

359 1441 429 1463 rum
444 1458 452 1473 ,
465 1427 562 1464 saliva
575 1434 609 1466 ὅ(
636 1427 799 1477 spiritibus
817 1428 1039 1478 proficiscitur.

396 1480 502 1513 Prima
524 1491 597 1526 pars
622 1476 831 1514 conclufionis
849 1478 946 1513 facile
967 1478 1098 1526 probari
1117 1477 1242 1526 potest:
1258 1489 1364 1526 neque
1382 1478 1471 1512 enim
1492 1487 1599 1512 tantus
1613 1478 1659 1513 est
1670 1477 1758 1513 calor

359 1528 392 1561 in
409 1526 587 1562 ventriculo
599 1530 686 1562 canis
702 1540 794 1576 v.gr.
807 1526 946 1576 quibs&
957 1529 1104 1577 digerat3
1123 1533 1156 1564 &
1176 1524 1196 1561 fi
1218 1530 1243 1561 is
1266 1525 1404 1569 adeffet,
1428 1538 1563 1574 quantus
1581 1528 1613 1563 in
1626 1527 1756 1563 animali

358 1579 513 1611 maximus
523 1575 702 1624 else,potest
717 1606 726 1620 ,
743 1579 795 1612 vix
810 1589 866 1626 per
874 1577 1002 1624 aliquot
1014 1576 1138 1612 menses
1149 1576 1211 1611 hoc
1221 1579 1330 1625 operis
1340 1572 1518 1623 perficeret.

398 1628 426 1659 C
428 1625 546 1671 onfirm.
564 1629 600 1661 In
614 1624 751 1673 piscibus
767 1626 964 1662 ventriculus
975 1626 1040 1675 ipse
1054 1625 1106 1661 vel
1121 1624 1191 1673 ipso
1209 1628 1296 1661 tactu
1310 1625 1442 1674 frigidus
1455 1627 1631 1674 percipitur
1643 1639 1652 1661 ι
1663 1630 1696 1662 &
1710 1636 1757 1660 ta-

359 1686 436 1710 men
448 1677 591 1722 integros
604 1674 702 1722 pisces
711 1675 862 1724 digerunt
876 1705 885 1720 ,
903 1687 938 1710 ut
954 1687 1087 1711 cernere
1102 1675 1185 1717 estin
1200 1675 1286 1709 lucio
1297 1673 1399 1722 pisce,
1412 1689 1444 1710 v.
1454 1688 1496 1708 un
1513 1673 1651 1710 brochet.
1674 1675 1722 1710 Ac
1734 1674 1756 1710 fi

360 1723 443 1757 illius
461 1724 677 1758 ventriculum
706 1736 831 1772 attente
857 1724 1035 1760 confideres
1055 1754 1065 1768 ‚
1086 1736 1152 1759 tum
1166 1725 1198 1758 id
1214 1724 1358 1771 liquebit
1380 1735 1486 1773 partes
1502 1724 1592 1771 piscis
1606 1724 1757 1759 devorati

360 1785 429 1820 quae
446 1776 587 1820 primum
598 1773 805 1821 digeruntur,
819 1773 1035 1810 ventriculum
1048 1776 1178 1822 majoris
1193 1773 1282 1822 piscis
1297 1786 1429 1822 tangere
1444 1802 1454 1817 ‚
1465 1778 1498 1810 δε
1510 1772 1600 1808 succo
1612 1772 1757 1818 mucoso,

360 1824 416 1869 qui
434 1822 551 1857 sudoris
568 1823 664 1858 instar
677 1824 692 1858 ὲ
703 1825 812 1859 tunica
826 1823 998 1859 ventriculi
1007 1823 1148 1867 exsudat,
1164 1824 1302 1858 madere.
1318 1824 1410 1869 Qin
1422 1828 1455 1859 ὃ(
1469 1824 1603 1857 materia
1617 1821 1672 1857 illa
1682 1835 1755 1857 mu-

361 1870 434 1905 cosa
447 1884 521 1916 cum
542 1870 686 1919 partibus
697 1872 828 1920 digestis
842 1885 897 1920 per
915 1872 1064 1920 pylorum
1078 1873 1281 1906 continenter
1298 1873 1503 1919 exprimitur.

396 1923 441 1955 Ex
457 1919 576 1966 quibus
592 1932 662 1967 pars
675 1919 809 1954 secunda
823 1919 1034 1956 conclusionis
1046 1921 1150 1967 liquet
1161 1949 1170 1964 ‚
1186 1919 1310 1954 succum
1332 1919 1517 1968 digestionis
1540 1919 1695 1967 opificem
1716 1932 1756 1956 ex

360 1970 485 2002 arteriis
495 1968 659 2016 delapsum
672 1996 680 2009 ,
693 1973 726 2004 &
739 1968 940 2016 percolatum
951 1998 960 2012 ,
980 1981 1037 2017 per
1047 1971 1224 2016 apertiores
1245 1970 1408 2004 interioris
1428 1971 1542 2003 tunicae
1559 1981 1683 2004 meatus
1698 1981 1756 2004 ex-

361 2017 512 2052 stillatum
526 2018 734 2066 digestionem
749 2014 881 2052 efficere
893 2047 902 2061 ‚
913 2031 1011 2065 quam
1022 2017 1110 2052 calor
1122 2017 1272 2053 nonnihil
1282 2018 1425 2064 adjuvat,
1444 2017 1497 2052 sed
1510 2016 1590 2052 solus
1603 2022 1671 2054 non
1685 2018 1756 2054 effi-

351 2068 415 2103 cit.
440 2070 478 2102 Et
492 2066 565 2102 sane
584 2067 614 2100 id
639 2067 764 2110 videtur
779 2066 984 2102 neceffariurn
1006 2095 1017 2110 ‚
1032 2078 1067 2102 ut
1085 2066 1202 2102 humor
1220 2067 1274 2101 ille
1292 2080 1361 2113 quo
1382 2067 1447 2102 cibi
1464 2065 1674 2116 subiguntur,
1686 2081 1756 2104 non

360 2115 489 2150 aliunde
501 2128 601 2163 quam
617 2115 637 2151 ὲ.
651 2129 787 2163 corpore
808 2117 954 2152 dimanet
965 2147 973 2157 ,
991 2115 1058 2164 quo
1075 2115 1110 2151 sit
1120 2119 1248 2165 corpori
1263 2116 1317 2165 ipsi
1334 2117 1521 2159 familiaris,
1538 2130 1605 2152 non
1620 2116 1754 2155 alienus.

360 2166 460 2202 Unde
472 2176 567 2213 potus
579 2194 589 2207 ,
606 2177 672 2212 quo
682 2165 749 2200 cibi
772 2166 914 2200 duriores
926 2165 1088 2201 diluuntur
1099 2194 1108 2208 ‚
1121 2166 1194 2201 huic
1206 2169 1332 2202 muneri
1342 2181 1408 2202 non
1420 2163 1537 2201 sufficit
1552 2179 1560 2201 :
1580 2165 1631 2200 sed
1645 2171 1679 2203 &
1688 2166 1754 2215 ipse

361 2226 437 2263 eget
450 2212 541 2248 succo
559 2214 615 2249 illo
629 2213 759 2249 mucoso
772 2227 870 2260 quem
883 2217 1019 2250 interior
1031 2215 1316 2250 ventriculitunica
1330 2216 1520 2265 suppeditat.
1535 2217 1623 2251 Nam
1644 2221 1751 2251 &vo-

361 2266 442 2299 mitu
453 2266 573 2310 ejicitur
587 2262 732 2306 craffior,
751 2262 806 2298 nisi
826 2264 911 2299 forte
939 2263 1024 2299 male
1044 2263 1166 2301 affecto
1183 2265 1366 2301 ventriculo
1387 2265 1521 2314 digestio
1538 2261 1604 2313 ipsa
1628 2264 1665 2299 fit
1682 2264 1752 2300 lan-

361 2314 590 2361 guidior1tum
609 2315 696 2347 enim
711 2319 742 2350 &
757 2314 876 2348 acidior
896 2313 1097 2359 &liquidior
1121 2316 1294 2351 evomitur.

398 2363 426 2394 C
430 2360 550 2406 onfirm-
575 2365 618 2397 Ex
637 2360 700 2409 ipsa
715 2362 887 2397 ventriculi
904 2364 1064 2400 [maura.
1082 2363 1246 2412 Qorsum
1261 2366 1350 2399 enim
1368 2374 1417 2398 tot
1432 2362 1590 2411 glandulae
1613 2365 1644 2397 in
1665 2364 1752 2397 tuni.

362 2421 399 2444 ca
428 2411 598 2447 ventriculi
618 2412 751 2449 crustosa
767 2422 777 2449 ἒ
794 2412 946 2461 profesto
971 2410 1204 2463 nunquam'eae
1227 2413 1336 2451 adsunt
1351 2413 1406 2450 nili
1430 2413 1592 2460 liquorem
1608 2412 1754 2461 aliquem
