1878 2724
401 132 749 171 ‘rme-rmus
806 133 1123 183 TER-trusi
1379 160 1425 192 193

743 231 1398 249 ψῃ-

488 281 895 321 DISSERTATIO
950 285 982 322 1.

394 380 447 413 De
461 376 675 426 qualitatibus
689 388 851 429 corporum
859 381 1053 428 generatim.

38 462 157 546 DE
171 461 384 511 qualitatibus
399 459 569 497 universim
582 471 652 496 tum
662 461 697 495 in
711 462 832 510 Logica
849 491 860 505 ,
885 473 954 498 tum
974 464 1008 499 in
1024 463 1246 513 Metaphyfica
1266 467 1420 515 diximus·,

131 524 218 548 nuuc
230 524 302 560 quae
321 513 360 547 iis
373 514 405 546 in
423 509 501 547 locis
525 509 686 558 explicare
699 522 766 546 non
783 514 971 559 potuimuS,
991 513 1031 547 de
1046 524 1159 549 natura
1176 515 1330 553 videlicet
1345 533 1424 568 qua-

36 558 166 597 litatum
180 566 214 598 <Sc
228 573 338 596 earum
349 562 477 610 origine
498 557 694 594 differemus.

527 639 778 679 CAPUT
836 645 881 680 Is

502 718 559 756 De
571 722 809 772 qualitatatum
828 727 960 776 origine.
976 753 978 755 -

107 795 368 845 Rimumitaque
378 796 555 845 praecipuos
566 792 756 843 qualitatum
772 794 880 831 fontes
891 825 901 840 ‚
928 809 1086 846 quantum
1103 799 1172 836 fieri
1190 805 1327 850 poterit,
1345 816 1420 855 ape-

34 799 224 883 Priamus
244 860 252 882 :
271 859 348 882 nam
365 845 414 881 his
427 844 587 893 negleffls
608 846 662 879 vix
679 843 745 879 ulla
769 844 907 892 qualitas
923 846 1089 897 perspefflr
1105 849 1200 885 nobis
1227 851 1289 887 effe
1306 856 1418 902 potest.

34 895 138 941 Qod
156 896 244 931 enim
257 894 358 945 vulgi>
372 895 506 938 dicitur,
520 895 631 943 ignem
642 906 675 930 v.
693 905 743 942 gr.
756 892 940 930 calefacere
952 908 1008 945 per
1018 900 1086 933 vim
1098 889 1419 952 calefaaricem,quae

31 956 71 979 ex
82 944 167 979 illius
177 944 283 981 forma
297 944 498 980 substantiali
508 941 639 992 profluit
650 954 722 987 ;aut
731 942 840 979 lutum*
852 944 1002 981 indurare
1014 975 1023 990 ,
1045 953 1079 984 &
1092 959 1200 985 ceram
1218 949 1418 998 liquefacere

30 1005 89 1043 per
99 992 291 1041 qualitatem
304 1023 314 1038 ,
327 1007 397 1043 quae
407 993 494 1029 calor
511 994 700 1029 nominatur
710 1021 722 1036 ,
744 992 776 1027 id
792 992 862 1028 fere
881 1005 923 1028 eo
932 997 1048 1032 recidit
1066 1025 1075 1039 ‚
1086 999 1197 1046 ignem
1214 1011 1269 1035 aut
1282 1002 1417 1048 quidvis

29 1042 116 1078 aliud
125 1042 210 1079 hunc
221 1040 379 1085 velillum
390 1042 550 1079 effectum
559 1053 727 1091 procreare
736 1071 745 1085 ‚
755 1044 831 1089 quia
843 1045 910 1078 vim
919 1043 1021 1080 habet
1029 1045 1112 1081 illius
1123 1047 1256 1083 effeetus
1265 1063 1419 1098 procrea-

30 1093 155 1128 tricem.
171 1095 205 1127 Si
219 1095 274 1141 qui
293 1092 495 1140 fintquibus
517 1091 609 1140 hujus
623 1093 751 1139 generis
784 1093 924 1127 rationes
941 1096 1078 1130 omnino
1094 1094 1310 1143 satisfaciant,
1334 1101 1417 1136 nihil

29 1141 239 1178 contradico:
268 1141 320 1176 sed
337 1141 460 1177 dabunt
470 1139 566 1176 nobis
576 1140 660 1175 hanc
677 1143 805 1175 veniam
818 1169 828 1183 ‚
841 1152 877 1175 ut
888 1142 985 1189 paulo
1013 1143 1142 1179 ulterius
1161 1149 1418 1194 progrediamur,

27 1195 65 1227 ετ
74 1188 246 1238 qualitates
264 1189 344 1239 ipsas
359 1210 373 1234 -,
385 1190 452 1226 seu·
461 1201 631 1239 corporum
640 1189 831 1226 affectiones
843 1218 853 1233 ,
864 1201 944 1237 quas
957 1204 1042 1241 pene
1057 1191 1139 1228 solas
1152 1194 1283 1244 Phylica
1294 1199 1418 1234 investi<

28 1251 85 1288 gat
101 1268 111 1283 ‚
128 1238 170 1274 ab
184 1239 299 1276 altiore
315 1241 479 1288 principio
493 1239 699 1275 deducamus,
878 1258 881 1259 ⁷

65 1291 146 1325 Tres
169 1301 266 1337 porro
282 1291 317 1324 in
332 1300 443 1337 ‚partes
462 1292 544 1324 circa
564 1288 731 1337 originem
744 1288 936 1336 qualitatum
953 1288 1049 1325 video
1059 1290 1274 1342 Philosophos
1287 1296 1372 1330 inter
1387 1296 1416 1331 se

28 1337 158 1374 divisos.
173 1338 295 1388 Vulgus
306 1337 676 1386 -enianhilosophorum
690 1349 742 1372 eas
754 1339 773 1373 ἐι
783 1337 980 1373 substantiali
992 1337 1099 1376 forma
1109 1370 1118 1385 ‚
1134 1344 1289 1379 &intima
1300 1346 1346 1378 rei
1360 1357 1414 1380 cu-

26 1386 136 1435 jusque
148 1399 258 1423 natura
267 1390 386 1437 repetit
397 1405 406 1432 3
417 1388 571 1437 Chymici
583 1387 622 1421 ad
632 1385 683 1422 sua
696 1389 854 1436 principia
865 1387 987 1436 ubique
996 1389 1189 1439 confugiunt
1205 1406 1213 1427 ;
1234 1394 1340 1427 caeteri
1357 1398 1414 1442 qui

28 1437 321 1485 experimentalem
332 1435 580 1486 philosophandi
595 1437 756 1471 rationem
776 1435 963 1484 sequuntur,
977 1449 1151 1487 corporum
1165 1439 1355 1477 affeetiones
1376 1455 1415 1478 ex
1425 1462 1432 1469 -»

27 1487 192 1534 principiis
201 1486 397 1521 mechanicis
409 1486 483 1521 duci
498 1496 696 1534 magnopere
709 1485 918 1521 contendunt.
938 1489 1086 1533 Omnes,
1108 1500 1144 1524 ut
1178 1501 1252 1534 uto,
1273 1494 1343 1526 veri
1358 1491 1417 1526 ali-

27 1535 104 1581 quid
118 1536 239 1571 dicunt.
258 1538 345 1572 Nam
370 1535 487 1570 multae'
502 1534 671 1583 qualitates
689 1546 728 1569 ex
744 1536 857 1569 intima
871 1538 916 1570 rei
926 1547 1036 1571 natura
1048 1564 1059 1580 ,
1077 1549 1134 1573 aut
1163 1552 1253 1574 orma
1271 1539 1413 1588 proficis-

27 1594 142 1619 cuntur
153 1612 163 1627 ,
175 1583 237 1619 illae
251 1586 398 1620 nimirum
410 1597 482 1631 quae
490 1583 605 1619 divelli
619 1582 661 1617 ab
670 1581 740 1631 'ipsa
757 1595 791 1617 re
805 1595 870 1619 non
888 1583 1016 1631 possunt
1026 1614 1037 1628 ,
1053 1592 1414 1636 queque-proprietates

27 1635 255 1668 nominantur:
277 1632 427 1674 urcalor,
452 1638 484 1669 &
504 1632 556 1667 lux
572 1634 604 1666 in
619 1633 701 1679 igue.
736 1630 815 1666 Aliae
829 1634 909 1667 citra
926 1634 1080 1681 principia
1097 1635 1242 1683 chyrnica
1259 1665 1269 1679 ‚
1290 1643 1323 1673 ὃ(
1345 1638 1413 1672 ele„

28 1692 139 1716 menta
152 1682 205 1716 vix
217 1681 356 1730 intelligi
369 1680 493 1730 poffimt
502 1711 511 1726 ‚
528 1680 629 1716 utsuo
639 1680 717 1715 loco
730 1680 884 1716 dicemus.
905 1681 967 1716 Sed
979 1681 1123 1729 plurimae
1135 1696 1172 1718 ex
1183 1684 1412 1721 aff'effionibus

27 1729 223 1765 mechanicis
240 1759 250 1773 ‚
267 1742 357 1765 motu
369 1729 522 1766 videlicet
534 1759 544 1774 ,
562 1729 659 1778 figura
670 1758 679 1772 ,
697 1730 809 1764 ordine
818 1732 959 1778 partium
974 1758 984 1773 ,
1003 1735 1036 1767 ὃ(
1048 1731 1118 1767 aliis
1133 1732 1153 1767 fi
1165 1746 1237 1780 quae
1254 1733 1312 1770 lint
1321 1748 1413 1769 com-

27 1790 140 1814 munes
155 1777 345 1814 affectiones
360 1807 370 1822 ‚
395 1781 559 1815 oriuntur:
573 1791 642 1826 quae
663 1780 772 1812 omnia
793 1789 828 1813 ut
847 1779 961 1814 melius
980 1780 1201 1831 intelligantur
1217 1811 1227 1827 ‚
1255 1787 1295 1820 in,
1310 1796 1426 1820 certas·

26 1826 245 1864 conclusiones
260 1826 330 1863 sunt
347 1829 531 1878 digerenda.
549 1830 600 1864 Sit
617 1829 741 1876 itaque-

556 1929 670 1963 Prima
679 1926 843 1973 Co'nclufio
852 1953 860 1962 .

66 2005 250 2051 Qualitates
267 2009 411 2056 plurimae
429 2020 468 2044 ex
485 2007 679 2044 substantiali
697 2008 802 2044 forma
816 2037 826 2052 ,
854 2020 908 2044 aut
936 2019 975 2044 ex
992 2010 1106 2046 intima
1131 2013 1175 2045 rei
1195 2009 1325 2048 effenn'a
1344 2024 1411 2050 non

28 2052 203 2101 profluunt.

66 2101 202 2138 probari
216 2105 318 2152 potest
330 2105 485 2141 conclufio
497 2105 606 2141 multis
631 2106 808 2142 rationibus
826 2114 859 2145 &
880 2107 1047 2156 exemplis.
1073 2109 1176 2154 Qod
1199 2113 1288 2146 enim
1306 2124 1354 2147 res
1374 2112 1412 2148 fit

29 2150 135 2198 aspera
150 2181 159 2194 ,
174 2165 230 2187 aut
243 2153 328 2188 laevis
341 2170 349 2195 3
360 2155 437 2188 c'ura
450 2183 459 2197 ‚
474 2166 529 2189 aut
543 2154 640 2190 fluida
658 2174 667 2200 3
686 2169 788 2203 opaca
799 2186 809 2200 ‚
823 2169 880 2192 aut
897 2157 1062 2205 perspicua
1076 2175 1085 2202 ;
1101 2157 1176 2194 alba
1187 2188 1196 2202 ‚
1212 2173 1266 2194 aut
1278 2160 1342 2195 alio
1352 2173 1408 2194 co-

27 2199 97 2233 lore
114 2201 214 2236 rinola
229 2218 237 2244 3
251 2204 281 2237 id
293 2215 405 2247 urique
421 2216 485 2238 non
504 2203 524 2238 ἐι
544 2202 739 2240 substantiali
757 2205 863 2241 forma
879 2235 887 2249 ‚
910 2206 961 2241 sed
974 2206 1083 2255 saepius
1096 2208 1115 2243 ὲ
1127 2209 1321 2243 mechanicis
1335 2212 1407 2255 qui-

30 2247 159 2284 busdam
180 2253 342 2299 principiis
362 2251 579 2299 proficiscitur.
595 2255 650 2287 Sic
659 2254 787 2288 adamas
808 2268 845 2291 ex
860 2254 957 2290 bruto
979 2255 1016 2291 fit
1036 2256 1142 2298 laevis‚
1167 2257 1265 2302 idque
1283 2260 1407 2304 agentis

27 2298 293 2344 mechanici,aut
311 2300 401 2335 solius
423 2301 630 2350 expolitionis
650 2304 689 2336 vi.
725 2303 817 2349 Aqua
830 2303 930 2339 modo
947 2306 990 2339 est
1000 2305 1097 2347 dura,
1117 2317 1191 2338 cum
1214 2307 1246 2338 in
1267 2304 1405 2353 glaciem

27 2346 222 2393 concrescir3
241 2349 472 2397 modoliquida
493 2363 620 2395 :neque
638 2350 758 2386 idcirco
780 2352 918 2387 formam
938 2364 1128 2388 commutat.
1141 2354 1267 2387 Vitrum
1288 2366 1405 2389 contu-

27 2393 90 2429 sum
107 2407 144 2431 ex
158 2397 323 2479 peqrfpictio
337 2398 373 2433 fit
396 2412 544 2449 opacum3
559 2402 639 2448 iguis
655 2401 688 2436 vi
707 2399 810 2437 fusum
829 2403 946 2438 iterum
963 2402 1072 2438 evadit
1083 2402 1290 2485 perspicgum.
1308 2404 1404 2452 Aqua

224 2461 282 2481 om.
321 2450 337 2480 l
353 2450 378 2484 l,
1166 2454 1189 2486 B
