1878 2724
540 136 574 173 D
584 137 609 174 Ε
647 136 689 172 Μ
698 137 764 174 ΕΤ
772 136 798 173 E
808 137 842 173 Ο
853 136 886 172 R
897 137 911 171 1
923 138 953 172 S.
1425 155 1438 178 Ξ

102 190 203 236 Hujus
219 188 346 237 generis
363 183 514 234 procem:
533 185 651 221 crebrae
661 186 732 222 sunt
749 189 780 222 in
801 188 881 220 mari
897 185 1084 235 AEthiopito
1103 215 1112 230 ‚
1143 184 1315 234 praesertim
1337 155 1437 239 pro3p7e

51 248 258 286 3quarorern,
271 242 304 274 &
315 236 355 271 ad
366 237 624 284 promontorium
634 234 728 270 bonae
737 233 812 284 spei,
825 234 966 270 kufitani
976 235 1130 270 tra-vados
1143 247 1272 274 vocant.
1286 241 1329 273 Ex
1340 252 1434 274 mon-

53 289 94 322 tis
109 284 269 334 cujusdam
285 287 406 320 vertice
419 286 454 318 in
464 296 505 319 eo
518 285 624 319 littore
638 284 816 333 Ecnephias
832 283 996 334 saepiffime
1007 285 1133 333 ingenti
1144 296 1218 319 cum
1232 288 1356 335 impetu
1366 299 1436 335 pro.

8 363 10 366 ,
50 337 184 384 rumpit.
203 336 347 378 sereno,
373 337 407 370 &
427 333 602 381 tranquillo
612 334 696 368 cor-lo
707 331 865 369 nubecula
885 335 975 382 nigra
989 333 1181 381 conspicitur
1195 345 1239 370 ex
1260 347 1303 370 eo
1321 348 1436 372 monte

1 381 5 385 ’
50 381 173 420 sublata
192 410 202 425 ,
217 395 315 432 quarn
328 382 424 418 bovis
437 385 567 417 oculum
577 384 696 418 Nautae
709 381 875 431 appellant
888 396 895 417 :
909 386 965 418 vix
975 384 1064 417 enim
1077 384 1169 418 initio
1181 394 1298 420 nucem
1311 388 1438 433 magni.

51 432 164 468 tudine
175 431 225 467 sua
235 443 357 479 aequat:
371 431 459 478 quod
475 431 561 466 forte
573 429 609 465 fit
622 429 782 467 altiffima.
795 432 884 466 Hinc
899 442 965 478 quo
981 432 1087 466 minor
1103 441 1234 479 apparet
1245 461 1255 476 ‚
1275 437 1377 482 major
1389 433 1437 471 sej-

2 507 7 515 .
50 482 158 529 quitur
174 481 342 529 tempestas
363 494 376 516 z.
393 491 461 515 turn
474 478 558 516 vero
574 478 635 514 sese
647 479 804 527 explieat,
819 485 851 517 δε
863 481 984 516 montis
1003 479 1165 528 fastigium
1180 478 1250 516 satis
1272 481 1435 530 amplum,

0 530 2 533 ’
18 558 19 561 ,
49 535 84 568 ει
96 532 128 565 in
140 529 309 578 planitiem
322 527 466 564 definens
483 530 565 577 tegit
581 545 591 572 3
608 540 644 563 ac
655 530 879 576 tantoimpetu
896 540 934 563 ex
952 539 993 563 eo
1015 528 1090 563 loco
1107 530 1189 572 ruit,
1214 541 1250 565 ut
1266 532 1437 580 imparatas

49 590 150 615 naves
162 577 296 615 obruat,
304 579 368 613 Sed
379 580 495 615 Nautae
508 581 571 624 jam
581 579 739 612 cautiores
749 576 842 621 faeti,
856 576 983 625 longius
997 577 1019 612 a
1032 577 1140 612 littore
1151 577 1257 613 statim
1269 580 1437 625 recedunt,

0 622 5 674 ζ
50 636 121 662 tum
133 625 208 663 vela
219 627 472 677 colligunt;Nec
483 625 553 661 fere
562 625 680 661 fallunt
693 626 809 662 futurae
821 625 1018 675 tempestatis
1032 626 1148 662 indicia
1158 654 1167 669 ,
1181 639 1218 661 ac
1229 627 1351 663 duabus
1359 657 1369 672 ,
1382 640 1437 665 aut

49 673 150 711 tribus
162 675 240 724 saepe
257 676 342 711 horis
351 686 528 722 antequam
539 686 730 723 erumpant,
751 686 788 710 ea
805 686 940 724 apparet
958 673 1127 711 nubemla.
1147 677 1341 724 Frequentes
1366 677 1439 714 sunt

14 736 15 760 z
51 722 204 771 ejusmodi
212 725 383 773 Ecnephiae
401 735 501 773 prope
515 734 715 771 aequatorem
730 751 741 767 ,
765 727 802 759 iis
825 722 998 773 praesettim
1023 722 1184 759 mensibus
1196 753 1205 767 ,
1222 725 1339 773 quibus
1357 738 1436 762 con.

14 784 15 789 ¹
50 772 165 808 stantes
181 775 270 808 venti
283 772 350 809 sunt
362 778 510 809 rariores.
519 775 624 820 Prope
635 774 794 809 Guineam
812 773 987 809 admodum
1011 771 1117 808 crebri
1139 772 1211 808 sunt
1229 790 1238 815 ς
1256 786 1293 809 ac
1316 777 1439 823 primus

12 839 15 849 ι
50 822 191 870 impetus
213 822 256 857 est
266 819 562 858 vehementissimus
577 832 699 869 ·,atque
708 833 819 858 eorum
828 834 892 869 ope
903 824 1021 858 Nautae
1029 833 1227 869 aequatorem
1241 821 1322 871 saepe
1345 823 1438 872 supe-

12 889 15 895 ›
49 881 140 914 rant,
153 883 225 906 cum
235 874 324 907 venti
336 871 480 906 continui
489 869 649 905 mensibus
663 869 788 917 Aprili,
805 873 917 914 Maio,
935 871 1048 919 Ῑιιιιίο,
1069 875 1105 908 &
1118 870 1188 905 aliis
1197 884 1332 919 quoque
1351 884 1437 908 tem.

50 918 185 968 poribus
199 920 378 955 identidem
392 917 504 955 defint.
524 921 561 954 In
573 918 643 954 aliis
658 919 777 955 Africae
794 919 872 955 locis
889 919 970 954 alios
987 918 1160 955 observant
1179 920 1304 956 menses
1324 935 1333 958 :
1353 922 1438 958 adeo

49 978 87 1002 ut
95 970 188 1004 certis
198 970 230 1004 in
241 968 317 1004 locis
331 968 500 1018 Ecnephiae
510 966 569 1003 fint
580 967 796 1006 anniversarii.
814 969 913 1004 Addit
923 970 1084 1005 Varenius
1094 997 1103 1013 ‚
1119 972 1154 1005 ὅ(
1165 981 1249 1017 pene
1257 982 1372 1005 omnes
1381 973 1440 1019 qui

49 1017 213 1052 itineraria
227 1016 374 1067 scripsere
385 1046 395 1062 ,
409 1018 441 1052 id
454 1016 648 1053 confirmant
658 1044 668 1062 ‚
686 1022 719 1052 in
734 1016 876 1053 faucibus
886 1015 1016 1053 Arabici
1036 1019 1131 1053 maris
1148 1018 1325 1067 Ecnephias
1345 1022 1438 1055 mira·

49 1063 131 1100 biles
144 1066 290 1101 accidere
314 1081 326 1102 ε
347 1079 421 1102 cum
433 1065 547 1110 densa,
563 1071 599 1104 δε
618 1077 686 1101 atra
703 1065 804 1102 nubes
829 1068 928 1102 mixta
942 1078 1014 1102 cum
1026 1065 1185 1102 flammeis
1199 1067 1366 1103 nubeculis
1386 1071 1438 1105 in.

7 1154 9 1159 *
51 1113 110 1149 star
119 1115 284 1150 candentis
294 1117 411 1151 camini
427 1113 576 1150 tenebras
590 1115 711 1149 inducit
719 1114 783 1149 diei
795 1131 804 1158 3
817 1126 885 1150 tum
898 1112 1063 1150 subitanea
1076 1144 1086 1158 ,
1098 1127 1160 1150 nec
1169 1115 1223 1150 diu
1234 1117 1351 1151 durans
1361 1129 1438 1165 pro-

7 1206 9 1210 ⁴
51 1162 132 1197 cella
148 1166 292 1199 exoritur
306 1191 317 1206 ,
344 1177 413 1212 quae
429 1162 558 1198 rubram
579 1175 708 1198 arenam
737 1165 861 1213 ingenti
879 1166 971 1211 copia
990 1166 1023 1199 in
1041 1174 1158 1198 terram
1172 1168 1207 1201 δε
1233 1176 1322 1199 mate
1340 1168 1438 1215 ejicit.

7 1238 9 1246 ,
49 1209 173 1248 Arabes
187 1211 334 1248 referunt
351 1212 530 1260 aliquando
538 1211 703 1256 contigiffe
721 1211 901 1248 utarcnosae
914 1211 977 1246 illae
986 1211 1134 1260 procellae
1155 1223 1258 1249 coetus
1277 1224 1438 1250 mercato..

4 1254 9 1266 ⁹
51 1271 121 1296 rum
136 1263 192 1308 qui
211 1261 317 1308 Alepo
339 1263 373 1296 in
395 1259 548 1297 Arabiam
559 1250 815 1309 proficiscuntur,
839 1260 1025 1305 obruerint3
1040 1272 1136 1309 atque
1150 1262 1224 1297 inde
1234 1260 1378 1307 Arabiae,
1402 1268 1436 1302 &t

8 1323 9 1356 g
51 1311 184 1359 AEgypti
201 1312 326 1346 mumiae
337 1310 544 1360 prodierunt,
559 1311 708 1345 nimirum
730 1321 865 1358 corpora
881 1312 987 1345 arenis
999 1310 1102 1355 tedia,
1119 1308 1193 1346 solis
1212 1310 1318 1347 calore
1337 1310 1437 1348 exfic..

51 1369 134 1394 cata.

0 1435 2 1444 Α
85 1408 147 1443 Hae
163 1407 313 1457 procella:
326 1418 403 1455 quas
415 1408 606 1444 &tornados
615 1418 734 1442 vocant
745 1436 754 1450 ,
766 1409 847 1442 intra
859 1410 951 1443 unius
964 1407 1052 1442 horae
1068 1407 1203 1456 spatium
1213 1409 1247 1443 in
1256 1420 1369 1445 omnes
1379 1421 1436 1458 pe·

0 1449 7 1494 ⁷.
52 1467 94 1492 ne
106 1455 159 1504 pla
184 1469 216 1491 as
231 1457 407 1506 diriguntur
425 1455 573 1504 3fulgura
586 1485 595 1499 ,
615 1458 797 1493 &tonitrua
811 1468 864 1490 eas
882 1456 1072 1506 plerumque
1086 1460 1299 1501 comitantur,
1321 1462 1435 1496 &ma-

0 1538 1 1542 ,
52 1517 113 1553 gna
125 1470 236 1540 imffiris
250 1507 343 1553 copia
359 1520 367 1541 :
384 1506 475 1539 unius
485 1515 541 1539 aut
551 1505 678 1539 alterius
693 1504 780 1539 horae
798 1503 897 1552 spatio
907 1506 1026 1540 durant.
1045 1504 1189 1541 Praecelsi
1198 1508 1230 1540 in
1243 1517 1324 1541 terra
1337 1519 1434 1543 mon-

0 1565 5 1577 0
54 1565 100 1588 tes
119 1553 174 1590 has
186 1554 343 1603 procellas
354 1556 491 1602 gignunt
500 1551 675 1588 crebriores
693 1571 702 1597 3
720 1553 902 1601 pluviarum
921 1566 1054 1601 quoque
1074 1554 1274 1603 temporibus
1298 1567 1372 1590 cum
1388 1554 1435 1590 sol

2 1643 3 1649 ἵ
53 1601 228 1638 verticibus
244 1605 410 1646 imminet,
431 1614 477 1636 eae
494 1602 563 1637 sunt
575 1601 824 1649 frequentiores,

1 1655 3 1694 ξ
89 1649 209 1700 Saepius
222 1652 371 1687 accidunt
389 1663 489 1698 prope
501 1650 615 1686 Africae
627 1650 734 1685 littora
743 1680 752 1694 ‚
774 1650 874 1698 quam
889 1652 923 1686 in
934 1652 1091 1686 America.
1111 1649 1187 1685 Fors
1203 1649 1247 1685 est
1259 1662 1294 1686 ut
1303 1652 1335 1687 in
1347 1650 1436 1687 Afri-

1 1737 3 1741 ,
54 1711 90 1735 ca
101 1729 109 1743 ,
122 1702 261 1735 maxime
278 1712 379 1749 prope
394 1701 555 1734 Guineam
569 1711 696 1734 montes
718 1699 902 1747 generalem
914 1727 923 1743 ,
953 1704 987 1737 δε
1001 1702 1192 1735 continuum
1209 1711 1343 1736 ventum
1362 1712 1436 1749 pro—

55 1747 204 1784 hibeant.
218 1751 306 1784 Hinc
315 1751 421 1795 major
435 1750 468 1783 in
478 1750 557 1783 mari
572 1760 741 1783 ventorum
755 1749 966 1783 inconstantia
983 1762 992 1784 :
1009 1759 1114 1797 partes
1132 1747 1216 1785 vero
1239 1748 1358 1784 Africae
1378 1761 1435 1784 au-

55 1797 150 1832 stralis
169 1796 399 1840 mineralibus,
420 1802 455 1835 &
474 1799 561 1832 nitro
580 1796 753 1846 sulphureis
773 1796 934 1845 spiritibus
957 1796 1145 1842 ahundant3
1165 1797 1250 1832 unde
1265 1809 1388 1833 tantum
1403 1800 1436 1833 in

55 1856 129 1881 aere
148 1847 332 1882 incendium
345 1848 451 1882 oritur.
463 1846 598 1881 Accedit
608 1849 706 1880 etiam
716 1845 816 1889 nubes
832 1858 898 1881 non
917 1845 1071 1894 paulatim
1097 1849 1130 1881 in
1170 1845 1262 1881 luviae
1276 1846 1435 1894 guttulas,

55 1892 107 1929 sed
125 1892 232 1930 subito
252 1894 338 1943 quasi
357 1896 390 1930 in
407 1906 564 1929 torrentes
575 1894 690 1929 resolvi
710 1892 779 1936 ·,seu
795 1895 826 1928 id
836 1907 875 1929 ex
884 1894 1028 1930 inusitata
1046 1859 1263 1944 atmollphaerae
1283 1893 1437 1931 denfitate

58 1944 176 1977 oriatur
189 1972 198 1984 ,
217 1943 267 1977 seu
277 1955 316 1977 ex
329 1942 456 1978 diverfis
468 1972 478 1987 ,
499 1946 628 1979 &inter
639 1943 668 1978 se
683 1942 874 1978 luctantibus
884 1946 1003 1980 ventis.

91 1989 205 2026 Iisdem
218 1991 286 2027 fere
298 2004 335 2026 ex
355 1991 450 2026 caufis
466 1993 565 2026 oritur
582 1991 707 2040 typhon
722 1990 825 2040 vulgo
844 2005 995 2041 ouragam
1007 2019 1017 2031 ‚
1033 2002 1147 2028 ventus
1163 1995 1317 2029 nimirum
1335 1993 1438 2029 vehe-

59 2051 149 2075 mens
167 2053 175 2075 τ
191 2042 245 2086 qui
261 2051 316 2075 aut
326 2039 345 2074 a
355 2042 476 2075 vertice
489 2041 597 2083 irruit,
608 2052 662 2074 aut
676 2043 709 2075 in
719 2053 832 2076 omnes
841 2040 1020 2076 horizontis
1029 2040 1136 2090 plagas
1154 2045 1259 2090 paucis
1275 2042 1361 2077 horis
1375 2055 1438 2076 va·-

58 2088 229 2136 gaturzseu
241 2090 388 2123 contrarii
406 2089 496 2123 venti
510 2090 592 2123 inter
610 2087 639 2122 se
663 2088 881 2132 collidantur3
901 2089 953 2124 seu
971 2101 1083 2125 ventus
1097 2092 1304 2137 cumimpetu
1328 2103 1436 2126 erum..

59 2149 137 2184 pens
149 2150 186 2172 cx
197 2135 345 2186 oppofiro
355 2135 450 2171 obice
463 2138 495 2171 in
511 2134 643 2184 seipsum
656 2138 767 2172 redeat
776 2167 785 2180 ‚
802 2143 836 2174 δε
845 2149 1107 2186 contorqueatur.
1127 2141 1163 2175 In
1177 2138 1366 2187 quibusdam
1382 2142 1436 2174 ln-

61 2186 122 2220 dici
135 2189 229 2222 maris
243 2187 321 2220 locis
337 2184 418 2219 ultra
439 2184 493 2220 sex
504 2184 675 2232 horas-non
687 2186 795 2229 durat3
816 2188 847 2220 in
867 2186 938 2221 aliis
957 2187 1122 2223 interdurnv
1132 2200 1187 2236 per
1202 2201 1240 2226 2⁰
1261 2187 1355 2222 horas
1371 2215 1380 2230 ‚
1401 2192 1443 2224 &e

60 2234 193 2282 amplius
203 2235 399 2269 dominatur:
418 2232 680 2282 plerumque'isbi
694 2233 830 2282 praecelfi
840 2248 966 2272 montes
976 2239 1009 2271 in
1019 2235 1182 2272 littoribus
1193 2236 1232 2270 ad
1244 2246 1348 2269 ortum
1363 2246 1436 2270 ten-

63 2283 211 2318 dentibus
221 2282 396 2328 affurgunt:
412 2285 445 2317 in
457 2281 564 2316 insulis
577 2281 766 2330 Philippinis
780 2313 787 2325 ‚
807 2289 840 2320 &
862 2288 942 2319 mari
958 2286 1238 2335 interJaponiam‚
1256 2288 1291 2319 δε
1311 2283 1437 2319 Indiam

64 2331 233 2380 interjesto
251 2323 410 2380 typhones
429 2330 531 2365 crebri
553 2331 621 2366 sunt
638 2345 646 2367 ε
666 2330 740 2365 hinc
761 2332 932 2379 periculosa
948 2334 1034 2368 adeo
1047 2333 1222 2381 navigatio.
1255 2329 1436 2367 Caribbeas

64 2391 192 2432 quoque
201 2380 312 2418 insulas
324 2383 356 2418 in
369 2381 516 2417 America
529 2379 577 2417 hae
587 2380 734 2431 procellae
746 2379 852 2430 saepius
860 2382 1026 2420 infestant:
1035 2393 1108 2420 curn
1117 2383 1151 2418 in
1158 2379 1261 2466 ipsula
1269 2380 1302 2436 (a
1311 2381 1438 2430 Cayen⁴

1201 2443 1218 2466 a
1228 2442 1247 2466 a
1267 2442 1289 2480 ¹1
