1878 2724
356 170 409 196 222
693 150 974 193 PHYSICAE
1027 153 1424 195 GENERALts

359 203 489 242 malfam
514 200 656 250 exagitat
673 206 709 238 &
727 205 924 250 corrumpit,
950 213 1117 237 venenum
1134 203 1210 238 licet
1233 204 1322 243 mole
1342 216 1499 255 parvum,
1522 200 1556 239 vi
1573 212 1706 250 tamen,
1723 204 1766 245 δὲ

359 254 545 292 mobilitate
566 249 900 300 maxima‚sanguinis
915 256 948 290 δι
961 249 1127 300 spirituum
1164 263 1248 292 artes
1259 255 1294 291 in
1309 252 1352 294 sui
1366 265 1474 292 motus
1487 253 1572 302 leges
1590 255 1713 304 adigit,
1725 261 1765 294 δε

360 302 540 345 naturalem
552 301 672 333 cruoris
685 302 871 336 motionem
882 299 1057 339 confundit
1081 303 1121 337 Et
1136 313 1203 340 Vane
1217 303 1324 342 mirari
1337 303 1421 343 subit
1441 315 1599 352 quantam
1612 307 1646 341 in
1660 306 1737 343 vino
1747 333 1771 351 ‚-

361 354 438 388 dum
453 353 486 385 in
497 359 626 384 acetum
636 346 708 386 abit
722 379 732 394 ,
741 351 960 391 mutationem
971 347 1084 386 afferat
1092 351 1305 398 quarumdam
1317 356 1455 401 partium
1468 381 1478 396 ,
1495 365 1563 400 quae
1574 352 1675 391 sensus
1687 367 1762 391 om..-

361 412 418 444 nes
430 397 604 447 effugiunt,
621 397 704 439 levis,
715 398 884 440 exhalatio
900 429 908 442 ,
925 411 979 436 aut
991 401 1097 448 potius
1124 411 1248 440 murata
1263 400 1497 451 configuratio,
1517 401 1594 441 dum
1613 402 1704 441 velut
1725 405 1771 440 in·

361 448 522 499 gladiolos
532 458 702 484 acuuntur.
716 450 768 484 Sic
780 461 938 484 novarum
956 451 1098 498 partium
1118 447 1253 485 aceeffio
1265 464 1332 487 non
1347 454 1506 487 minorem
1524 449 1621 488 rebus
1647 451 1771 490 afferre.

363 500 579 536 mutationem
594 498 709 545 potest.

400 548 491 583 Hinc
506 557 602 595 potus
613 546 668 582 ille
679 560 778 595 quem
789 549 822 588 in
836 548 936 589 Indiis
949 560 987 583 ex
1005 547 1096 585 succo
1107 550 1196 585 nucis
1209 577 1218 592 ,
1239 547 1339 598 vulgo
1354 551 1433 589 Caco
1448 549 1543 588 distae
1553 579 1562 595 ,
1573 562 1696 598 parant,
1710 554 1770 587 in·-

366 609 416 634 tra
435 598 530 632 unius
546 595 748 639 autalterius
768 597 852 638 horae
871 597 1009 647 spatium
1028 598 1150 633 acescit.
1175 600 1223 633 Ac
1240 598 1344 634 succus
1364 601 1422 647 qni
1436 611 1476 637 ex
1500 599 1710 637 arundinibus
1729 603 1776 637 in:

367 644 494 684 Brafilia
507 674 516 689 ‚
532 650 566 682 δι
581 644 652 680 aliis
665 649 700 681 in
724 646 804 687 loeis
817 647 1015 691 extrahitur,
1034 653 1066 684 δε
1081 650 1115 687 in
1130 646 1311 687 saccharum
1329 647 1524 692 concrescit,
1538 648 1639 698 spatio
1654 664 1695 697 24
1706 649 1766 685 boe

364 708 471 739 rarum
488 693 548 730 soli
558 693 717 744 expositus
728 695 892 736 acescit,ut
906 697 1034 738 testatur
1046 696 1117 732 Piso
1131 710 1145 731 ε»
1154 698 1208 743 qui
1219 701 1253 735 δι
1261 697 1361 736 refert
1369 696 1495 735 succum
1508 699 1527 734 ὲ
1536 699 1659 747 planta5
1667 711 1779 747 quam-

366 745 585 784 Mandiocam
598 756 715 789 vocat,
735 747 784 785 uti
798 751 833 784 &
842 758 884 783 ex
903 748 1025 789 Yucca,
1038 751 1071 783 &
1087 745 1156 783 aliis
1168 744 1286 793 plantis
1298 745 1478 795 expreffiim
1493 776 1503 790 ‚
1513 760 1675 785 venenum
1693 749 1766 795 qni-

370 796 446 831 dem
464 794 610 839 existere,
626 793 679 829 sed
691 793 943 833 fermentatione
955 796 988 830 in
1003 807 1117 843 potum
1130 806 1192 831 nec
1202 795 1362 843 ingratum
1375 824 1385 838 ,
1402 807 1463 831 nec
1474 795 1672 832 insalubrem
1684 808 1766 832 com

368 845 463 881 verti.
491 845 546 879 Sic
558 842 616 878 ubi
627 846 741 883 vinum
753 845 828 892 post
838 846 959 881 tonitru
972 843 1106 883 acescit,
1121 857 1188 883 non
1204 843 1363 882 aliud-nisi
1375 843 1501 884 subtilis
1513 844 1676 894 cujusdam
1694 857 1766 881 cor-

369 895 457 943 poris
469 890 603 930 accessio
615 894 754 941 partium
769 905 959 932 contextum
978 895 1158 941 pervertit.-

405 942 528 979 Eadem
540 941 665 991 prorsus
676 944 803 979 ratione
819 942 988 979 alexiteria
998 942 1052 977 seu
1063 943 1213 980 antidota
1223 943 1373 992 explicari
1387 942 1515 991 poffunt
1526 956 1533 978 :
1545 954 1623 980 nam
1637 954 1676 979 ex
1693 954 1776 979 cot-⁷

370 991 508 1041 pustulis
518 1003 595 1039 quaer
605 990 701 1027 facile
711 1004 786 1031 cum
799 994 921 1029 veneni
930 990 1092 1040 particulis
1101 990 1480 1040 consociantur-,qtiaeque
1489 992 1510 1027 ὲ
1518 1002 1630 1028 natura
1641 993 1769 1028 domari

372 1052 558 1089 nequeunt,
579 1052 697 1090 magna
713 1053 757 1079 ex
769 1053 860 1090 parte
872 1041 1025 1080 constant-
1043 1041 1144 1081 Unde
1162 1053 1227 1078 unz
1238 1053 1314 1078 cum
1331 1042 1503 1078 venenatis
1521 1043 1639 1077 atomis
1661 1040 1768 1088 expel-

374 1091 500 1127 lunnvr..
508 1091 559 1126 Sic
574 1089 704 1138 sulphur
716 1103 783 1126 non
794 1090 955 1126 fracedini
971 1090 1092 1134 modo,
1108 1095 1143 1127 &
1160 1089 1323 1138 liquorum
1345 1091 1569 1137 corruptioni,
1583 1089 1660 1126 dum
1681 1089 1768 1126 iliius

373 1139 469 1175 fumo
479 1145 513 1176 ὅ(
527 1139 631 1174 odore
645 1139 852 1187 complentur
865 1168 873 1183 ‚
884 1138 936 1174 sed
946 1144 980 1176 &
996 1139 1089 1188 pestis
1106 1141 1260 1188 contagio
1273 1137 1390 1176 resistit.
1413 1141 1500 1175 Hinc
1518 1140 1603 1176 vitus
1621 1137 1768 1188 pestilens

375 1188 457 1237 saepe
471 1189 505 1229 in
523 1187 626 1229 odore
640 1186 765 1227 fracido
777 1187 948 1225 delitescit.
958 1190 994 1224 In
1005 1189 1090 1238 peste
1106 1188 1312 1231 Ostendam,
1328 1190 1435 1237 inquit
1457 1186 1690 1232 HelmontiuS,
1702 1186 1768 1223 fra-

376 1237 458 1272 cedo
469 1236 619 1285 pestilens
633 1235 734 1271 soleas
749 1249 906 1275 crematas
923 1236 1038 1273 olebat
1049 1266 1060 1279 ,
1073 1248 1174 1284 atque
1189 1237 1252 1274 hoc
1264 1238 1368 1274 odore
1379 1237 1470 1286 peste
1482 1237 1624 1273 infeetos
1643 1233 1772 1287 dignos-

375 1285 511 1321 cebam:
530 1289 564 1326 ὃς
578 1285 694 1320 author
707 1288 908 1334 impertimus
921 1314 930 1330 ,
940 1284 991 1321 sed
1003 1285 1438 1335 diligens,Diemmerbroox‚
1450 1287 1542 1322 tra&-
1551 1287 1594 1321 de
1607 1286 1701 1322 Peste
1711 1284 1770 1323 lib.

379 1350 404 1372 2.
421 1333 498 1369 illud
510 1362 520 1377 ,
542 1336 668 1381 inquit,
686 1335 946 1384 notatudignum
966 1334 1047 1383 saepe
1064 1333 1320 1378 observavimus,
1336 1347 1455 1384 nempe
1469 1337 1503 1370 in
1521 1334 1584 1371 illis
1599 1333 1722 1370 aedibus
1736 1337 1772 1370 in

385 1382 505 1432 quibus
533 1382 623 1418 nulla
634 1382 740 1418 adhuc
755 1384 850 1432 pestis
863 1395 931 1419 erat
942 1414 951 1428 ,
972 1382 991 1419 fi
1005 1384 1196 1419 linteamina
1214 1382 1338 1419 sordida
1349 1396 1434 1431 aqua
1445 1381 1608 1432 &sapone
1619 1384 1772 1428 nostrate,

381 1444 418 1468 ut
438 1434 471 1467 iu
490 1431 604 1480 Belgio
615 1434 713 1466 moris
727 1434 769 1468 est
781 1462 791 1476 ,
817 1433 883 1468 illic
900 1433 1106 1476 lavarentur,
1118 1445 1158 1467 eo
1179 1431 1247 1481 ipso
1267 1433 1319 1468 die
1331 1438 1348 1476 ,³
1361 1432 1414 1469 vel
1429 1434 1591 1469 interdum
1604 1433 1772 1482 postridie,

380 1482 463 1517 duos
477 1480 581 1516 tresve
593 1481 684 1529 peste
699 1494 866 1530 correptos
880 1481 982 1525 fuisse,
994 1481 1115 1530 ipsique
1132 1484 1208 1531 aegri
1230 1481 1428 1518 testabantur
1445 1482 1604 1518 foetorem
1618 1495 1709 1529 aquae
1721 1481 1770 1518 sa·

380 1542 511 1578 ponatae
529 1529 592 1572 iuis
601 1533 740 1579 primani
754 1537 786 1568 &
803 1534 978 1567 maximam
986 1532 1213 1566 alterationem
1231 1529 1381 1566 intulisse.
1400 1532 1505 1579 quue
1521 1530 1592 1566 satis
1617 1531 1664 1565 est
1682 1534 1775 1566 veri-

381 1579 485 1614 simile
502 1578 594 1614 illum
613 1579 797 1626 pestiferum
817 1581 953 1616 halitum
979 1592 1036 1629 per
1058 1592 1178 1616 nervos
1199 1578 1338 1616 olfaffiis
1365 1580 1406 1615 ad
1433 1579 1603 1616 cerebrum
1621 1579 1773 1628 perferri:

382 1641 419 1663 ut
437 1629 453 1665 ὲ
472 1626 598 1664 diverso
614 1627 799 1677 spirituosus
821 1632 890 1666 vini
907 1641 1009 1679 vapor
1025 1631 1109 1665 vires
1132 1628 1296 1678 languidas
1322 1629 1429 1664 statim
1445 1624 1577 1674 refic'it‘,
1597 1635 1632 1668 &
1648 1628 1773 1678 pulsum

383 1690 521 1726 reparat.
540 1679 662 1724 Neque
676 1677 730 1713 ille
741 1678 857 1714 halitus
875 1679 916 1713 ad
931 1691 987 1714 cor
1006 1690 1065 1727 per
1084 1690 1183 1713 venas
1194 1689 1249 1713 aut
1263 1677 1433 1726 pulmones
1445 1690 1595 1728 penetrat
1610 1691 1703 1722 ·‚cum
1726 1678 1775 1715 illi

383 1727 492 1763 nullus
511 1738 620 1775 pateat
647 1727 750 1762 aditus
767 1742 775 1762 :
795 1726 846 1762 sed
877 1740 932 1775 per
955 1740 1073 1762 nervos
1094 1726 1285 1762 olfactorios
1301 1729 1442 1775 primum
1470 1728 1511 1762 ad
1532 1727 1721 1772 cerebrum,
1739 1733 1776 1766 δε

384 1776 459 1811 hinc
471 1776 511 1809 ad
525 1787 580 1810 cor
592 1775 738 1810 cirissime
753 1779 916 1823 pervenit.
932 1778 985 1810 Sic
1002 1787 1103 1822 vapor
1116 1775 1275 1823 malignus
1289 1777 1373 1809 vires
1387 1775 1492 1810 subito
1504 1777 1625 1820 dejicit.
1644 1775 1724 1810 Illud
1740 1779 1774 1813 in

384 1824 561 1860 Academia
583 1824 739 1859 Medicaea
761 1824 883 1859 factum
913 1825 1176 1872 experimentum
1197 1834 1432 1858 commemorat
1454 1823 1609 1860 Botellus.
1646 1823 1775 1862 Oleum

385 1873 552 1922 quoddam
570 1885 767 1909 venenatum
783 1875 906 1910 recenti
925 1870 1054 1909 vulneri
1069 1871 1215 1907 animalis
1227 1900 1237 1915 ‚
1250 1877 1282 1909 &
1293 1871 1459 1920 copiosum
1473 1871 1612 1909 infusum
1622 1874 1774 1921 est,quod

385 1922 511 1959 nullam
525 1925 687 1958 einoxam
702 1923 829 1959 intulit:
848 1936 923 1958 nam
943 1920 1068 1971 sanguis
1084 1933 1176 1957 motu
1193 1923 1355 1957 contrario
1374 1920 1487 1957 effusus
1503 1933 1631 1958 veneno
1649 1923 1775 1959 aditum
1797 1918 1800 1923 ’

386 1971 648 2013 intercludebat3
666 1970 719 2006 sed
734 1972 903 2020 postquam
921 1971 977 2007 filo
991 1972 1080 2019 quod
1099 1970 1177 2005 oleo
1193 1970 1358 2007 venenoso
1372 1971 1553 2007 infecerant
1566 2001 1576 2016 ‚
1593 1970 1708 2008 vulnus
1724 1982 1776 2011 taff

389 2021 476 2056 &rim
488 2019 551 2055 fuit
560 2049 568 2062 ‚
586 2021 690 2055 statim
701 2033 758 2069 per
767 2023 919 2056 neri-ulos
938 2023 1021 2056 virus
1040 2021 1256 2068 permanavit,
1270 2025 1304 2058 δε
1314 2019 1433 2055 animal
1443 2022 1597 2058 extinxit.

427 2070 538 2114 Qare
558 2071 590 2102 in
604 2072 640 2103 iis
651 2069 720 2104 fere
732 2070 819 2105 idem
835 2069 887 2105 usu
900 2072 992 2105 venit
1003 2099 1012 2113 ‚
1030 2069 1117 2116 quod
1132 2071 1163 2104 in
1187 2069 1283 2104 doliis
1303 2071 1462 2105 cernimus
1478 2099 1487 2113 ,
1503 2082 1573 2118 quae
1591 2070 1774 2106 humidiore

390 2117 466 2152 loco
479 2117 613 2166 repolita
637 2117 728 2153 situm
750 2125 784 2156 &
801 2132 968 2154 mucorem
990 2118 1185 2154 contrahunt
1200 2146 1209 2160 ,
1222 2131 1322 2167 quem
1340 2118 1446 2154 infufis
1463 2117 1640 2167 liquoribus
1667 2120 1774 2155 statim

392 2169 647 2202 communicant.
667 2169 732 2203 Aer
742 2167 922 2204 forteinrra
936 2168 1012 2216 ligni
1033 2179 1154 2203 meatus
1172 2168 1226 2203 diu
1246 2167 1427 2211 conclusus,
1445 2180 1504 2203 nec
1520 2167 1717 2212 ventilatus,
1738 2173 1776 2204 δε

392 2214 514 2250 vissoso
524 2216 659 2251 humore
677 2218 817 2252 irretitus
831 2246 840 2260 ,
860 2218 1007 2265 longiore
1020 2230 1107 2252 mora
1123 2216 1273 2264 quasdam
1290 2217 1370 2266 ligni
1380 2229 1485 2266 partes
1494 2216 1708 2252 elementares
1719 2229 1775 2252 ex-

393 2264 508 2308 solvit,
528 2270 563 2302 &
584 2268 615 2300 in
634 2265 788 2302 fermenti
805 2267 936 2302 modum
953 2267 1075 2302 rxaltat
1091 2281 1097 2301 ε
1111 2267 1193 2301 adeo
1204 2279 1240 2302 ut
1251 2266 1308 2301 suis
1326 2267 1519 2312 aculeisjarn
1538 2264 1639 2301 sensus
1654 2266 1774 2300 nostros

394 2312 514 2349 feriant
526 2343 534 2355 ,
547 2326 606 2349 nec
620 2328 692 2349 cuni
704 2315 772 2350 ullo
789 2316 853 2351 alio
866 2329 1002 2362 corpore
1018 2316 1139 2350 misceri
1158 2316 1293 2358 amplius
1306 2314 1422 2363 poffint
1434 2343 1444 2357 ,
1462 2313 1514 2349 scd
1524 2314 1616 2350 velut
1627 2316 1775 2351 fermen-

396 2374 427 2396 ta
441 2364 585 2408 quaedam
601 2365 680 2398 alios
698 2364 999 2413 liquoreslnficianr.
1018 2368 1098 2401 Non
1113 2360 1386 2400 diffim'iliforfitan
1400 2365 1528 2399 ratione
1536 2377 1609 2400 aura
1626 2363 1775 2413 pestilens

395 2412 554 2460 quidquid
574 2416 739 2463 attigerit,
754 2414 807 2452 suo
821 2415 911 2454 velut
929 2416 1030 2452 odore
1046 2416 1243 2463 corrumpit,
1258 2413 1413 2451 fermenti
1425 2415 1493 2466 *lim
1505 2416 1664 2463 acquirit,
1679 2418 1712 2451 &
1723 2414 1774 2457 inq
