1878 2724
346 151 402 216 ἰο
424 176 512 213 Caro
528 171 649 210 bubula
663 169 773 221 pipere
786 172 820 207 &
835 167 1054 220 caryophyllis
1068 166 1222 218 inspersa,
1235 164 1304 217 post
1316 176 1378 204 tres
1392 166 1486 204 horas
1499 167 1626 218 optime
1635 167 1736 206 elixa

330 241 361 266 ta
376 257 384 272 ‚
399 233 432 265 ὃ(
442 227 522 274 grati
536 223 654 271 saporis
664 221 708 256 est
719 220 863 257 extracta
876 236 885 263 ;
897 232 965 256 non
983 221 1065 255 item
1088 230 1126 254 ea
1141 229 1214 266 quae
1233 217 1354 253 eodem
1368 220 1525 268 temporis
1546 217 1649 269 spatio
1668 218 1733 256 fine

327 277 479 313 aromatis
502 272 620 307 elixata
634 274 667 306 in
684 282 789 306 vacuo
808 269 924 306 fuerat.

364 334 395 370 30
421 324 511 359 Caro
529 322 649 358 elixata
670 321 703 355 in
719 332 824 356 vacuo
835 349 845 363 ,
858 330 927 356 turn
938 321 1108 369 recipienti
1123 317 1265 355 cochleae
1284 327 1347 365 ope
1360 318 1420 353 rite
1434 314 1593 353 obturato
1602 318 1734 368 impofi-

328 387 360 411 ta
371 405 380 420 ‚
397 386 452 424 per
468 385 532 408 tres
548 371 772 407 hebdomadas
792 373 918 419 integra
935 374 969 408 ὅ(
987 372 1169 418 incorrupta
1184 365 1370 418 permansit.

363 432 405 471 4⁰
428 422 544 459 Edulia
560 423 731 469 recipienti
749 433 817 455 non
834 432 939 455 vacuo
954 449 963 464 ,
981 418 1033 455 sed
1046 419 1133 454 bene
1151 417 1279 454 occluso
1288 415 1328 451 fic
1340 418 1384 451 im
1410 413 1486 452 ofita
1498 445 1508 460 ,
1522 428 1558 452 ut
1570 417 1651 454 illud
1669 420 1734 455 im-

328 473 460 523 pleant3
475 484 581 520 eoque
600 472 868 520 recipienteintra
886 468 1040 504 balneum
1055 470 1150 505 maris
1175 479 1210 503 ut
1225 477 1363 510 vocant,
1393 479 1420 501 1c
1442 477 1555 515 aptato
1570 496 1579 512 ,
1599 480 1636 503 ut
1662 467 1737 504 bal-

327 537 428 560 neum
441 521 544 571 ipsum
556 532 703 556 accurate
718 518 906 554 occludatur
928 521 1012 554 intra
1040 531 1156 568 paucas
1178 517 1274 553 horas
1298 516 1469 551 elixantur.
1494 518 1547 551 Sic
1569 530 1644 552 caro
1662 531 1735 555 cum

327 576 439 623 pipere
458 578 492 610 δι
510 569 728 619 caryophyllis
749 572 832 604 intra
845 581 899 603 vas
911 569 1097 617 praedidmm
1112 566 1227 603 inclusa
1239 563 1400 615 &mels-a,
1416 568 1510 601 unius
1528 565 1615 603 horae
1635 566 1737 617 spatio

329 623 425 658 cocta
438 622 502 658 fuit
518 635 526 657 z
544 619 666 656 recluso
676 619 798 655 balneo
809 631 894 666 aqua
904 631 979 660 cum
993 630 1122 667 inipetu
1137 618 1241 665 erupit
1254 630 1262 652 :
1276 628 1348 665 pars
1363 615 1448 650 illius
1463 618 1567 651 carnis
1577 619 1738 667 recipien-

329 675 354 708 ti
369 675 432 709 rite
442 684 498 722 per
513 669 681 706 cochleam
691 667 848 704 obturato
859 668 1006 717 impolita
1017 697 1027 713 ‚
1045 668 1117 717 post
1128 684 1140 714 5
1152 665 1376 702 hebdomadas
1389 664 1481 700 illaesa
1498 671 1532 702 δι
1552 669 1679 714 optima
1689 669 1737 703 in·

329 734 429 758 venta
444 722 491 757 est
504 735 513 757 :
526 720 609 755 adeo
623 730 658 754 ut
676 730 743 755 tam
756 716 912 765 exquisita
926 717 1058 753 elixatio
1073 730 1140 752 non
1164 716 1372 751 mediocriter
1390 715 1429 749 ad
1449 717 1497 750 rei
1515 713 1739 753 conservatio-

329 784 409 808 nem
420 771 589 807 conferat:
605 768 693 817 quod
708 768 803 804 nullae
818 778 925 816 partes
936 766 1072 803 avolent
1087 796 1097 811 ‚
1117 772 1149 803 &
1169 767 1278 801 coctio
1296 778 1364 800 non
1379 763 1415 799 fit
1428 766 1617 814 interrupta.

370 830 408 869 5⁰.
440 823 501 857 Pes
512 819 609 855 bovis
619 819 737 853 eodem
759 817 861 853 modo
878 816 1015 852 elixatus
1036 845 1044 860 ,
1063 817 1132 865 post
1149 827 1289 863 quatuor
1310 814 1404 850 horas
1425 827 1492 850 non
1506 813 1608 850 solum
1628 817 1739 851 coeletis

331 872 493 920 apparuit,
510 869 561 904 sed
572 870 673 902 etiam
691 867 775 901 illius
793 864 856 900 ossh
875 868 922 900 ita
939 865 1009 900 sunt
1027 865 1227 908 emollita‚ut
1240 865 1338 900 instar
1352 863 1432 898 casei
1446 863 1543 899 secari
1559 871 1594 902 &
1608 866 1739 901 comedi

333 919 470 969 possent.
501 916 597 954 Piscis
616 915 735 950 eodem
754 914 853 949 modo
868 917 949 948 citra
967 926 1085 961 aquam
1103 916 1135 948 in
1152 915 1333 961 recipiente
1350 912 1507 947 obturato
1519 918 1553 949 δε
1568 918 1602 948 in
1618 913 1739 950 balneo

332 970 450 1005 itidem
465 979 522 1016 per
531 964 701 1000 cochleam
719 962 846 998 occluso
861 964 930 1011 post
943 963 1020 997 duas
1036 963 1130 998 horas
1141 962 1252 997 codrus
1272 961 1333 997 fuit
1349 966 1382 998 δε
1394 960 1514 1009 saporis
1531 964 1651 1011 optimi
1666 976 1741 1000 zea-

333 1018 496 1068 putinstar
509 1016 612 1050 carnis
630 1013 760 1047 comedi
773 1023 904 1060 poterat
920 1025 928 1046 :
946 1010 1053 1046 succus
1071 1015 1139 1058 ejus
1159 1014 1191 1045 in
1203 1011 1382 1059 gelatinam
1398 1022 1611 1046 concreverat
1622 1041 1631 1056 ,
1644 1015 1691 1048 uti
1705 1015 1739 1050 in

333 1068 420 1117 pede
433 1063 572 1101 bubulo.
589 1063 677 1098 Cum
698 1064 797 1097 nimia
815 1061 858 1096 est
869 1060 1002 1096 elixatio
1013 1089 1021 1104 ‚
1037 1072 1112 1094 caro
1123 1062 1288 1109 ingratum
1300 1058 1460 1107 saporem,
1478 1064 1512 1096 &
1529 1072 1741 1110 empyreuma

334 1130 399 1168 prae
411 1115 441 1152 se
457 1115 534 1151 fert.
551 1114 665 1149 Cornu
677 1112 792 1147 itidem
804 1112 897 1146 cervi
909 1110 994 1145 eode
1008 1110 1109 1145 modo
1124 1107 1277 1144 inclusum
1296 1110 1375 1143 citra
1389 1120 1507 1156 aquam
1521 1111 1589 1159 post
1610 1111 1661 1146 sex
1679 1112 1742 1147 ho-

334 1179 383 1202 ras
397 1166 461 1202 fuit
471 1160 736 1204 emollitum,sed
751 1173 921 1210 perparum
939 1159 1017 1194 succi
1028 1172 1067 1194 ex
1082 1172 1122 1193 eo
1135 1158 1199 1194 fuit
1217 1158 1384 1194 eductum.
1406 1159 1452 1193 At
1472 1171 1545 1194 cum
1564 1163 1742 1210 recipienti

333 1229 396 1252 una
410 1228 483 1250 cum
499 1225 583 1261 aqua
595 1241 604 1255 ,
615 1222 684 1259 quae
698 1211 872 1246 interstitia
883 1208 1051 1258 oppleret,
1065 1208 1129 1243 fuit
1144 1206 1332 1257 impositum
1346 1237 1354 1251 ,
1369 1219 1406 1242 ac
1424 1211 1583 1257 recipiens
1609 1211 1742 1259 plenum

335 1264 471 1301 cochlea
488 1263 550 1299 fuit
565 1261 755 1297 obturatum
766 1290 775 1303 ‚
786 1262 862 1297 &in
879 1258 1000 1294 balneo
1018 1270 1075 1307 per
1090 1272 1113 1304 4
1129 1258 1222 1293 horas
1239 1256 1420 1292 demersum
1431 1286 1440 1301 ‚
1460 1269 1560 1294 cornu
1583 1261 1675 1295 instar
1690 1272 1743 1295 ca-

336 1315 380 1352 sei
393 1313 494 1350 molle
508 1315 679 1348 inventum
699 1310 765 1353 est,
781 1315 813 1347 ὅ(
828 1309 936 1344 succus
951 1310 985 1343 in
1004 1307 1131 1343 firmam
1148 1307 1328 1357 gelatinam
1339 1309 1517 1344 concrevit.
1537 1309 1614 1358 Qia
1631 1322 1741 1346 autem

336 1377 405 1400 arte
416 1365 574 1412 recipiens
586 1373 658 1396 cum
676 1359 812 1395 cochlea
823 1361 886 1394 rite
904 1357 1187 1406 aptetur‚dilucide
1206 1356 1346 1403 explicat
1368 1358 1512 1404 Scriptor
1531 1357 1675 1394 laudatus
1704 1361 1738 1395 in

337 1413 494 1450 iconismo
512 1412 623 1447 tertio.
638 1411 746 1457 Atque
756 1409 845 1457 hujus
861 1409 990 1457 generis
1004 1407 1169 1444 machinas
1185 1405 1353 1442 artificiose
1377 1405 1478 1441 factas
1488 1407 1585 1444 nobis
1600 1422 1669 1445 non
1695 1410 1743 1444 ita

339 1465 468 1515 pridem
481 1460 631 1497 exhibuit
644 1460 817 1495 industrius
833 1488 842 1503 ‚
853 1464 887 1495 &
900 1460 1019 1506 peritus
1031 1456 1163 1492 artifex.
1176 1460 1218 1493 D.
1237 1455 1362 1494 Hubin.

376 1516 496 1560 Neque
511 1512 542 1546 id
562 1521 675 1545 verum
693 1508 737 1543 est
749 1509 878 1543 acidum
890 1507 969 1542 illud
990 1507 1188 1542 fermentum
1201 1506 1221 1542 ὸ.
1235 1505 1320 1540 liene
1333 1508 1364 1542 in
1383 1506 1599 1545 ventriculum
1614 1508 1741 1543 deriva-

339 1566 375 1600 ri.
390 1562 486 1600 Nihil
500 1563 587 1598 enim
603 1571 659 1608 per
672 1570 796 1595 venam
806 1557 909 1601 illam,
923 1569 1024 1605 quam
1035 1569 1090 1591 vas
1101 1555 1203 1590 breve
1213 1555 1379 1604 appellant
1390 1587 1399 1601 ,
1410 1560 1444 1593 in
1456 1557 1671 1600 ventriculum
1685 1558 1742 1592 de-

340 1615 413 1649 duci
430 1612 518 1661 leges
529 1609 744 1645 circulationis
757 1606 917 1657 sanguinis
930 1608 1066 1642 omniuo
1085 1604 1287 1654 persuadent.
1307 1608 1398 1642 Nam
1411 1620 1501 1643 venae
1519 1606 1666 1655 splenicae
1689 1619 1739 1640 ra-

339 1665 384 1698 mi
396 1673 510 1697 omnes
524 1662 557 1695 in
571 1670 781 1694 communem
791 1669 882 1692 venae
897 1668 997 1705 portae
1010 1668 1159 1690 truncum
1170 1654 1330 1690 revehunt
1343 1655 1540 1707 sanguinem.
1560 1660 1593 1691 ln
1608 1655 1677 1705 ipso
1691 1658 1746 1691 iti-

340 1724 418 1749 nere
439 1710 575 1759 quidam
591 1707 706 1744 ramuli
727 1719 764 1742 ex
774 1705 959 1742 ventriculo
970 1736 978 1749 ,
993 1711 1026 1743 δ(
1038 1704 1122 1740 liene
1132 1705 1329 1753 prodeuntes
1340 1708 1372 1741 in
1388 1711 1524 1757 majores
1535 1735 1544 1749 ,
1560 1706 1686 1741 ferent
1701 1707 1745 1740 ri-

340 1762 409 1798 vuli
425 1763 458 1796 in
477 1759 591 1796 fluvios
606 1756 791 1792 confluunt:
807 1755 860 1791 sed
877 1755 1000 1791 nullum
1015 1753 1077 1790 else
1087 1767 1143 1802 pet
1158 1753 1230 1788 vasa
1247 1756 1334 1790 inter
1349 1756 1468 1792 lienem
1480 1761 1512 1793 δι
1527 1755 1745 1791 ventriculum

340 1812 575 1848 commercium
591 1837 600 1851 ,
621 1810 770 1842 circuitus
781 1805 950 1855 sanguinis,
965 1811 998 1842 &
1011 1803 1164 1854 oppositae
1178 1803 1313 1839 valvulae
1332 1808 1468 1841 omnino
1480 1807 1643 1840 evincunt.
1657 1806 1747 1839 Hinc

342 1873 437 1896 canes
451 1861 505 1907 qui
517 1857 645 1893 exsecro
656 1856 741 1890 liene
755 1854 860 1889 adhuc
875 1857 1010 1897 vivunt,
1026 1867 1093 1888 non
1120 1855 1224 1888 minus
1239 1852 1307 1888 sunt
1319 1867 1452 1888 voraces
1474 1854 1574 1900 quam
1588 1853 1609 1887 si
1625 1854 1747 1888 lienem

343 1909 686 1954 haberentintegrum.
706 1907 864 1939 Praeterea
879 1902 984 1936 nullus
1000 1901 1105 1936 succus
1121 1901 1227 1935 acidus
1239 1930 1248 1944 ,
1264 1914 1319 1936 aut
1343 1902 1594 1938 melancholicus
1605 1905 1640 1937 in
1658 1902 1746 1938 liene

343 1960 503 2007 reperitur
520 1966 636 2002 ·,atque
650 1956 674 1986 is
690 1952 797 1986 succus
813 1953 951 1985 omnino
967 1951 1012 1984 est
1031 1952 1285 1986 commentitius.
1331 1944 1335 1948 ’

382 2008 446 2042 Sed
458 2036 466 2050 ‚
479 2006 620 2050 inquies,
635 2002 739 2037 nullus
753 2000 909 2050 ejusmodi
924 2000 1029 2034 succus
1041 2001 1073 2034 in
1086 1999 1265 2034 ventriculo
1277 2002 1451 2049 reperitur,
1471 2012 1527 2035 aut
1544 2001 1651 2036 acidus
1667 2031 1677 2045 ,
1693 2013 1747 2038 aut

345 2056 454 2097 salsus,
465 2067 501 2089 ac
514 2053 533 2088 si
546 2054 615 2100 quis
631 2051 686 2093 sit„
701 2063 757 2100 pet
767 2052 898 2085 arterias
914 2061 969 2084 aut
988 2061 1088 2085 venas
1106 2051 1130 2083 is
1146 2047 1277 2086 affertur
1290 2080 1300 2095 ,
1317 2056 1351 2089 ὃς
1372 2052 1512 2086 maxime
1526 2051 1543 2087 ὲ
1561 2049 1645 2086 liene
1657 2081 1667 2095 ,
1688 2054 1747 2100 qui

348 2106 448 2155 vulg'o
459 2104 600 2138 creditur
612 2099 838 2136 melancholiae
857 2099 955 2135 sedes.

380 2150 687 2206 Respffleffiriffinms
700 2150 881 2199 Chymicos
893 2163 959 2185 non
975 2150 1123 2197 ignorare
1138 2147 1288 2195 quaedam
1305 2146 1367 2182 esse
1383 2147 1586 2185 diffolventia
1604 2161 1687 2198 pene
1699 2151 1748 2184 in-

348 2206 446 2256 sipida
459 2223 468 2250 3
481 2204 558 2251 quin
576 2203 673 2236 etiam
684 2199 799 2243 saliva,
814 2212 886 2247 qua:
900 2197 1073 2234 dilsolvens
1094 2197 1136 2231 est
1153 2195 1240 2244 quasi
1258 2196 1439 2232 nniversile
1459 2227 1469 2241 ,
1487 2212 1553 2234 non
1569 2211 1685 2247 expers
1700 2198 1748 2232 est

347 2257 452 2293 omnis
470 2253 648 2295 aciditatis‚
668 2263 742 2285 cum
755 2248 989 2299 hydrargyrum
1004 2247 1111 2289 sistat,
1136 2245 1311 2284 &mamam
1334 2246 1534 2284 farinaceam
1549 2247 1747 2284 fermentet:

352 2317 461 2343 tamen
477 2304 531 2338 vix
539 2300 642 2338 ullum
653 2299 798 2351 saporem
807 2299 936 2335 acidum
951 2311 1014 2348 prae
1031 2296 1061 2332 se
1077 2296 1153 2335 fert.
