1878 2724
429 167 516 200 forte
530 160 727 199 firmamenti
739 157 760 195 Ξι
774 157 870 194 nobis
887 157 1036 196 distantia
1046 188 1057 204 ‚
1071 172 1226 207 quantam
1236 158 1274 194 ad
1287 155 1459 196 libidinem
1470 158 1610 210 fingunt).

465 212 568 261 Quod
584 221 693 245 autern
707 209 846 256 primum
855 207 981 244 mobile
992 209 1034 244 de
1045 209 1157 244 medio
1168 208 1330 245 sublatum
1343 209 1477 254 volunt,
1497 223 1561 245 non
1574 208 1716 248 muitum
1723 220 1821 262 repud

427 272 563 313 gnamus
579 272 587 292 :
608 270 683 292 nam
698 257 730 291 id
747 258 875 306 concipi
887 257 976 298 nulia
993 260 1120 293 ratione
1139 258 1257 307 potest.
1272 261 1341 293 imo
1358 258 1530 307 probabile
1550 259 1597 294 est
1617 263 1727 296 omnia
1739 260 1821 298 fide.

426 315 503 347 deta
520 320 586 343 nno
599 311 632 343 &
648 308 813 342 communi
827 317 919 341 motu
931 305 974 342 ab
991 318 1065 342 ortu
1076 309 1112 343 in
1128 305 1273 343 occasum
1286 307 1362 343 ferri
1373 322 1380 344 :
1391 307 1431 343 fic
1448 320 1560 344 tumen
1579 321 1614 344 ut
1629 308 1819 348 firmimen-

425 372 494 395 tum
512 356 698 399 celerrime,
714 354 790 390 luna
809 352 986 391 tardiffime
1000 367 1189 392 moveatur:
1210 357 1298 392 unde
1324 356 1390 392 haec
1412 357 1510 393 celeri
1524 370 1618 393 motu
1636 359 1678 394 ab
1705 361 1818 398 occasu
1870 390 1872 394 ,

423 412 457 444 in
470 418 578 443 ortum
596 433 607 448 ,
620 405 713 441 stellae
724 403 796 442 fixae
812 403 989 441 zardiffimo
1001 405 1077 441 ferri
1094 406 1284 442 creduntur:
1296 419 1369 441 cum
1384 419 1464 442 unus
1483 406 1519 442 fit
1531 410 1680 444 omnium
1698 421 1816 456 mortu,

424 469 524 505 quern
543 458 576 492 in
583 455 740 503 spirarum
753 454 889 490 modum
909 453 1008 490 sidera
1019 451 1167 491 efficiunt
1179 483 1191 498 ,
1212 468 1248 490 ut
1258 453 1338 490 alibi
1353 455 1528 491 dicendum
1541 458 1594 493 est.

462 505 526 542 Sed
538 506 725 551 ‚inquiune,
742 516 910 553 nunquam
922 515 1032 538 natura
1050 517 1108 553 per
1121 503 1276 554 ambages
1288 517 1442 554 operatur
1459 533 1470 548 ‚
1484 505 1573 553 quod
1599 508 1703 553 paucis
1722 519 1821 556 expe·
1873 503 1878 514 ¹

423 557 491 592 dire
501 555 686 603 potestzcur
700 555 796 603 igitur
804 564 899 594 ,tanta
911 552 1104 603 sphaerarum
1117 553 1268 589 machina
1284 566 1454 589 moveatur
1468 582 1480 597 ,
1497 567 1570 590 cum
1588 566 1626 588 ex
1644 553 1713 591 solo
1724 557 1818 594 tellu-

423 608 464 642 ris
485 616 577 640 rnotu
590 603 690 639 iidem
702 601 937 650 consequantur
951 601 1084 638 effe-stus
1097 605 1218 640 2Term
1231 602 1295 638 sole
1306 609 1341 641 &
1353 603 1449 638 stellis
1458 603 1585 652 indiget
1595 632 1604 647 ‚
1615 615 1681 638 non
1693 604 1738 639 sol
1752 617 1818 641 ter.

416 667 457 695 ,ta
467 668 474 691 :
486 667 545 689 nec
559 651 632 688 solis
641 654 744 701 ignea:
760 657 794 688 δε
816 650 920 687 fluidae
932 663 1053 688 naturae
1069 664 1143 688 curn
1156 663 1250 687 motu
1260 664 1368 688 annuo
1380 651 1468 687 bene
1481 654 1657 689 convenit:
1673 654 1741 688 imo
1755 667 1816 691 nec

415 703 599 744 ‘rotundam
614 700 750 751 figuram
767 703 793 737 is
807 703 891 745 tueri
912 699 1035 750 posset:
1058 700 1110 736 sed
1122 713 1193 735 cum
1210 701 1326 736 coe'um
1343 703 1480 751 trajiciat
1491 700 1675 736 incredibili
1690 702 1815 738 veloci..

422 764 508 795 tate,
521 763 626 800 partes
644 755 710 797 ejus
726 749 859 798 figuram
872 750 1103 799 oblongiorem
1114 755 1148 787 δε
1158 749 1246 784 ovali
1262 749 1396 785 similem
1414 749 1614 786 obtinerent.
1630 751 1692 784 Sed
1707 764 1816 799 neque

420 803 675 851 Tychonianum
686 798 823 848 systema
837 799 923 842 ferre
943 798 1090 848 polsunt:
1106 811 1183 834 cum
1194 801 1230 833 iis
1245 797 1416 834 verisimile
1428 812 1495 834 non
1506 799 1655 834 videatur
1668 803 1816 848 quinque

419 851 625 900 planetarum
636 861 741 885 motus
757 849 777 884 ἐι
787 848 851 885 sole
865 848 1036 900 gubernari
1048 854 1081 887 δε
1095 851 1175 898 regi,
1186 860 1261 884 cum
1273 850 1400 884 terrain
1411 860 1452 884 eo
1469 850 1593 884 vortice
1603 850 1817 898 comprehen-

420 899 453 937 sa
464 911 600 937 maneat
618 896 807 937 immobilis.

412 975 421 978 >
461 952 526 986 His
545 955 577 985 &
586 948 656 983 aliis
666 946 850 996 responderi
861 946 941 982 solet
955 976 965 991 ,
978 945 1084 982 stellas
1097 946 1175 995 ipsas
1185 958 1317 995 propter
1328 947 1371 982 ho
1377 950 1496 983 minem
1506 947 1653 982 conditas
1663 944 1765 992 fuisse,
1776 958 1814 984 ut

419 998 521 1036 essent
533 1000 569 1035 in
579 996 665 1046 sig-na
674 1002 707 1034 Sc
721 1007 888 1045 tempora:
902 997 987 1032 unde
996 1009 1063 1031 non
1073 998 1192 1032 mirum
1203 997 1249 1031 est
1267 995 1359 1032 13³1!ae
1371 998 1478 1045 potius
1493 1008 1701 1038 moveantur,
1713 1009 1812 1044 quam

388 1046 392 1052 ¹
419 1060 506 1085 zerra
516 1077 525 1091 ,
537 1060 608 1094 qnae
623 1058 780 1093 tanquam
793 1057 848 1080 vas
857 1044 1036 1080 coelestibus
1049 1042 1218 1082 influxibus
1230 1046 1425 1093 excipiendis
1441 1046 1484 1081 est
1502 1045 1666 1081 destinati.
1682 1046 1814 1081 Deinde

419 1111 489 1135 non
508 1100 529 1132 ii
542 1096 614 1133 sunt
622 1096 838 1143 Copernicani
855 1097 913 1141 qui
930 1106 1005 1129 cum
1020 1096 1146 1131 Nicaeta
1165 1093 1331 1143 Syracusio
1349 1094 1499 1129 censeant
1512 1092 1611 1128 fidera
1624 1096 1736 1129 omnia
1753 1095 1814 1129 sta·

417 1160 472 1191 re,
490 1157 598 1194 neque
615 1155 732 1193 praeter
746 1155 865 1178 terram
878 1156 949 1178 rem
969 1143 1067 1178 ullam
1092 1146 1227 1180 moveri.
1238 1145 1320 1193 Jam
1338 1141 1499 1179 Cartesius
1517 1153 1567 1177 tot
1581 1145 1719 1178 vortices
1733 1155 1814 1179 con-

418 1196 543 1238 stituit,
561 1205 642 1241 quot
657 1192 728 1228 sunt
752 1191 847 1227 stenae
862 1191 951 1228 fixae:
967 1193 1050 1227 adeo
1068 1203 1104 1227 ut
1122 1192 1166 1227 sol
1197 1199 1230 1230 &
1255 1192 1387 1240 reliquae
1403 1192 1497 1228 stellae
1511 1194 1594 1227 circa
1613 1190 1701 1226 suum
1716 1204 1813 1229 axem

416 1254 641 1291 torqueantur.
661 1241 763 1289 Qod
773 1253 853 1275 vero
862 1242 984 1276 addunt
994 1241 1093 1276 solem
1102 1247 1136 1278 δε
1155 1242 1259 1277 stellas
1274 1253 1340 1276 tam
1353 1241 1503 1277 celeriter
1513 1243 1639 1275 moveri
1656 1254 1722 1276 non
1737 1239 1813 1290 pos-

417 1293 468 1335 se,
484 1297 518 1330 &
532 1290 704 1326 rotundam
723 1291 802 1323 tueri
819 1288 964 1336 figuram:
986 1289 1016 1323 id
1027 1288 1157 1325 fortasse
1172 1303 1284 1325 verum
1298 1289 1376 1324 eiset
1397 1289 1418 1324 fi
1437 1289 1583 1325 medium
1595 1289 1674 1324 illud
1692 1291 1723 1324 in
1743 1303 1811 1337 quo

415 1340 464 1378 sol
482 1351 634 1378 movetur
647 1368 657 1382 ‚
673 1338 904 1385 aliquantulum
921 1337 1096 1382 resisteret,
1120 1350 1174 1373 aut
1191 1338 1213 1373 fi
1235 1338 1278 1374 sol
1302 1339 1368 1387 ipse
1384 1337 1428 1373 sui
1444 1338 1516 1374 toeli
1541 1350 1669 1373 motum
1682 1351 1749 1374 non
1762 1337 1811 1374 se.

416 1402 578 1438 queretur.
598 1388 764 1424 Postremo
779 1399 844 1421 non
861 1386 1024 1422 absurdius
1045 1399 1156 1434 putem
1177 1390 1321 1435 quinque
1335 1387 1483 1436 planetas
1499 1390 1532 1422 in
1552 1386 1726 1435 systemate
1738 1389 1812 1438 Ty.

406 1440 579 1475 *choniano
589 1437 665 1480 *solis
678 1447 805 1481 motum
817 1434 925 1484 sequi,
938 1449 1035 1484 quam
1043 1438 1137 1483 jovis
1146 1465 1156 1479 ‚
1169 1448 1224 1471 aut
1236 1439 1364 1472 Saturni
1372 1435 1526 1472 satellites
1541 1437 1623 1470 circa
1630 1438 1755 1486 Jovem
1772 1443 1809 1475 &

367 1515 371 1519 .
416 1491 590 1529 Saturnum
604 1498 729 1534 gyrare.
767 1485 882 1531 Qare
894 1498 962 1532 quae
977 1485 1130 1520 haetenus
1145 1497 1258 1520 contra
1275 1497 1368 1520 tertae
1387 1498 1510 1521 motum
1523 1495 1579 1519 aut
1595 1489 1742 1531 quietem
1759 1486 1808 1521 al.

415 1537 487 1573 latae
505 1536 576 1571 sunt
593 1537 735 1575 rationes
749 1562 759 1576 ‚
775 1545 845 1567 vim
859 1534 1171 1577 demonstrationum
1187 1546 1252 1568 non
1268 1533 1402 1570 habent.
1430 1536 1529 1571 Nunc
1554 1533 1720 1568 videamus
1744 1536 1809 1570 utri

414 1587 564 1634 opinioni
583 1576 819 1622 Astionomicae
844 1581 1088 1619 observationes
1111 1587 1146 1621 δε
1159 1582 1374 1632 phaenomena
1387 1585 1492 1634 magis
1511 1581 1657 1621 faveant.
1680 1584 1729 1618 Sit
1743 1584 1807 1626 ita-2

413 1647 481 1685 que
939 1682 1087 1718 Secunda
1106 1680 1278 1728 Conclusio.

445 1782 594 1830 Systema
606 1782 858 1821 'rvchonianum
866 1779 1065 1818 verisimilius
1078 1779 1205 1814 videtur
1213 1807 1224 1821 ,
1239 1778 1589 1824 licetcopernicanum
1598 1790 1633 1814 ut
1640 1780 1806 1828 'hypothess

407 1830 449 1867 ,sis
463 1831 596 1866 defendi
613 1829 718 1880 poffit.

445 1882 520 1915 Pars
537 1882 623 1928 prior
639 1877 848 1914 conclusionis
868 1878 944 1913 hinc
963 1875 1122 1926 probatur
1132 1907 1142 1922 ‚
1156 1877 1242 1925 quod
1258 1876 1296 1912 sit
1310 1876 1401 1912 velut
1417 1879 1598 1913 communis
1614 1880 1707 1913 notio
1721 1887 1798 1915 om.·

412 1931 503 1965 nium
514 1927 755 1971 animisinfixa,
774 1940 892 1963 terram
906 1927 1008 1969 stare,
1025 1925 1124 1962 solem
1146 1929 1274 1962 moveri
1286 1943 1295 1969 ;
1306 1926 1395 1973 quod
1411 1925 1562 1961 omnibus
1578 1927 1802 1976 phaenornenis

412 1978 557 2025 Systema
569 1977 821 2026 Tychonianum
837 1975 1008 2010 satisfaciat
1019 2005 1028 2019 ,
1040 1988 1075 2011 ut
1088 1989 1124 2010 ex
1136 1976 1279 2011 dicendis
1292 1974 1350 2011 fiet
1360 1974 1567 2010 manifestum
1580 1993 1589 2020 3
1603 1976 1691 2023 quod
1706 1977 1802 2012 deni-

410 2038 476 2073 que
493 2026 624 2065 in‘hanc
643 2038 770 2073 partem
787 2024 879 2060 sacrae
896 2025 1258 2073 Scriptnraeauthoritas
1280 2023 1420 2065 multum
1438 2026 1653 2072 propendeat.
1683 2024 1802 2067 Terra,

412 2077 520 2123 inquit
538 2073 731 2110 Ecclefiastes
744 2103 754 2118 ‚
765 2076 797 2107 in
814 2085 962 2107 aeternum
976 2073 1039 2117 siat
1053 2075 1110 2120 ,fhl
1125 2077 1227 2108 oritur
1239 2072 1278 2109 (ῥ’
1292 2072 1405 2108 occidit
1416 2100 1425 2111 ,
1441 2078 1475 2109 &
1494 2071 1525 2108 in
1546 2072 1735 2124 libroJosue
1745 2073 1798 2117 [ὀὶ

411 2131 522 2159 contra
535 2123 667 2166 Gabqqn
682 2136 722 2158 ne
742 2125 919 2165 movearis,
930 2121 1135 2169 stetitque-sol
1146 2124 1179 2156 in
1192 2123 1296 2158 medio
1314 2121 1392 2156 coeli.
1409 2123 1509 2157 Hinc
1527 2121 1640 2168 psaltes
1661 2122 1797 2170 Regius,

410 2173 480 2219 Q?
501 2171 648 2217 fundasti
670 2183 791 2208 terram
808 2173 908 2221 fhper
922 2169 1134 2214 stabilitatem
1155 2174 1271 2220 fitam,
1292 2183 1353 2206 non
1373 2169 1583 2206 inclinabitur
1603 2172 1636 2204 in
1648 2170 1796 2215 ficulum

399 2223 518 2270 saculi.
653 2259 656 2262 ,

443 2270 542 2320 ⁴Quid
563 2269 776 2319 respondeant
786 2269 1005 2317 Copernicani
1017 2298 1028 2313 ‚
1050 2283 1117 2306 non
1130 2272 1257 2318 ignoro.
1269 2277 1300 2304 ιΟ
1315 2270 1444 2304 Sacram
1458 2268 1653 2314 Scripturam
1668 2266 1708 2301 ad
1722 2267 1797 2302 vul-'

409 2322 441 2369 gi
455 2332 583 2367 captum
594 2319 623 2355 se
641 2319 887 2362 accommodare
903 2333 910 2353 :
925 2317 1038 2365 vulgus
1050 2321 1136 2353 enim
1147 2317 1286 2355 sensnum
1295 2317 1479 2366 praejudicia
1489 2317 1625 2350 omnino
1642 2314 1794 2363 sequitur:

401 2369 575 2412 ,undelnon
592 2368 670 2417 quid
682 2368 727 2424 sit
740 2395 754 2415 ,
765 2368 817 2408 sed
831 2366 909 2418 quid
930 2367 1116 2404 hominibus
1131 2368 1301 2412 videatur,
1312 2366 1414 2403 ‘docet
1436 2364 1589 2413 scriptura
1604 2379 1613 2403 ε
1633 2377 1707 2401 cum
1722 2364 1795 2406 1119

563 2463 573 2477 k
