1878 2724
505 133 529 171 P
546 135 575 170 A
594 133 628 171 R
645 136 667 170 S
703 137 734 172 T
755 135 779 171 E
800 135 834 171 R
851 134 883 172 T
903 136 917 169 l
939 136 979 172 A.
1418 155 1438 176 o

64 181 126 218 Bus
150 180 311 219 distinctas
329 183 414 217 vires
433 181 621 228 tribuimus,
644 183 710 233 ipsa
738 187 943 233 imaginatrix
965 195 1034 219 non
1054 181 1277 232 una'quidem
1299 155 1455 233 facultgsf

63 231 116 266 sed
128 234 256 269 varia&
267 231 434 280 multiplex
444 232 550 268 futura
561 234 618 270 est.
648 236 726 268 Sunt
739 236 826 269 enim
852 236 909 281 qui
929 245 979 268 res
994 231 1036 266 ab
1055 233 1124 267 aliis
1138 234 1268 269 traditas
1284 235 1451 281 distinste,

64 279 202 317 &facile
211 293 285 329 perc
300 283 394 329 piunt
410 295 418 316 z
438 281 491 316 sed
505 281 605 317 sterili
619 282 832 330 suntingenio
842 310 853 325 ,
868 283 1111 328 necquicquam
1126 294 1164 316 ex
1181 282 1210 317 se
1227 287 1371 331 gignunt.
1384 287 1450 322 Alii

63 330 180 377 magna
195 332 313 377 ingenii
331 329 497 365 celeritate
511 342 577 365 tum
595 332 633 365 ad
649 331 900 374 inveniendum,
920 342 986 364 tum
1014 331 1054 364 ad
1074 333 1317 379 percipiendum
1330 335 1452 370 donan-

64 387 131 412 tur:
150 375 201 412 sed
213 378 293 413 nihil
307 379 456 414 ordinate
467 408 476 421 ,
489 379 726 415 nihildistinete
743 378 930 415 moliuntur:
941 378 1142 414 confundunt
1153 383 1273 425 omnia,
1284 394 1344 417 nec
1358 386 1449 431 quic-

62 437 159 474 quam
176 425 231 461 suo
244 427 318 461 loco
329 439 500 476 reponunt-

58 495 61 498 ·
97 475 196 520 Qod
208 474 229 510 fi
241 475 322 510 velis
332 488 415 511 artes
432 487 544 511 omnes
556 478 665 511 animo
679 476 811 511 lustrare
823 506 832 520 ,
846 488 914 512 tum
924 478 1055 512 demum
1069 477 1240 526 cognosces
1251 476 1382 527 lingulas
1398 481 1449 515 fe,

62 534 95 557 re
108 526 268 573 propriam
279 523 388 566 fibi,&
401 526 684 560 accommodatam
697 528 764 560 vim
773 528 1028 574 imaginatricem
1043 529 1213 562 vindicare.
1228 530 1348 575 Neque
1363 532 1451 565 enim

61 570 82 607 fi
99 574 172 620 quis
187 573 227 607 ad
242 573 483 608 mathematicas
493 572 529 608 fit
541 573 560 609 a
571 585 682 610 natura
691 586 891 622 comparatus
902 603 912 618 ,
931 575 1017 609 idem
1030 577 1070 610 ad
1087 576 1238 611 medendi
1249 588 1351 613 artem
1364 607 1376 621 ,
1395 578 1449 612 vel

60 620 102 655 ad
115 621 403 669 eloquentiam,vel
414 624 455 657 ad
473 622 656 671 po'efim,vel
669 623 800 658 demum
810 624 850 658 ad
861 623 1027 672 politicam
1043 626 1105 658 erit
1117 625 1315 660 idoneus-An
1326 625 1449 661 necesse

61 669 106 704 est
121 671 190 705 vim
204 672 459 719 imaginatricem
474 674 506 706 in
523 682 573 707 tot
587 669 689 706 secare
703 671 972 719 facultates,quod
992 685 1058 708 non
1071 674 1185 707 eadem
1195 672 1230 707 fit
1244 686 1276 708 in
1288 674 1449 719 omnibus,

60 720 150 766 quod
163 730 228 754 tam
249 719 364 754 multas
379 731 487 755 exerat
503 720 705 757 funetiones÷
721 723 773 756 An
781 719 865 756 vero
878 722 962 757 hanc
979 720 1193 756 diversitatem
1202 735 1240 757 ex
1253 725 1349 757 variis
1362 724 1449 759 calo-

60 769 102 801 ris
116 768 265 816 gradibus
282 781 462 817 repetemus
475 779 485 804 Ξ
496 769 574 817 jam
588 772 660 817 quis
680 769 752 806 illos
769 771 882 818 gradus
903 771 1087 805 tamexaste
1097 771 1302 814 dimetietur,
1320 785 1356 807 ur
1374 775 1447 820 quis

59 818 176 863 cuique
185 817 347 852 funffioni
364 847 374 861 ,
399 818 450 853 vel
462 820 524 852 arti
536 820 710 854 conveniat
725 847 736 861 ,
753 820 927 853 decernere
941 819 1067 853 audeat.
1098 821 1172 855 Nec
1189 833 1241 855 me
1259 819 1344 869 fugit
1357 834 1448 858 com-—

57 863 162 913 plures
173 866 315 900 medicos
330 868 534 915 ingeniorum
548 868 642 902 dotes
659 868 698 901 ad
710 867 903 914 qualitatum
917 868 1063 902 stateram
1076 870 1223 916 exigere,
1238 880 1337 915 atque
1347 872 1373 904 is
1389 883 1447 906 au-

59 912 152 956 thor,
167 926 267 962 quem
287 914 486 950 laudavimus
500 943 511 959 ,
525 916 557 949 in
569 927 608 950 eo
621 927 707 950 totus
721 916 782 958 est,
806 926 841 949 ut
858 917 986 963 ingenia
1002 919 1263 964 temperamentis
1276 920 1446 964 metiatur,

56 962 153 1010 idque
162 965 298 999 omnino
307 963 510 999 neceffiirium
523 975 630 1012 putat,
644 976 679 999 ut
688 969 753 1013 ejus
778 976 848 1012 quae
866 976 1036 1011 exuperat,
1058 965 1223 1012 qualitatis
1237 968 1304 1002 vim
1314 996 1324 1010 ,
1338 973 1372 1004 ὅ(
1388 981 1445 1005 ηε,

59 1021 161 1046 turam
173 1012 308 1047 facultas
325 1025 465 1060 quaeque
476 1012 686 1061 consequatur
697 1028 704 1049 :
717 1014 800 1047 adeo
815 1024 849 1047 ut
859 1012 1000 1048 calorem
1010 1016 1198 1061 imaginatio
1207 1043 1216 1058 ,
1228 1016 1382 1062 judicium
1392 1016 1446 1052 fic-

56 1061 192 1096 citatem
204 1088 210 1097 .
221 1067 254 1098 &
264 1063 420 1096 memoria
433 1061 662 1096 humiditatem
674 1061 812 1110 postulet
834 1077 843 1105 3
869 1073 1006 1109 cumque
1023 1063 1160 1109 qualitas
1180 1076 1243 1098 una
1256 1076 1317 1111 prae
1326 1067 1445 1100 caeteris

56 1108 243 1144 dominatur
251 1138 262 1154 ‚
276 1112 324 1144 vis
335 1122 464 1158 quoque
473 1112 594 1158 ingenii
604 1110 678 1144 huic
685 1110 931 1145 accommodata
941 1123 1002 1159 prae
1012 1113 1134 1146 caeteris
1143 1113 1283 1147 maxime
1292 1115 1444 1159 emineat,

57 1160 262 1204 &quantum
280 1161 335 1194 uni
347 1160 521 1205 adjeceris,
536 1170 663 1194 tantum
684 1159 752 1193 aliis
770 1158 930 1195 detrahas.
1010 1198 1014 1202 .

87 1205 212 1242 Verum
229 1208 285 1242 ista
302 1205 426 1255 possunt
442 1207 598 1256 exemplis
615 1236 625 1250 ‚
647 1213 682 1245 &
694 1209 819 1242 ratione
827 1206 946 1242 refelli.
966 1209 1055 1243 Nam
1073 1202 1158 1243 bene
1169 1208 1288 1244 multos
1299 1210 1444 1257 proferre

56 1254 177 1303 postem
187 1284 196 1299 ,
211 1258 244 1291 in
257 1255 372 1303 quibus
383 1257 569 1290 acerrimum
580 1256 734 1302 judicium
749 1268 820 1291 cum
840 1255 1007 1290 celerrima
1018 1257 1252 1305 imaginatione
1262 1287 1272 1301 ,
1293 1264 1326 1296 &
1337 1261 1442 1295 incre-

56 1303 150 1338 dibili
159 1308 315 1339 memoria
327 1306 537 1353 conjungitur.
554 1305 690 1352 Qique
702 1316 769 1340 tam
780 1305 914 1353 angustis
927 1306 1072 1340 terminis
1090 1307 1236 1341 animum
1253 1307 1443 1344 circumscri-

55 1350 154 1396 bu‘nt,
179 1362 233 1389 aut
242 1357 308 1402 ejus
326 1352 495 1388 facultates
507 1366 549 1389 ex
559 1353 753 1400 qualitatum
767 1356 925 1402 temperie
936 1354 1008 1389 duci
1020 1365 1134 1402 putant
1143 1383 1154 1398 ‚
1166 1353 1310 1391 nonsatis
1326 1358 1443 1393 viden-

56 1411 106 1437 tut
114 1403 285 1437 attendere
296 1431 306 1445 ,
324 1414 395 1450 quae
407 1400 443 1436 fit
454 1401 584 1438 humani
597 1404 774 1451 ingeniivis
792 1431 803 1446 ,
818 1415 888 1450 quae
904 1414 1029 1438 natura.
1052 1405 1174 1450 Magna
1189 1404 1323 1452 quidem
1336 1406 1380 1441 est
1394 1410 1441 1442 vis

57 1453 304 1499 temperamenti
318 1465 326 1486 ε
338 1451 391 1487 sed
405 1461 574 1500 perperam
585 1463 624 1486 ex
643 1464 684 1485 eo
695 1451 761 1487 solo
773 1454 894 1500 ingenii
907 1453 1013 1500 vigor,
1030 1452 1192 1495 industria,
1210 1452 1355 1489 celeritas
1371 1456 1443 1491 col-

55 1497 176 1547 ligitur.
206 1501 300 1548 Qot
308 1498 428 1536 amabo
447 1498 501 1535 vel
510 1502 543 1535 in
554 1499 649 1535 rebus
660 1502 726 1536 vita
736 1500 894 1535 destitutis
906 1503 990 1535 vires
1008 1512 1176 1536 occurrunt
1185 1529 1197 1545 ,
1208 1514 1278 1549 quae
1287 1516 1353 1539 non
1366 1505 1440 1553 pos-

55 1545 127 1584 sunt
142 1549 183 1584 ad
192 1561 315 1584 certam
326 1549 564 1584 elementorum
581 1549 740 1584 misturam
753 1551 909 1585 revocari.
1121 1592 1123 1594 ,

94 1596 175 1633 Illud
187 1598 322 1646 quidem
335 1595 485 1633 assentior
497 1625 507 1640 ,
519 1599 661 1633 animam
683 1609 734 1632 eas
752 1597 925 1645 qualitates
947 1599 980 1632 in
1003 1597 1090 1634 usum
1107 1597 1194 1634 suum
1213 1598 1388 1636 adhibere:
1405 1613 1439 1637 at

53 1648 213 1695 praecipua
225 1646 307 1681 illius
321 1646 382 1682 effe
394 1658 515 1695 organa
543 1657 659 1681 vereor
678 1657 715 1681 ut
725 1645 837 1694 poffim
849 1646 1037 1681 concedere.
1060 1646 1214 1684 Nihil-ne
1228 1648 1354 1684 cerebri
1366 1650 1441 1686 stru.

56 1697 145 1731 stura
156 1698 315 1744 ,partium
324 1695 564 1738 conformatio,
578 1694 743 1744 spirituum
764 1694 952 1731 animalium
964 1694 1131 1743 splendor,
1148 1708 1205 1732 aut
1224 1696 1382 1733 subtilitas
1397 1701 1439 1735 ad

55 1746 313 1793 imaginationis,
321 1744 432 1793 judicii
443 1772 453 1787 ,
467 1745 677 1781 &memoriae
693 1756 792 1792 opera
803 1744 977 1779 conferunt
993 1755 1002 1780 Ξ
1026 1747 1100 1781 Nec
1122 1758 1173 1780 me
1184 1745 1264 1780 latet
1282 1747 1383 1782 multa
1398 1760 1439 1783 ex

54 1800 314 1841 temperamento
325 1793 480 1836 existere,
498 1805 567 1840 quae
591 1794 758 1839 ingenium
775 1804 913 1836 acuant,
933 1792 1034 1828 multa
1055 1805 1125 1840 quae
1152 1793 1349 1831 obtundant.
1376 1794 1440 1831 Sed

54 1842 133 1890 quid
144 1843 392 1891 temperamenti
402 1844 533 1877 nomine
543 1841 746 1890 intelligant,
763 1842 906 1877 necdum
917 1840 986 1876 satis
999 1841 1112 1890 liquet.
1132 1844 1183 1879 An
1194 1846 1334 1891 partium
1349 1857 1440 1880 com-

52 1889 170 1939 positio
179 1920 190 1935 ‚
202 1903 257 1926 aut
270 1903 356 1926 certa
377 1891 545 1926 humorum
559 1891 744 1939 complexio
757 1890 819 1926 hoc
830 1892 962 1926 nomine
978 1891 1285 1939 comprehenditur?
1305 1896 1440 1942 Negant

54 1942 79 1974 ii
87 1940 218 1986 quidem
231 1952 382 1988 magnam
393 1941 632 1988 imaginationis
644 1941 711 1974 vim
728 1952 802 1974 cum
817 1939 998 1975 intellectus
1009 1951 1065 1975 aut
1069 1940 1179 1988 judicii
1191 1941 1334 1988 pondere
1344 1955 1441 1991 repe..

53 1989 120 2033 riri.
142 1987 235 2032 Qid
245 1999 322 2035 ergo
331 2016 341 2031 ,
359 2000 400 2022 an
410 1987 690 2024 forteintellefius
700 1988 836 2023 definiet
845 2017 855 2032 ,
866 1987 1022 2036 judicabit
1033 2017 1043 2032 ,
1052 1988 1185 2037 colliget
1195 2018 1205 2033 ,
1220 1992 1309 2036 quod
1322 1993 1440 2041 imagi-

54 2037 146 2072 natio
157 2048 224 2071 non
240 2037 315 2071 ante
324 2037 508 2084 conceperit
521 2045 531 2071 2
544 2036 644 2082 Qod
655 2035 828 2071 siturbidas
838 2065 848 2080 ‚
866 2042 899 2073 &
910 2036 995 2071 male
1010 2039 1194 2085 comparitas
1209 2038 1305 2074 cudat
1324 2043 1438 2089 imagi.

54 2097 113 2121 nes
123 2113 133 2128 ‚
148 2096 259 2120 nonne
275 2089 308 2121 ὅ(
321 2095 418 2133 prava
426 2084 542 2132 judicia
554 2089 607 2127 ‚&
617 2084 755 2119 distortae
767 2087 1059 2133 argumentationes
1073 2086 1309 2134 consequentur
1322 2098 1331 2123 3
1345 2089 1438 2124 Con-

55 2144 104 2168 tra
115 2132 171 2168 ubi
181 2131 315 2181 fimplex
331 2134 378 2167 rei
387 2134 553 2182 perceptio
564 2132 646 2168 clara
656 2138 688 2171 δε
700 2133 864 2182 perspicua
877 2132 1169 2179 fuerit,intelle6tus
1181 2137 1242 2171 rite
1257 2135 1438 2182 definiet,&

56 2180 144 2220 bene
164 2181 333 2230 judicabit.
1445 2204 1448 2205 ν

57 2250 62 2253 -
102 2232 150 2266 At
160 2233 247 2268 enim
257 2231 483 2280 imaginatricis
494 2232 588 2280 vigor
604 2230 710 2266 calore
721 2231 897 2280 perficitur,
908 2235 962 2281 qui
971 2233 1091 2283 judicio
1102 2231 1209 2276 obest,
1220 2244 1257 2268 ut
1267 2235 1321 2280 qui
1334 2238 1438 2271 maxis'

56 2291 117 2315 me.
137 2279 236 2316 Calor
252 2281 385 2327 quidem
399 2280 582 2316 dominetur
591 2278 716 2315 necesse
727 2281 772 2315 est
785 2310 795 2324 ‚
815 2282 866 2317 sed
879 2283 1064 2318 moderatus
1075 2311 1085 2325 ,
1101 2295 1166 2317 non
1177 2283 1289 2330 igneus
1305 2296 1314 2318 z
1332 2282 1437 2319 humi-

57 2327 139 2363 ditas
148 2341 281 2376 quoque
291 2342 358 2365 uon
370 2327 453 2365 fluxa
464 2357 475 2372 ,
490 2334 525 2367 δι
535 2326 662 2372 labilis,
678 2328 730 2364 sed
744 2330 852 2366 oleosa
863 2361 872 2375 ‚
891 2342 1029 2379 quaeque
1051 2343 1124 2365 curn
1143 2331 1314 2376 moderato
1328 2332 1435 2368 calore

58 2374 345 2463 fitcffljuss‘ffa’ff
357 2380 557 2428 jrnemoriam
578 2379 750 2427 requiritur
769 2392 778 2416 π
798 2392 858 2418 nec
872 2380 972 2420 video
995 2391 1048 2416 cur
1060 2378 1373 2464 ιαηῑᾳηιςίῐίςίςίιειιεη]
1392 2380 1434 2417 ad

234 2439 292 2466 om,
343 2451 351 2461 0
