1878 2724
432 154 488 187 354
730 135 1018 174 PHYSICAE
1063 136 1205 172 PARS
1241 136 1553 173 SECUNDA.

426 202 465 224 ex
475 188 636 223 bitumine
652 186 845 234 plerumque
866 183 1039 233 proficisci:
1064 185 1150 219 unde
1165 188 1197 219 in
1213 187 1293 219 mari
1307 186 1395 232 quod
1412 184 1510 234 vulgo
1524 185 1701 219 Marmora
1718 187 1817 221 voci.

404 273 406 275 ,
426 249 497 272 tant
514 265 523 278 ‚
548 235 716 270 bituminis
728 233 784 269 fila
800 237 831 269 in
845 233 930 282 spira:
942 234 1074 269 modum
1085 244 1234 268 contorta
1247 232 1435 269 observavit
1445 235 1516 276 ,his
1528 236 1663 269 omuino
1673 233 1818 268 confinii-

427 286 470 320 lia
487 296 558 331 quae
578 286 611 317 in
628 282 722 318 fonte
740 281 937 318 bituminoso
952 285 986 318 in
1018 282 1115 317 insula
1129 282 1302 329 Zacyntho
1317 311 1327 325 ‚
1351 296 1381 317 v.
1396 284 1503 316 Zante
1520 283 1608 318 dieta
1629 282 1815 331 paulatim&

425 334 528 369 fundo
543 343 710 379 erumpere
724 359 733 374 ‚
754 334 831 368 &in
842 331 991 367 bitumen
1006 333 1087 366 vidit
1098 329 1311 367 concrescere.
1328 333 1402 366 Nec
1418 330 1552 365 dubium
1571 331 1671 366 ullum
1686 328 1746 366 effe
1754 344 1817 379 po-

428 382 503 424 test,
522 383 601 428 quin
615 393 653 415 ex
663 379 794 429 rupibus
814 383 847 416 in
858 381 968 416 medio
986 382 1065 415 mari
1076 378 1213 427 dispersis
1224 408 1234 423 ,
1250 380 1281 413 id
1296 392 1392 428 genus
1409 378 1576 414 bituminis
1584 379 1698 428 passim
1713 392 1817 416 erum..

426 430 586 479 pat‚quod
594 442 773 464 amatorem
787 429 880 465 illum
898 441 1058 478 procreet3
1072 430 1157 463 unde
1170 434 1202 465 &
1214 429 1337 476 pondus
1349 441 1439 476 aquae
1450 429 1577 463 marinae
1588 429 1691 476 potest
1706 429 1817 464 immi..

427 491 537 516 nuere.
549 480 639 513 Hinc
654 481 753 513 etiam
768 478 804 514 fit
825 491 861 514 ut
872 490 996 513 tantam
1010 480 1202 513 varietatem
1215 479 1250 511 in
1261 478 1406 526 pondere
1420 489 1511 524 aquae
1524 480 1652 512 marinae
1668 488 1817 525 expertus

426 528 532 564 fuerit.
545 530 632 563 Nam
644 527 710 562 usus
726 529 770 563 est
784 541 824 563 eo
834 527 1051 563 instrumento
1061 527 1150 574 quod
1162 526 1322 573 liquorum
1337 525 1532 574 ponderibus
1543 526 1745 574 explorandis
1754 526 1817 560 ad-

425 576 741 623 hiberisolet.Estque
749 576 891 626 ampulla
905 579 1003 611 vitrea
1013 575 1136 624 oblogo
1149 575 1236 610 collo
1248 576 1444 618 instruffajn
1456 587 1560 623 partes
1571 573 1706 621 aequales
1718 574 1819 610 diviso

410 663 412 665 ,
427 629 466 662 In
476 626 578 661 fundo
588 626 736 674 ampullae
750 632 833 675 jacet
845 625 1060 675 hydrargyrus
1072 630 1157 671 cujus
1169 624 1314 673 pondere
1325 623 1467 671 ampulla
1478 624 1540 659 stat
1550 626 1656 659 erecta
1669 625 1701 658 in
1715 622 1821 671 liquo.

427 687 462 710 re
473 704 483 718 ,
501 681 533 712 &
545 675 585 711 eo
599 675 694 710 altius
718 676 909 722 deprimitur
921 703 931 718 ‚
945 674 1013 721 quo
1026 674 1133 721 liquor
1147 672 1351 708 circumfusus
1365 673 1468 707 levior
1484 672 1543 708 est.
1567 673 1679 720 Qare
1698 671 1718 706 fi
1735 674 1819 707 intra

427 737 545 772 aquam
555 736 666 773 puram
679 753 689 768 ,
704 724 896 760 utfluminis
911 722 1058 758 immersa
1068 722 1209 771 ampulla
1221 723 1432 771 hydrostatica
1448 721 1488 755 ad
1499 733 1623 756 certum
1634 720 1732 768 usque
1748 733 1822 770 gra-

426 775 505 808 dum
522 774 721 822 deprimatur
739 803 748 818 ‚
759 785 836 822 puta
845 773 885 807 ad
900 771 1091 820 trigesimum
1107 800 1116 814 ‚
1134 774 1214 807 utin
1233 771 1358 818 liquore
1373 772 1521 819 graviore
1541 770 1743 806 tantumdem
1761 773 1821 805 im-

426 834 590 871 mergatur
605 852 615 866 ,
641 835 740 871 grana
749 834 867 871 cuprea
879 821 1006 856 orificio
1020 821 1170 869 ampullae
1186 822 1392 867 adjiciuntur,
1410 830 1509 866 atque
1520 831 1558 853 ea
1571 820 1699 854 ratione
1716 831 1822 866 quan-

426 881 497 906 tum
518 871 650 919 quisque
664 871 771 918 liquor
789 871 892 905 altero
909 869 945 904 fit
961 872 1090 918 gravior
1100 868 1326 917 dignoscimuS.
1347 868 1405 903 llle
1423 870 1454 903 in
1477 867 1616 916 ampulla
1631 866 1822 916 plumbum,

428 933 486 956 nos
502 921 736 968 hydrargyrum
754 922 962 968 imponimus:
978 917 1036 952 Ille
1056 925 1129 963 1776
1144 930 1244 966 grana
1255 919 1407 952 Venetici
1420 918 1571 964 ponderis
1581 915 1744 964 imposuit,
1761 916 1821 951 hu-

410 1004 414 1009 l
429 975 476 1018 jus
489 982 552 1018 ope
566 970 746 1017 exploravit
755 969 879 1016 pondus
892 981 981 1015 aquae
999 969 1127 1002 marinae
1139 969 1171 1001 in
1187 965 1401 1015 Archipelago
1415 967 1432 1001 ὲ
1444 967 1575 1014 regione
1590 968 1733 1009 Smirnae,
1754 976 1822 1000 tuin

413 1021 460 1054 Ain
469 1021 549 1052 mari
559 1020 664 1066 nigro,
678 1018 759 1053 hanc
768 1019 894 1052 invenit
911 1017 1073 1051 leviorem
1088 1031 1122 1061 29
1133 1027 1220 1065 gran.
1239 1027 1294 1050 aut
1311 1016 1437 1049 circiter
1452 1025 1459 1047 :
1473 1026 1571 1062 grana
1581 1016 1701 1062 quippe
1718 1014 1819 1048 adde..

413 1067 544 1103 ¹bantur
556 1070 597 1113 85.
609 1077 664 1101 aut
675 1068 800 1101 circiter
814 1068 845 1101 in
861 1065 1077 1113 Archipelago
1095 1081 1104 1107 ;
1117 1067 1148 1099 in
1161 1066 1241 1098 mari
1250 1066 1343 1112 nigro
1358 1071 1401 1111 56.
1415 1067 1451 1098 ln
1460 1062 1527 1111 ipso
1539 1063 1642 1097 canali
1659 1062 1818 1098 Constan-

411 1115 611 1163 -tinopoleos
626 1115 748 1162 pondus
762 1113 1016 1150 imminuebatur
1027 1113 1046 1148 a
1066 1115 1104 1157 69
1118 1113 1157 1147 ad
1174 1120 1219 1157 46
1230 1141 1239 1156 ‚
1266 1124 1300 1147 ut
1314 1124 1398 1159 aqua
1414 1111 1516 1146 dulcis
1533 1111 1550 1146 ὲ
1566 1110 1673 1146 fluviis
1686 1109 1817 1146 uberior

427 1165 470 1199 est
481 1175 534 1199 aut
545 1166 670 1212 parcior
686 1178 694 1199 ε
714 1176 790 1198 nam
803 1175 840 1198 ea
852 1164 894 1198 est
907 1165 1063 1211 praecipua
1079 1161 1166 1196 causa
1178 1174 1230 1197 cur
1250 1173 1333 1209 aqua
1344 1163 1440 1195 maris
1459 1161 1616 1196 Adriatici
1639 1172 1739 1208 prope
1750 1164 1817 1196 Ve-

416 1215 530 1249 ,netias
541 1242 550 1256 ,
562 1214 638 1249 &in
652 1212 866 1260 Archipelago
876 1212 972 1260 longe
991 1211 1026 1245 fir
1037 1213 1167 1259 gravior
1186 1223 1270 1257 aqua
1291 1212 1387 1245 maris
1405 1212 1489 1258 nigri
1506 1220 1559 1244 aut
1572 1211 1667 1244 Ponti
1684 1212 1794 1244 Euxini
1807 1237 1818 1252 ,

427 1267 463 1298 δε
474 1261 579 1297 multo
587 1260 690 1295 adhuc
707 1263 837 1309 gravior
848 1260 947 1307 quam
959 1272 1041 1307 aqua
1058 1258 1213 1306 Bosphori
1223 1259 1365 1301 Thracii,
1379 1258 1430 1292 seu
1440 1258 1557 1293 canalis
1571 1257 1821 1304 Byzantini‚flu-

417 1313 556 1345 -viorum
569 1311 720 1344 nimirum
733 1308 865 1344 affluxus
878 1337 888 1352 ‚
903 1308 955 1343 seu
972 1320 1054 1355 aqua
1069 1307 1169 1342 dulcis
1189 1307 1321 1342 uberior
1334 1306 1475 1341 :tametsi
1484 1307 1629 1341 admistio
1641 1306 1819 1351 bituminis,

430 1371 486 1394 aut
500 1357 655 1405 sulphuris
673 1357 818 1393 nonnihil
830 1358 870 1391 ad
888 1358 971 1392 hanc
988 1369 1056 1390 rem
1067 1359 1226 1391 momenti
1247 1356 1360 1391 afferre
1376 1354 1479 1402 poffit.

477 1407 560 1442 Illud
577 1420 708 1454 quoque
718 1420 797 1441 vero
806 1409 987 1455 proximum
1001 1405 1192 1439 crediderim
1203 1433 1212 1447 ,
1225 1405 1313 1452 quod
1326 1404 1406 1438 olim
1422 1407 1464 1451 D.
1477 1405 1520 1438 dn
1546 1405 1625 1439 Clos
1639 1406 1671 1439 in
1692 1405 1818 1439 Acade-

418 1461 499 1495 ,mia
507 1458 611 1503 Regia
624 1456 829 1498 observavit,
848 1467 966 1503 aquam
985 1456 1142 1489 marinam
1160 1454 1278 1501 duplici
1296 1452 1492 1501 potissimum
1506 1452 1568 1490 sale
1588 1454 1738 1488 constare.
1750 1457 1819 1489 Pri-

432 1519 502 1544 rnus
520 1505 703 1553 sulphureus
715 1504 963 1552 quodammodo
975 1504 1038 1537 dici
1053 1503 1174 1551 potest,
1196 1503 1284 1550 quod
1296 1505 1396 1536 acrior
1410 1502 1444 1537 sit
1454 1532 1464 1546 ,
1482 1508 1514 1539 &
1527 1502 1664 1537 multum
1680 1502 1720 1535 de
1734 1504 1816 1547 ignis

433 1567 548 1592 natura
562 1555 753 1602 participet:
768 1553 852 1589 unde
862 1566 934 1589 cum
944 1551 1006 1588 sale
1022 1553 1147 1594 tartari,
1164 1551 1273 1588 &aliis
1293 1550 1381 1599 hujus
1403 1553 1532 1600 generis
1551 1562 1699 1599 magnam
1718 1545 1818 1585 habet

420 1605 674 1653 cognationem.
687 1605 794 1650 Atque
814 1606 839 1637 is
853 1605 886 1637 iu
897 1601 958 1636 sale
971 1600 1092 1648 vulgari
1102 1600 1255 1647 plurimus
1271 1600 1317 1633 est
1328 1629 1335 1641 ‚
1347 1602 1402 1647 qui
1412 1612 1451 1634 ex
1462 1612 1545 1647 aqua
1562 1602 1684 1634 marina
1706 1601 1739 1634 in
1752 1598 1819 1634 fos.

433 1654 513 1688 sulas
524 1663 692 1686 excavatas
705 1652 849 1686 derivata
860 1679 869 1694 ,
881 1650 987 1686 calore
1001 1649 1072 1684 solis
1087 1650 1195 1684 :estivo
1208 1647 1349 1696 primurn
1360 1652 1394 1683 in
1413 1648 1551 1684 lamellas
1561 1678 1570 1691 ,
1590 1659 1659 1682 tum
1674 1649 1707 1682 in
1718 1648 1817 1684 cubos

434 1701 620 1736 concrescit.
641 1701 743 1745 Qiod
753 1700 914 1748 reliquum
928 1700 971 1734 est
984 1711 1073 1745 aquae
1085 1696 1163 1732 salsae
1174 1698 1250 1731 dum
1261 1699 1409 1744 coquitur
1419 1727 1428 1740 ‚
1438 1697 1523 1732 aliud
1543 1696 1611 1732 salis
1626 1708 1726 1744 genus
1745 1696 1818 1744 sup-

435 1751 558 1798 peditat
568 1778 577 1792 ,
595 1751 681 1796 quod
692 1763 756 1784 non
770 1762 838 1784 tarn
855 1748 950 1783 facile
960 1745 1134 1781 concrescit
1147 1759 1184 1780 ac
1199 1749 1335 1792 primum
1348 1775 1356 1788 ‚
1381 1747 1476 1793 idque
1488 1746 1588 1780 habet
1606 1758 1747 1780 amaram
1762 1746 1817 1779 sti-

435 1801 615 1846 pricitatem
631 1798 752 1832 vitrioli
763 1797 865 1844 sapori
884 1809 951 1831 non
964 1793 1141 1829 absimilem
1159 1808 1167 1828 :
1187 1795 1262 1829 hinc
1277 1794 1478 1828 Mercurialis
1498 1795 1560 1828 dici
1583 1794 1703 1839 potest,
1728 1794 1818 1840 quod

435 1848 534 1881 acidis
552 1845 666 1880 salibus
684 1846 718 1880 sit
728 1848 873 1880 vicinior.
895 1846 981 1878 Hinc
991 1854 1073 1890 aqua
1084 1845 1204 1877 marina
1220 1843 1388 1890 postquam
1401 1845 1537 1890 primum
1551 1841 1618 1875 salis
1635 1854 1816 1889 geuus‚quo

436 1893 535 1941 vulgo
548 1897 667 1928 utimur
678 1923 686 1936 ‚
709 1893 860 1941 praebuit‚
877 1892 973 1927 salem
1008 1894 1117 1925 tartari
1140 1891 1301 1937 deliquio,
1321 1890 1372 1924 seu
1388 1894 1420 1925 in
1436 1903 1508 1924 aere
1521 1890 1652 1924 humido
1676 1890 1816 1925 solutum

423 1943 562 1985 turbat,
581 1948 614 1978 ἃ
632 1942 779 1989 coagulat
794 1970 800 1981 ‚
818 1954 853 1976 ut
869 1940 946 1975 sales
959 1941 1039 1974 acidi
1053 1953 1059 1974 :
1073 1940 1158 1986 quod
1173 1953 1238 1974 non
1253 1938 1350 1974 efficit
1362 1938 1403 1973 sal
1422 1942 1602 1974 communis
1613 1941 1646 1974 in
1661 1951 1745 1986 aqua
1759 1938 1819 1973 dis-

425 1991 566 2026 solutus.
583 1993 631 2024 Fit
644 1993 732 2024 enim
746 2003 785 2023 ex
799 2003 839 2024 eo
859 1995 893 2026 δε
907 1989 968 2023 sale
986 1991 1096 2023 tartari
1111 1989 1215 2035 liquor
1231 1990 1364 2035 quidam
1390 1988 1575 2036 pellucidus.

472 2041 536 2074 Sed
547 2051 649 2085 neque
661 2039 703 2073 sal
721 2037 785 2087 ipse
803 2040 982 2073 communis
996 2049 1132 2071 omnino
1144 2038 1186 2071 est
1196 2050 1309 2085 expers
1321 2036 1390 2071 salis
1404 2037 1598 2071 mercurialis
1618 2047 1708 2071 :cum
1727 2036 1816 2070 enirn

438 2106 456 2135 9
469 2088 564 2124 libras
577 2087 664 2134 hujus
680 2086 748 2121 salis
764 2090 797 2121 in
811 2099 896 2134 aqua
910 2085 1063 2128 exsoluti,
1088 2091 1121 2122 8<
1133 2098 1189 2134 per
1207 2087 1349 2120 chartam
1366 2084 1512 2120 bibulam
1535 2084 1642 2120 filtrati
1657 2084 1742 2118 idem
1758 2087 1818 2117 Vir

425 2136 559 2173 dofflssl
575 2136 638 2170 leni
648 2138 713 2184 igni
725 2135 916 2170 admoviffet
925 2164 933 2177 ‚
944 2147 980 2169 ac
993 2133 1089 2169 salem
1099 2136 1152 2181 qui
1168 2134 1313 2169 exhalata
1323 2134 1477 2182 paulatim
1489 2146 1571 2180 aqua
1583 2131 1817 2175 conci-escebat,

439 2186 572 2221 subinde
581 2183 771 2232 collegiffet,
793 2187 824 2219 in
835 2184 936 2219 fundo
947 2196 1008 2218 una
1024 2195 1114 2230 aquae
1126 2182 1205 2217 libra
1223 2184 1449 2218 tantummodo
1466 2181 1638 2227 superfuit,
1656 2193 1723 2227 quae
1742 2183 1816 2228 igne

424 2236 606 2270 -nioderato
619 2233 738 2268 nullum
755 2232 889 2276 amplius
904 2231 999 2267 salem
1010 2232 1100 2266 dedit
1113 2261 1121 2275 ‚
1138 2232 1240 2266 donec
1253 2234 1327 2280 igne
1344 2232 1584 2266 vehementiore
1599 2231 1734 2263 omnino
1753 2228 1817 2264 fuit

440 2283 686 2318 exhalataztum
704 2284 790 2317 enim
804 2281 845 2316 sal
857 2279 1005 2316 remansit
1019 2292 1188 2328 penetrans
1203 2310 1212 2323 ,
1231 2280 1361 2315 acerbus
1375 2309 1384 2323 ‚
1410 2285 1443 2315 &
1468 2280 1617 2326 stipticuS.
1643 2279 1709 2312 Hic
1730 2289 1816 2324 aqua

442 2330 600 2366 exsolutus
612 2331 772 2378 liquorem
784 2332 893 2365 tartari
911 2330 1014 2363 statim
1025 2331 1057 2363 in
1069 2328 1178 2363 album
1198 2329 1366 2377 coagulum
1379 2329 1549 2362 convertit.
1582 2328 1627 2360 Ex
1644 2338 1708 2372 quo
1727 2326 1758 2359 id
1778 2325 1818 2358 li-

429 2392 520 2427 ¹quet
529 2379 625 2416 salem
639 2392 846 2420 communem
861 2378 1064 2428 sulphureum
1076 2378 1137 2415 dici
1149 2377 1232 2426 poffe
1243 2407 1253 2422 ‚
1272 2390 1345 2412 curn
1355 2378 1420 2418 auri
1433 2376 1552 2420 ‚stanni
1563 2404 1572 2420 ,
1586 2375 1768 2417 antimonii,
1784 2378 1818 2410 &
