1878 2724
527 144 889 186 TRACTATUS
927 143 1168 187 PRIMUS.
1527 155 1549 185 7

151 207 265 237 omnes
275 197 358 234 illius
370 206 476 233 motus
488 208 546 245 per
561 196 747 247 figuram‚&
757 197 962 245 aptationem
973 206 1116 234 totarum
1127 192 1222 234 facile
1238 192 1394 242 explicari
1403 161 1543 242 possuii't.

187 248 277 297 Rqsp.
293 259 446 296 magnum
458 245 520 282 else
533 246 704 281 discrimen
715 248 798 282 inter
810 245 996 295 horologii,
1011 245 1065 282 vel
1079 243 1210 282 alterius
1225 243 1381 279 machinae
1397 271 1406 286 ‚
1424 248 1457 280 &
1471 240 1544 278 ani-

151 297 286 334 malium
302 297 490 332 structuram
500 325 509 340 ‚
522 307 558 331 ut
574 294 640 331 fuse
650 295 859 331 ostendemus
877 323 889 338 ,
905 307 980 331 cum
1003 295 1044 330 de
1058 292 1248 331 animalium
1267 294 1455 342 cognitione
1468 302 1545 340 age-

149 359 235 383 mus,
263 349 378 394 Itaque
398 346 492 393 hujus
529 347 632 381 eneris
649 343 799 393 exempla
819 344 945 380 utiliter
959 342 1110 380 adhiberi
1133 342 1237 377 solent
1255 342 1295 376 ad
1318 341 1542 390 explicandum

147 407 269 432 naturae
281 395 453 432 artificium
469 409 478 431 :
500 358 552 430 (ged
576 407 646 431 non
661 396 709 430 ita
717 395 762 430 est
775 395 812 429 iis
821 393 1068 443 indulgendum,
1082 390 1169 439 quasi
1188 392 1280 427 omni
1297 402 1336 426 ex
1349 402 1441 439 parte
1459 388 1540 426 firni-

146 444 190 481 lia
210 446 389 481 videantur.

183 494 269 530 Illud
287 493 410 544 semper
430 493 611 531 meminiffe
628 502 761 542 oportet
773 519 784 536 ,
802 504 852 527 res
868 492 1031 528 naturales
1051 492 1085 525 in
1098 489 1129 525 se
1148 488 1275 526 suorum
1290 499 1438 525 motuum
1450 490 1539 538 prin-

144 545 231 593 cipia
241 542 384 588 habere,
402 557 469 580 non
480 547 560 579 item
569 543 733 578 machinas
748 559 757 586 3
774 543 966 589 principium
983 539 1045 575 effe
1058 539 1266 583 naturale,rei
1283 539 1538 585 intimum,quod

145 595 292 628 affiones
304 592 386 628 illius
394 604 494 640 regat:
504 593 589 628 unde
600 596 634 630 ὃ(
645 591 766 628 formas
776 589 1001 629 substantiales
1013 600 1083 637 quae
1092 585 1152 623 sint
1164 599 1213 623 res
1222 588 1367 637 quaedam
1375 586 1538 631 absolutae,

144 640 323 678 meritoiis
344 640 531 679 tribuimus.-

655 691 685 727 C
710 693 739 728 A
769 692 792 727 Ρ
819 692 855 730 U
879 691 910 726 T
968 690 1021 725 11.

406 790 465 825 De
483 790 653 840 principiis
670 801 776 824 rerum
792 801 833 824 ex
851 789 1035 823 Democrito
1046 787 1085 824 ό·
1102 790 1255 838 Epicuro,

141 886 316 972 RErum
327 886 480 923 omnium
495 888 654 935 principia
675 899 715 922 ex
728 888 924 924 Democrito
938 916 948 931 ‚
968 892 1087 925 atomis
1099 917 1109 932 ‚
1124 893 1159 926 δε
1181 888 1288 929 inani,
1316 883 1368 918 seu
1378 882 1477 932 pleno
1499 887 1533 920 &

171 975 173 977 ,
221 948 326 972 vacuo
338 937 554 975 continentur.
567 938 662 972 Hanc
673 936 923 985 philosophandi
932 939 1094 974 rationem
1111 937 1281 974 intellectu
1298 932 1428 970 facilem
1442 961 1453 975 ,
1471 943 1533 967 nec

140 985 347 1022 multitudine
366 985 548 1021 involutam
567 984 689 1021 secutus
709 987 752 1022 est
763 988 915 1034 Epicurus
928 1015 939 1029 ,
955 998 1095 1035 eamque
1112 987 1234 1023 Latinis
1252 981 1395 1020 versibus
1414 984 1534 1018 Lucre-

139 1037 201 1070 tius
215 1035 371 1083 exposuit.
394 1037 472 1071 Eam
491 1046 575 1082 pene
591 1035 756 1071 exoletam
772 1035 880 1070 nostra
899 1047 994 1071 aetate
1010 1038 1197 1072 instauravit
1215 1037 1327 1071 Petrus
1343 1029 1531 1067 Gaffendus.

141 1086 213 1121 Nos
231 1085 308 1132 quid
323 1087 357 1120 in
371 1096 408 1120 ea
427 1083 591 1132 disciplina
605 1083 737 1133 probari
749 1083 863 1134 poffit,
880 1086 959 1132 quid
972 1086 1090 1122 itidem
1108 1098 1166 1121 nos
1190 1083 1336 1120 offendat
1352 1109 1362 1124 ‚
1385 1080 1530 1115 breviter

140 1138 175 1171 &
184 1145 297 1182 aperte
312 1133 470 1182 explicare
482 1133 685 1169 conabimur.
697 1134 798 1170 Nulla
810 1136 899 1169 enim
914 1133 985 1168 fere
1003 1136 1047 1170 est
1057 1134 1326 1182 Philosophorum
1343 1130 1426 1165 secta
1437 1158 1447 1172 ,
1458 1139 1531 1176 quae

140 1183 174 1217 id
184 1183 272 1229 quod
282 1195 395 1218 verum
414 1183 457 1218 est
467 1213 477 1227 ,
505 1183 614 1231 aliqua
625 1195 672 1232 'ex
681 1194 773 1232 parte
785 1195 853 1219 non
862 1194 985 1228 cernat.
998 1184 1088 1219 Prius
1101 1186 1215 1231 itaque
1230 1182 1271 1217 de
1295 1181 1414 1215 atomis
1430 1206 1440 1221 ‚
1462 1189 1528 1212 tum

139 1231 181 1265 de
203 1234 293 1267 inani
311 1233 465 1267 dicamus.

721 1281 778 1316 De
797 1281 943 1315 Aeomis.

165 1388 169 1393 ’
231 1380 372 1414 >vTomos
395 1390 550 1414 vocamus
561 1376 783 1416 minutissimas
799 1389 909 1428 partes
923 1407 934 1422 ,
949 1389 990 1413 ex
1006 1377 1120 1426 quibus
1137 1376 1394 1426 unumquodque
1411 1383 1528 1421 corpus

181 1457 185 1465 .
246 1430 457 1478 componitur
476 1442 484 1463 ι
500 1428 656 1463 insectiles
667 1430 802 1477 quidem
819 1427 909 1471 sunt,
937 1426 1012 1462 hinc
1034 1430 1124 1463 enim
1146 1440 1269 1463 nomen
1282 1426 1372 1462 suum
1385 1424 1528 1458 duxere:

134 1475 191 1512 sed
205 1488 315 1514 tamen
332 1491 399 1514 non
415 1477 484 1513 stmt
497 1479 670 1525 pun&a‚ut
679 1489 811 1521 vocant,
824 1477 1162 1519 mathematica‚orrmi
1175 1475 1361 1512 extensione
1372 1473 1532 1514 destituta,

139 1528 261 1576 punsta
280 1526 349 1562 sunt
358 1525 487 1576 physica
504 1526 564 1562 suis
576 1526 686 1576 figuris
699 1526 950 1576 circumscripta:
964 1526 1005 1561 de
1015 1526 1132 1573 quibns
1151 1525 1245 1561 fufius
1263 1526 1401 1561 maetam
1418 1521 1530 1556 secun-

122 1612 123 1615 ,
138 1577 182 1611 do
195 1576 313 1611 dicturi
326 1575 442 1611 sumus.
463 1577 666 1623 Suntitaque
676 1579 800 1619 atomi,
812 1575 832 1610 fi
848 1578 953 1610 minus
975 1574 1133 1610 insectiles
1147 1604 1157 1619 ‚
1169 1574 1283 1610 saltem
1298 1569 1449 1609 indivisae.

149 1655 151 1657 .
172 1627 232 1660 Eas
250 1623 312 1659 esse
332 1624 447 1659 [olidas
463 1651 472 1665 ‚
495 1629 528 1659 &
545 1623 740 1659 inflexibiles
757 1623 880 1671 placuit
894 1625 1033 1671 Epicuro
1054 1637 1062 1658 :
1079 1635 1189 1671 neque
1207 1625 1296 1658 enim
1312 1622 1376 1656 alia
1403 1620 1529 1653 ratione

139 1674 241 1708 atomi
257 1672 328 1709 sunt
344 1671 502 1709 insectiles
518 1701 528 1715 ‚
555 1672 656 1720 quam
670 1674 748 1720 quia
765 1671 872 1707 solidae
891 1671 975 1707 sunt.
1006 1673 1095 1708 Nam
1112 1683 1163 1706 res
1177 1682 1314 1718 quaeque
1334 1679 1468 1704 eatenus
1486 1667 1530 1700 est

137 1720 288 1757 divisioni
297 1721 440 1758 obnoxia
450 1749 460 1765 ,
485 1732 646 1768 quatenus
667 1723 773 1756 inania
787 1722 955 1769 intercipit
965 1719 1110 1767 spatiola.
1128 1721 1214 1755 Cum
1223 1721 1321 1768 igitur
1336 1719 1439 1753 atomi
1454 1714 1529 1750 soli-

137 1771 229 1808 dae&
240 1773 402 1807 continuae
421 1769 636 1818 supponantur
652 1799 662 1813 ‚
680 1781 787 1818 neque
799 1769 883 1806 ullos
903 1769 1080 1804 admittant
1097 1780 1213 1817 poros,
1233 1768 1360 1803 nullum
1381 1764 1528 1800 divisioni

138 1831 196 1865 aut
205 1819 458 1857 sestiouiilocum
468 1817 622 1867 praebent.
645 1818 783 1856 Nullum
792 1821 891 1869 igitur
900 1818 943 1854 est
957 1830 1071 1867 corpus
1083 1819 1168 1853 adeo
1181 1829 1276 1853 tenue
1289 1828 1342 1852 aut
1355 1815 1528 1863 liquidum,

139 1870 227 1918 quod
248 1883 318 1905 non
337 1882 376 1905 ex
392 1869 498 1904 solidis
517 1871 634 1904 atomis
647 1870 890 1917 compingatur.
997 1901 1002 1903 .

176 1920 280 1968 Qiod
290 1931 400 1954 autem
416 1917 572 1966 ejusmodi
582 1930 717 1967 corpora
735 1908 890 1954 insectilia
903 1928 938 1953 ut
956 1918 1060 1965 prima
1077 1917 1231 1952 materies
1252 1913 1352 1951 rebus
1375 1911 1527 1949 omnibus

138 1971 303 2017 corporeis
321 1966 540 2017 subjiciantur,
558 1966 705 2015 probant
716 1969 864 2016 Epicurei
880 1964 988 2015 primo
1006 1966 1124 2001 eadem
1142 1967 1270 2000 ratione
1289 1992 1299 2008 ‚
1319 1975 1383 2012 qua
1402 1962 1528 2000 Aristo-

138 2017 220 2053 teles
230 2019 367 2065 primam
387 2019 557 2053 materiam
578 2017 711 2052 existere
727 2017 934 2053 demonstrat.
963 2017 1054 2051 Nam
1070 2025 1105 2050 ut
1127 2015 1179 2050 hic
1198 2013 1377 2061 subjeetum
1391 2010 1527 2059 aliquod

142 2068 283 2114 primum
303 2068 620 2116 omnirgenerationi
635 2067 917 2116 *aut-corruptioni
935 2062 1072 2108 subeffe,
1104 2064 1203 2112 idque
1217 2075 1304 2098 ortus
1323 2068 1358 2100 &
1377 2063 1527 2097 interitus

141 2127 255 2163 expers
274 2114 336 2150 effe
354 2117 520 2151 concludit
538 2129 546 2150 ε
565 2113 606 2150 fic
620 2118 830 2151 Democritus
847 2115 1046 2163 &Epicurus
1066 2126 1139 2149 cum
1155 2124 1327 2149 cernerent
1343 2114 1452 2147 onmia
1468 2107 1528 2144 dis-

142 2163 268 2200 solvi&
278 2164 381 2199 dividi
391 2164 478 2213 poffe
491 2193 501 2208 ‚
524 2166 686 2211 neque-iu
700 2163 865 2201 infinitum
885 2169 1036 2200 naturam
1047 2163 1199 2212 progredi
1211 2165 1348 2197 omnino
1367 2160 1526 2195 existima-

141 2226 216 2249 runt
224 2212 389 2249 sistendum
401 2212 461 2248 effe
475 2216 507 2249 in
518 2215 634 2248 atomis
643 2242 653 2257 ‚
673 2226 743 2261 quae
751 2227 825 2251 cum
834 2214 895 2251 sint
904 2224 1012 2263 partes
1025 2214 1185 2255 minimae,
1203 2213 1237 2247 in
1249 2210 1324 2246 alias
1337 2211 1450 2255 utique
1461 2208 1524 2241 mi.-

142 2275 238 2298 nores
257 2263 352 2297 secari
372 2274 552 2310 nequeunt.
572 2263 676 2310 Qod
690 2266 803 2311 utique
821 2276 938 2313 magna
952 2264 1242 2311 Peripateticorum
1261 2272 1332 2308 pars
1363 2258 1526 2292 admittit:

143 2311 267 2347 tametfi
281 2324 465 2348 atomorum
478 2324 639 2347 vocemur
652 2311 796 2348 odiosam
813 2314 962 2363 fugiunt:
982 2310 1035 2347 sed
1060 2313 1180 2361 punita
1199 2307 1346 2358 physica,
1361 2318 1417 2346 aut
1429 2307 1526 2340 mini-

146 2374 198 2397 ma
219 2361 373 2396 naturalia
389 2362 456 2398 non
473 2362 698 2398 reformidant.

182 2410 334 2457 confirm.
358 2414 469 2449 Partes
489 2411 708 2448 illaezminimae
725 2423 800 2447 cum
822 2409 927 2447 solidae
947 2408 1024 2453 suit,
1038 2421 1103 2444 non
1123 2409 1226 2456 magis
1241 2433 1252 2452 ,
1282 2404 1394 2441 saltem
1411 2415 1530 2441 natura:

1286 2457 1311 2490 Ε
1336 2455 1369 2502 iij
