1878 2724
388 138 455 173 244
750 113 1016 167 -PHYSICAE
1056 116 1374 154 GENERALIS

388 181 421 212 δ(
435 182 493 222 pus
505 167 690 215 exquisitum
706 163 868 207 efficiunt,
881 165 965 198 cutis
985 162 1137 211 spiracula
1147 163 1319 201 obstruunt
1328 196 1339 210 ,
1356 165 1520 214 spirituum
1528 165 1678 203 &nativi
1686 165 1780 204 calo:

386 228 429 258 ris
441 220 644 270 eruptionem
658 212 824 248 cohibent.
842 211 962 249 Nescio
973 224 1015 247 an
1024 214 1058 249 in
1065 212 1180 248 horum
1192 213 1285 250 censu
1292 214 1481 251 habendum
1491 212 1532 250 fit
1546 214 1658 252 oleum
1671 228 1778 257 ceraer:

387 271 476 320 quod
488 265 606 301 lcilicet
626 264 642 298 ὲ
659 274 731 297 cera
746 273 817 296 cum
829 263 929 310 {equis
947 260 1016 296 fere
1031 260 1176 310 partibus
1187 260 1257 296 salis
1272 266 1452 300 communis
1477 264 1637 312 permista
1648 277 1706 314 per
1724 278 1779 302 re-

388 329 507 356 tortam
523 312 716 349 exstillatur:
735 310 769 345 id
790 314 878 346 enim
894 323 962 346 non
977 309 1219 347 contufionibus
1237 311 1337 348 modo
1354 341 1366 358 ,
1389 312 1444 349 sed
1464 314 1565 350 etiam
1587 313 1776 353 vulneribus

386 367 509 404 utiliter
519 392 529 407 ,
544 363 564 399 si
577 361 654 410 quid
667 360 755 395 aliud
769 388 778 403 ‚
794 358 978 395 adhibetur.
1774 357 1777 359 '

426 412 653 463 Abstergentia
668 409 821 459 gradibus
838 411 922 446 inter
938 408 969 444 se
980 407 1132 445 differunt
1150 408 1293 446 :leniora
1308 409 1458 459 quaedam
1466 409 1547 456 sunt,
1557 423 1595 447 ut
1608 409 1711 448 succus
1727 412 1778 448 εἰ.

387 466 501 501 chorei
519 477 527 499 z
550 462 613 497 alia
626 458 725 508 paulo
743 458 923 502 validiora,
935 470 1008 507 quae
1026 457 1187 495 craffiores
1211 459 1318 495 sordes
1333 460 1506 508 detergunt
1524 489 1534 504 ,
1561 473 1599 497 ut
1623 459 1778 498 abfinthii

386 517 495 553 succus
509 522 520 545 ι
540 507 732 548 validissima
747 507 883 557 maligni
898 507 1012 543 ulceris
1026 520 1118 543 corru
1144 520 1211 544 tam
1230 520 1362 545 carnem
1374 509 1516 544 exedunt
1531 523 1540 545 :
1556 520 1591 545 ut
1607 510 1778 549 vitriolum

387 565 490 602 ustum
503 562 543 597 ad
556 559 762 595 rubedinem.
775 559 810 593 lu
821 557 870 593 his
881 556 1035 592 omnibus
1047 569 1101 592 aut
1126 557 1155 592 al
1165 557 1258 593 alcali
1275 560 1365 607 viget
1383 575 1392 602 ;
1408 568 1462 593 aut
1475 556 1563 593 calor
1574 570 1646 594 cum
1655 558 1779 595 ficcita.

387 625 422 650 te
434 611 624 661 conjuanus
647 620 655 642 ε
673 618 730 643 aut
743 618 831 642 certe
843 606 1073 656 particularum
1091 606 1238 654 quaedam
1251 608 1333 643 inest
1345 606 1507 656 asperitas,
1524 609 1562 643 In
1571 607 1720 656 hyperici
1745 622 1780 648 v,

387 661 599 710 millepertuis
624 655 714 693 foliis
730 685 740 700 ‚
765 657 838 705 pice
851 684 863 699 ‚
890 655 1136 699 terebinthina,
1168 654 1246 691 ,aloe
1261 658 1312 691 vis
1333 656 1379 691 est
1401 656 1548 703 quaedarn
1566 655 1752 705 abstergens
1768 685 1782 703 ,

388 723 454 761 qua
481 709 607 747 sordida
623 706 731 743 ulcera
747 705 985 758 eapurgantur„
1004 709 1044 745 ,ὃς
1060 704 1354 743 recentiaxvulnera
1378 704 1535 755 paulatim
1555 705 1782 755 conglutinam

389 773 451 798 tur.

425 808 629 856 Inter'hujus
647 806 776 856 generis
804 805 950 841 remedia
967 805 1022 840 vix
1046 802 1147 840 ullum
1162 801 1223 840 esse
1243 813 1357 854 putem
1373 814 1486 852 paratu
1497 802 1644 848 facilius,
1658 816 1714 841 aut
1723 802 1780 843 usu

388 860 588 911 praestantius
600 869 675 891 cum
693 857 827 891 internis
841 883 852 898 ,
871 866 940 890 tum
955 855 1095 889 externis
1114 852 1273 889 ulceribus
1283 882 1293 897 ,
1314 864 1413 901 quam
1424 851 1602 889 balsamum
1614 851 1782 902 sulphuris,

391 908 481 958 quod
494 906 659 954 abstergit,
674 905 822 948 mundat,
835 902 1016 940 consolidat
1027 907 1085 945 ,δε
1099 904 1184 949 puris
1201 900 1415 937 secretionem
1428 914 1614 951 promovet.
1632 904 1709 951 Qa
1719 916 1780 939 ve-

391 973 428 994 ro
439 968 508 992 arte
520 966 650 1004 paretur
668 964 784 1002 praeter
795 963 931 989 caetetos
949 950 1087 1000 explicat
1100 953 1158 987 ·D.
1169 951 1267 998 Boylc
1280 953 1315 986 in
1328 949 1470 1000 eleganti
1484 963 1584 999 opere
1593 953 1634 986 de
1645 951 1698 987 usu
1706 952 1782 1001 phi.-

389 1006 543 1055 Iosophiae
554 1003 828 1051 experimentalis.
849 1001 978 1038 Florum
993 999 1148 1048 sulphuris
1160 1010 1286 1047 partem
1298 1011 1396 1034 unam
1417 1011 1489 1034 cum
1505 1013 1529 1046 4
1543 1027 1553 1043 ,
1567 1010 1623 1035 aut
1631 1015 1646 1048 5
1660 1000 1726 1036 olei
1736 1003 1781 1037 rin

391 1056 467 1094 vase
481 1052 623 1091 fietilific
640 1052 810 1088 moderato
822 1051 890 1099 igni
901 1048 1039 1085 adhibet
1051 1059 1105 1092 ,ut
1119 1047 1333 1084 indesinenter
1351 1059 1539 1092 moveatur,
1553 1049 1659 1083 donec
1670 1048 1781 1086 oleum

391 1106 539 1141 colorem
549 1102 706 1149 sanguinis
717 1105 752 1138 δε
762 1099 870 1136 mellis
889 1097 1126 1135 consistentiam
1140 1097 1296 1145 adeptum
1314 1095 1413 1132 fuerit
1434 1110 1444 1134 z
1466 1096 1556 1144 quod
1571 1098 1685 1145 utique
1696 1100 1783 1135 intra

390 1156 482 1191 unius
500 1152 588 1188 horae
601 1150 740 1199 spatium
753 1148 946 1198 plerumque
961 1144 1110 1183 efficitur.
1128 1146 1193 1182 Aut
1202 1146 1289 1195 quod
1300 1147 1395 1181 tutius
1407 1144 1503 1182 flierit
1518 1174 1528 1190 ,
1545 1144 1642 1181 fiores
1651 1145 1784 1195 sulphu.

392 1206 435 1239 ris
454 1214 528 1237 curn
543 1199 620 1234 oleo
636 1201 669 1234 in
679 1197 753 1233 vase
761 1199 869 1234 vitreo
882 1202 917 1233 Sc
935 1194 1083 1245 oblongo
1097 1223 1108 1238 ,
1125 1194 1190 1230 leni
1207 1193 1314 1230 calore
1330 1196 1364 1230 in
1394 1207 1491 1230 arena
1510 1194 1666 1243 paulatim
1683 1207 1784 1231 exco-

392 1254 512 1300 quitur.
527 1246 684 1284 Adversus
696 1245 858 1294 pulmonis
870 1244 1138 1282 &intestinorum
1151 1242 1258 1278 ulcera
1269 1243 1396 1292 Sylvius
1406 1249 1442 1280 &
1456 1243 1591 1282 alii'hoc
1604 1242 1781 1281 balsamum

392 1299 531 1337 multum
544 1295 796 1331 commendant:
807 1293 848 1328 ad
863 1305 910 1329 υ..
922 1303 1032 1342 guttas
1044 1293 1077 1327 in
1093 1291 1218 1340 liquore
1234 1291 1356 1326 idoneo
1365 1290 1445 1326 sumi
1457 1292 1573 1339 potest.
1593 1292 1679 1328 Cum
1693 1292 1782 1331 ulcus

394 1350 438 1385 est
452 1350 485 1383 in
495 1344 727 1387 intestini5,hoc
738 1341 917 1378 balsamum
932 1353 1006 1377 curn
1018 1340 1093 1375 oleo
1106 1338 1249 1384 anifi‚aut
1260 1339 1539 1388 succiniptaeparat
1549 1340 1723 1388 Sylvius:in
1736 1352 1785 1377 te·-

395 1397 507 1436 nesmo
527 1408 558 1431 v.
575 1395 792 1441 Empreintes,
801 1403 839 1427 ut
850 1392 1011 1439 optimum
1022 1388 1225 1424 consolidans
1236 1387 1422 1437 praescribit.
1436 1388 1596 1425 Adversus
1607 1389 1739 1425 strumas
1750 1403 1784 1428 v„

390 1440 906 1491 ve'croiie·lle.‹,patalylim‚podagrae
916 1437 1044 1475 dolores
1054 1437 1166 1473 saltem
1176 1439 1209 1473 in
1222 1436 1331 1472 morbi
1344 1438 1506 1486 principio
1515 1431 1783 1475 commendat‘vit

389 1491 620 1536 ‚nobiliffimus.
640 1492 715 1527 Nec
725 1488 860 1524 dubium
871 1490 950 1536 quin
964 1485 1099 1536 'paralyfi
1111 1486 1202 1521 utilia
1218 1485 1276 1521 [int
1289 1486 1432 1520 remedia
1443 1513 1454 1528 ,
1469 1488 1502 1520 in
1511 1486 1627 1533 quibus
1641 1489 1731 1535 viget
1741 1487 1785 1524 sal

395 1542 540 1581 volatilis
556 1568 567 1584 ‚
578 1551 613 1575 ut
621 1539 753 1574 limaces
767 1536 875 1582 rubri,
887 1548 976 1572 tetrae
989 1534 1153 1574 lumbrici,
1181 1535 1233 1569 Sic
1249 1535 1359 1569 audivi
1377 1534 1525 1583 podagrae
1539 1534 1666 1571 dolores
1676 1535 1784 1580 leniri,

395 1606 471 1630 cum
489 1602 565 1626 caro
581 1586 704 1624 bubula
720 1598 832 1622 recens
850 1587 933 1633 parti
954 1583 1082 1620 afflietae
1098 1582 1280 1619 identidem
1293 1582 1498 1621 admovetur.
1521 1585 1614 1619 Novi
1629 1583 1783 1632 per-illu-

396 1644 489 1679 sttem
510 1639 668 1675 feminam
675 1633 810 1685 paralysi
825 1633 1093 1680 affedtarnvnuper
1115 1632 1134 1669 ὲ
1146 1633 1217 1667 viro
1234 1630 1383 1671 nobili&
1393 1631 1555 1668 notiffimo
1565 1630 1706 1668 sanatam
1720 1633 1786 1669 hoc

397 1691 510 1728 modo·
532 1690 633 1736 Aquae
645 1687 661 1722 ὲ
675 1683 885 1727 chaerefolio,
903 1696 935 1718 v.
949 1682 1078 1729 cevfiw'btl
1089 1680 1250 1716 distillatae
1269 1679 1384 1716 libram
1395 1709 1405 1724 ,
1422 1692 1494 1716 cum
1515 1694 1607 1728 aquae
1624 1680 1784 1717 betonicae

399 1737 583 1780 semilibta,
606 1748 661 1771 20.
678 1735 783 1782 granis
802 1731 870 1767 salis
881 1734 960 1766 roris
976 1732 1110 1773 marini,
1136 1731 1279 1775 quinque
1290 1731 1398 1776 granis
1420 1728 1488 1763 salis
1507 1729 1646 1765 volatilis
1666 1732 1786 1778 viperae

390 1801 464 1830 >una
477 1783 642 1825 miscebat3
655 1787 688 1818 δε
702 1792 750 1816 ter
768 1791 971 1827 unoquoque
984 1779 1035 1812 die
1049 1777 1217 1812 dimidium
1236 1775 1344 1823 scyphi
1362 1776 1454 1823 hujus
1470 1779 1613 1812 mixturae
1632 1778 1785 1814 haurien-

400 1839 478 1872 dum
491 1830 657 1883 praebebat
670 1859 680 1874 ‚
697 1830 822 1878 :equisa
838 1825 1103 1864 cibointervallis
1119 1839 1126 1861 ι
1144 1826 1273 1859 interim
1285 1836 1340 1872 pes
1351 1823 1486 1858 affictus
1505 1824 1665 1869 balsamo,
1680 1828 1785 1876 Regi-

401 1898 450 1922 ιη
469 1882 645 1931 Hungariae
664 1891 768 1927 aqua,
789 1884 822 1915 &
838 1876 914 1912 oleo
936 1876 1112 1923 scorpionis
1130 1874 1322 1909 idemtidem
1338 1872 1556 1917 innuebatur,
1572 1880 1604 1911 &
1623 1873 1718 1911 brevi
1734 1876 1783 1913 sti-

402 1946 476 1971 nata
491 1933 544 1968 est.
567 1932 610 1964 At
624 1928 696 1964 finis
712 1940 778 1963 non
792 1927 854 1962 erit
874 1925 894 1961 si
913 1924 1064 1960 formulas
1089 1921 1268 1958 exscribere
1281 1921 1448 1957 volumus:
1464 1934 1571 1969 neque
1583 1924 1615 1957 id
1632 1923 1726 1959 nobis
1748 1921 1787 1961 in-

392 1974 464 2019 hoc
480 1992 578 2029 opere
596 1979 638 2015 est
648 1975 864 2027 propositum:
883 1974 935 2009 sed
944 1986 1010 2021 quo
1024 1971 1159 2020 Physicae
1175 1972 1403 2020 experimentis
1427 1969 1564 2006 subnixa:
1575 1971 1698 2007 utilitas
1711 1987 1784 2008 om-

402 2031 498 2068 nibus
507 2025 688 2065 innotescat
697 2022 711 2069 “,
735 2038 803 2065 non
815 2025 849 2059 id
862 2023 1002 2061 alienum
1015 2021 1056 2058 ab
1068 2022 1210 2057 instituto
1223 2031 1368 2069 putamus
1379 2048 1390 2062 ,
1402 2017 1426 2053 {i
1445 2032 1602 2068 perpauca
1613 2033 1714 2068 eaque
1725 2021 1782 2057 usu

402 2079 555 2130 probata,
570 2088 643 2110 cum
660 2074 689 2109 se
701 2074 731 2109 se
740 2074 796 2108 dat
807 2071 929 2107 occasio
943 2071 1083 2106 remedia
1093 2081 1207 2120 ‚atque
1219 2081 1255 2106 ut
1265 2079 1402 2112 vocant,
1416 2080 1530 2104 arcana
1553 2081 1782 2119 proponamus,

401 2140 438 2166 ut
453 2140 490 2162 ea
501 2125 704 2174 experientiae
716 2120 770 2170 ipsi
781 2120 993 2170 subjiciantur.

454 2179 535 2223 Qo
559 2175 654 2223 igitur
674 2172 714 2206 ad
738 2170 885 2205 secundas
900 2169 1069 2217 qua'itates
1086 2167 1263 2204 redeamus.
1297 2168 1382 2212 Qae
1407 2178 1536 2202 carnem
1554 2162 1709 2203 exsiccant
1723 2166 1783 2210 ,ὃς

403 2221 620 2266 contrahunt,
640 2231 676 2256 ut
691 2232 775 2256 terra
792 2231 922 2255 armena
943 2247 953 2261 ,
971 2217 1138 2253 vitriolum
1155 2247 1165 2262 ,
1183 2218 1258 2252 ferri
1279 2214 1397 2260 scoria,
1422 2214 1584 2262 epulotica
1609 2227 1782 2261 vocantur,

405 2275 493 2322 quod
509 2274 688 2308 cicatricem
706 2268 870 2304 obducant
884 2297 892 2311 ,
916 2266 977 2301 sale
992 2267 1055 2302 fixo
1067 2273 1097 2303 Sc
1111 2278 1194 2301 terra
1206 2266 1381 2301 abundant.
1403 2265 1486 2309 Qae
1506 2264 1690 2299 cicatricem
1714 2276 1780 2300 tur-

405 2327 531 2371 piorem
544 2321 673 2360 delent,
690 2319 758 2354 haec
770 2317 830 2354 sale
846 2316 965 2351 nitroso
979 2322 1011 2352 ὃς
1026 2316 1152 2350 volatili
1167 2315 1310 2362 pollent3
1335 2323 1369 2346 ut
1384 2315 1503 2348 nitrum
1523 2310 1624 2358 ipsum
1636 2342 1644 2355 ‚
1659 2312 1755 2362 finapi
1770 2342 1780 2356 ‚

406 2372 515 2408 oleum
528 2383 566 2405 ex
589 2368 706 2406 vitellis
719 2378 854 2404 ovorum
868 2382 876 2403 :
895 2365 926 2399 id
946 2367 1033 2402 enini
1051 2368 1133 2416 ignis
1145 2366 1178 2401 vi
1192 2359 1366 2412 exprefftim
1375 2373 1445 2397 acte
1463 2360 1503 2394 est
1518 2366 1549 2397 ὅ(
1568 2358 1698 2397 exficcat
1708 2390 1720 2408 ,
1734 2365 1780 2402 uti
