1878 2724
389 169 539 214 Confirm.
551 171 659 207 forma
672 174 775 204 carnis
786 180 952 212 remanet,
975 180 1050 203 cum
1069 169 1155 204 illius
1166 169 1303 206 effeetus
1316 169 1466 206 formalis
1479 197 1489 214 ,
1512 174 1546 207 &
1565 180 1672 205 toturn
1689 168 1752 206 effe

350 219 497 256 sensibile
512 221 595 255 illius
614 217 758 268 superfit:
774 230 850 253 nam
862 216 969 252 forma
986 218 1134 253 animalis
1149 219 1205 253 dat
1214 221 1348 266 quidem
1363 217 1424 254 effe
1441 221 1598 263 viventis,
1615 231 1669 254 aut
1681 219 1754 258 sent.

353 272 464 305 tientis
480 287 489 313 3
507 270 557 303 sed
577 282 613 302 ea
632 282 698 303 non
724 266 838 301 tribuit
855 264 916 300 effe
929 269 1047 310 mixti,
1065 278 1119 301 aut
1138 270 1252 302 carnis.
1282 270 1420 317 Qique
1441 271 1473 303 in
1498 270 1654 304 cadavere
1683 269 1753 304 for-

352 332 439 357 mam
455 321 555 353 carnis
567 316 663 352 ineffe
676 328 797 364 negant
810 344 820 359 ‚
837 316 862 349 ii
873 327 988 351 contra
1011 315 1158 352 senluum
1172 316 1356 352 testimonia
1383 317 1576 354 subtilitates
1592 317 1634 352 ab
1660 320 1753 354 omni

353 370 480 403 ratione
501 367 622 402 alienas
647 368 884 401 contestantur.

355 423 376 464 ζ
399 415 552 462 Confirm.
565 418 692 451 iterum.
703 414 784 450 Illud
803 426 938 449 omnem
951 413 1051 450 fidem
1069 414 1214 463 superat,
1240 417 1272 450 in
1292 414 1451 450 cadavere
1462 416 1541 452 nihil
1562 418 1678 466 reliqui
1693 419 1754 454 effe

355 478 395 500 ex
412 467 450 499 iis
463 478 535 513 quae
553 467 638 514 prius
651 467 777 499 inerant
788 481 798 508 3
810 477 874 498 non
891 476 1004 499 omnes
1025 463 1127 499 modo
1138 465 1310 512 qualitates
1331 494 1351 508 ,.
1364 464 1418 499 sed
1439 467 1538 500 etiam
1560 466 1705 516 figuram,
1718 475 1753 506 δέ

357 517 576 563 quantitatem
588 544 598 558 ‚
617 519 651 551 &
660 516 825 548 cicatrices
836 542 845 556 ,
860 511 879 547 fi
895 525 965 560 quae
978 525 1068 548 erant
1078 542 1088 557 ‚
1105 514 1313 558 evanescere,
1323 526 1359 548 ac
1372 526 1472 549 novas
1482 513 1615 550 subinde
1625 516 1755 552 succres-

355 575 441 599 cere.
460 567 544 611 Qae
561 565 693 599 tandem
712 563 857 598 effe-strix
879 561 968 596 causa
983 575 1107 598 novam
1117 566 1356 611 quantitatem,
1371 575 1541 599 aenovam
1560 564 1756 612 qualitatum

355 612 590 661 supelleetilern
601 616 638 649 111
654 624 826 647 momento
837 621 1007 659 procreat?
1025 613 1075 647 Ad
1089 611 1215 648 causam
1231 612 1444 648 universalem
1468 613 1663 663 confugiunt
1674 643 1684 658 ,
1702 615 1758 650 ubi

355 661 439 700 nihil
458 675 540 713 opus
558 664 612 698 est.
638 664 752 697 Forma
767 663 854 696 enim
866 662 959 696 mixti
971 661 1106 696 nihilest
1115 662 1202 697 aliud
1213 662 1311 709 quam
1330 674 1432 698 nexus
1449 689 1459 705 ‚
1486 662 1692 711 compositio,
1709 676 1758 699 ta*

358 715 406 747 tio
421 714 641 760 ,temperatio
652 710 861 746 miscibilium
874 739 890 758 ,Ἴ
902 721 965 756 qua
990 710 1152 746 destructa
1163 740 1174 755 ‚
1211 711 1383 747 elementa>
1399 722 1534 746 manent
1557 714 1680 761 integra
1697 730 1706 756 -,
1722 719 1757 751 δε

357 773 515 810 pereunte
532 761 639 797 forma
650 759 797 796 animalis
811 787 820 798 ‚
832 771 888 794 aut
900 758 1137 805 plantae,mixta
1146 760 1274 804 adhue,
1291 757 1399 796 utossa
1411 762 1538 808 integra
1549 773 1760 799 ternannentt

356 812 420 847 His
435 812 546 858 imque
556 812 597 845 de
619 813 780 846 mixtione
805 813 839 846 &
857 807 1054 844 resolutione
1073 821 1246 858 corporum
1271 809 1500 845 demonstratis
1513 838 1524 853 ‚
1542 823 1615 857 quae
1643 821 1771 846 contra.

355 862 483 910 opponi
497 859 613 906 solent,
624 861 801 897 videamus.
818 860 871 894 Sic
884 859 972 895 enirn
985 857 1038 894 lux
1052 864 1156 907 major
1174 861 1212 894 iis
1230 872 1301 908 quae
1321 859 1642 903 diximuQaccedet.

861 957 994 1006 Satisfit
1012 958 1065 1006 obj
1068 959 1246 996 effionibus.
1256 987 1260 990 -

361 1060 592 1108 Opp.1.contra
605 1062 742 1108 primam
753 1059 1063 1107 conclufionem,qui
1073 1058 1238 1094 elementa
1251 1056 1342 1094 nullo
1353 1060 1453 1095 modo
1462 1058 1526 1095 esse
1537 1061 1613 1095 ειᾶυ
1626 1060 1659 1094 in
1671 1060 1764 1094 mix·-

358 1120 393 1143 to
406 1111 695 1157 putant‚conttaria
707 1115 739 1145 &
749 1108 806 1143 fibi
816 1109 942 1146 infensa
958 1112 992 1144 in
1006 1109 1122 1146 eadem
1137 1108 1210 1143 sede
1219 1111 1338 1143 morari
1348 1108 1513 1144 elementa
1522 1121 1589 1145 non
1598 1107 1764 1156 poffe:ne-·

357 1170 422 1205 que
441 1161 579 1194 eandem
596 1169 723 1206 partem
736 1157 808 1194 offis
821 1186 837 1203 ,.
851 1170 907 1194 aut
923 1158 1000 1206 ligni
1017 1156 1105 1193 fimul
1123 1155 1184 1192 effe
1201 1159 1311 1206 ignem
1322 1186 1332 1201 ‚
1348 1163 1511 1206 &aquam
1529 1171 1632 1194 :cum
1643 1169 1765 1193 omnes·

357 1219 463 1255 partes
480 1211 572 1244 mixti
583 1207 641 1241 sint
658 1207 703 1242 sui
718 1206 833 1241 ssmiles
846 1225 854 1251 3
867 1220 974 1256 partes
993 1219 1108 1242 omnes
1125 1206 1206 1254 ligni
1229 1205 1287 1241 fint
1301 1206 1437 1255 lignum.v
1755 1232 1760 1235 -

407 1259 496 1306 Refp.
506 1271 528 1292 1.
548 1258 659 1304 negari
672 1254 759 1304 poss‘e
771 1255 936 1291 elementa
953 1255 1037 1289 adeo
1047 1254 1106 1289 fibi
1118 1266 1233 1290 mutuo
1247 1254 1371 1290 infensa
1384 1254 1445 1290 effe
1459 1260 1493 1291 &
1506 1255 1774 1298 contraria5licet1

359 1306 392 1339 in
407 1307 444 1339 iis
463 1305 588 1340 diversa
600 1304 637 1339 lit
647 1305 764 1353 agendi
780 1307 865 1339 ratio
877 1333 886 1347 ‚
903 1302 1019 1338 diverfi
1032 1315 1166 1348 motus;
1188 1303 1251 1338 alia
1271 1303 1358 1339 forte
1379 1306 1413 1339 in
1426 1303 1561 1348 orbem,
1579 1302 1643 1338 alia
1657 1307 1691 1339 in
1703 1316 1764 1338 re-÷

360 1356 446 1389 &am
469 1355 590 1390 lineam
611 1366 811 1398 moventur‘3
833 1353 895 1388 alia
914 1353 1055 1396 tardius,
1073 1352 1136 1387 aha
1157 1355 1351 1387 concitatius
1372 1367 1379 1388 :
1396 1352 1450 1388 sed
1467 1353 1554 1388 nulla
1569 1352 1693 1388 idcirco
1713 1353 1770 1388 est>

359 1415 435 1438 vera
447 1406 677 1446 contrarietas,
696 1401 1085 1451 nifi'Juxtacommunem
1101 1402 1258 1450 loquendi
1278 1402 1435 1439 modurn.⁴

400 1453 489 1502 Resp,
505 1470 529 1490 2.
548 1466 582 1488 ut
600 1466 636 1487 ea
651 1452 709 1488 fint
722 1454 899 1496 contraria,
919 1451 1056 1487 aliorum
1075 1450 1283 1486 miscibilium
1294 1480 1303 1495 ‚
1317 1463 1387 1487 aut
1403 1450 1643 1487 elementorum
1657 1453 1767 1488 inter.›

357 1504 444 1553 jectu
463 1505 636 1552 temperari
661 1519 670 1545 3
698 1508 731 1538 δέ
751 1503 900 1549 quamvis
915 1514 1028 1536 eorum
1045 1500 1220 1548 qualitates
1240 1503 1375 1552 integra:
1394 1512 1568 1543 maneant,
1596 1500 1616 1535 fi
1645 1513 1773 1536 earum·

359 1549 413 1586 ess(
422 1554 491 1586 ntia
510 1551 669 1600 speitetur
683 1580 694 1594 ,
715 1553 783 1585 vim
796 1563 909 1586 tamen
919 1549 1114 1598 qualitatum
1124 1550 1236 1597 frangi.
1262 1553 1343 1584 Sunt
1355 1552 1443 1585 enim
1458 1552 1492 1584 in
1509 1551 1615 1584 mixto
1630 1549 1758 1598 langui-

359 1601 466 1635 diores
480 1630 489 1644 ,
503 1602 589 1649 quod
599 1600 670 1634 aliae
681 1600 758 1634 alias
773 1598 959 1634 obtundant
972 1628 982 1642 ‚
1007 1610 1042 1633 ut
1053 1599 1163 1633 videre
1174 1599 1219 1632 est
1232 1600 1263 1634 in
1274 1598 1350 1633 oleo
1362 1598 1486 1633 vitrioli
1497 1627 1508 1642 ,
1529 1603 1562 1635 &
1574 1597 1634 1633 sale
1647 1601 1773 1633 tartariv

358 1649 445 1684 simul
467 1652 643 1699 permixtis,
657 1652 745 1686 Nam
755 1661 890 1696 uterque
906 1648 1015 1695 liquor
1026 1660 1163 1683 omnem
1179 1647 1337 1682 ferociam
1359 1653 1392 1684 &
1417 1650 1630 1683 acrimoniam
1647 1649 1737 1683 exuit
1748 1674 1776 1692 ,η

359 1705 393 1736 &
412 1711 450 1733 ex
460 1710 599 1747 utroque
615 1697 874 1746 fitcompofiturn
888 1709 975 1744 pene
984 1695 1164 1744 insipidum·
1178 1698 1239 1732 His
1251 1708 1361 1731 tamen
1372 1696 1552 1743 liquoribus
1563 1696 1620 1731 ubi
1630 1695 1758 1745 separa-

359 1751 385 1783 ti
398 1747 539 1791 fuerint,
561 1748 648 1795 quod
664 1758 747 1794 aegre
761 1746 927 1794 perficitur
939 1773 948 1786 ‚
966 1744 1018 1779 sna
1040 1746 1155 1791 cuique
1171 1746 1349 1778 acrimonia
1363 1743 1571 1780 remanebit·
1628 1753 1630 1757 “
1650 1750 1651 1759 ’

395 1797 496 1842 Quod
505 1797 630 1831 addunt
650 1804 757 1844 partes
767 1806 881 1829 omnes
895 1795 986 1829 mixti
997 1804 1049 1837 ¹‚ut
1063 1792 1226 1841 ligni‚effe
1242 1793 1463 1842 homogeneas
1479 1821 1489 1835 ,
1510 1798 1544 1829 &
1558 1792 1603 1828 sui
1618 1792 1766 1831 similes,-

373 1871 376 1874 .
394 1846 484 1893 Resp.
501 1857 608 1893 partes
625 1856 740 1880 omnes
757 1856 828 1891 quae
843 1842 932 1879 sensu
950 1844 1189 1891 percipiuntur,
1203 1840 1265 1877 effe
1282 1842 1505 1891 homogeneas
1522 1855 1531 1877 t
1547 1840 1601 1876 sed
1614 1841 1768 1878 nbicorae

358 1906 417 1944 pus
432 1896 463 1928 vi
483 1895 601 1930 caloris
615 1906 671 1929 aut
694 1896 777 1943 ignis
792 1894 950 1929 minutius
973 1892 1178 1934 conciditur,
1209 1904 1278 1928 tum
1302 1892 1434 1927 demum
1449 1890 1663 1940 intelligimus
1704 1904 1757 1926 ar..

360 1956 407 1978 tes
421 1944 473 1978 vel
488 1943 576 1980 sensu
589 1946 740 1979 minimas
756 1954 798 1978 ex
813 1944 907 1977 variis
919 1941 1090 1977 elementis
1118 1939 1180 1976 effe
1193 1940 1397 1989 compositas.
1421 1943 1475 1976 Sic
1496 1942 1618 1975 cineres
1638 1942 1671 1990 ip
1685 1953 1715 1983 ι,
1734 1939 1769 1976 fic

360 1991 480 2028 sensum
499 1995 637 2041 judicem
648 1992 802 2028 adhibeas
815 2022 824 2035 ,
840 2003 946 2040 partes
958 1990 1083 2027 habent
1096 1989 1149 2026 vel
1161 1990 1388 2027 minutiffimas
1405 2019 1415 2032 ‚
1441 1988 1499 2024 fibi
1516 1991 1653 2025 omnino
1673 1988 1757 2025 fimi-

360 2042 406 2077 les
419 2059 434 2085 3
445 2042 507 2077 sola
526 2055 635 2078 tamen
651 2055 743 2090 aquae
759 2042 869 2076 calidae
882 2038 1035 2077 affufione
1053 2045 1087 2077 ὃ(
1099 2039 1340 2089 percolatione,
1365 2038 1409 2075 sal
1430 2041 1464 2075 in
1481 2051 1565 2087 aqua
1584 2051 1768 2085 remanet,-

360 2093 417 2140 qui
430 2104 513 2139 aqua
526 2092 672 2128 exhalata
690 2094 733 2126 ini
746 2091 823 2129 vasis
838 2091 942 2127 fundo
955 2119 966 2134 ,
989 2101 1047 2124 aut
1061 2088 1213 2125 lateribus
1231 2089 1416 2127 concrescit.

403 2141 547 2189 Oppsv‘.
567 2143 602 2177 Si
628 2141 792 2176 elementa
812 2143 847 2176 in
873 2142 978 2176 mixto
1001 2140 1076 2175 actu
1100 2152 1274 2176 remanent
1288 2169 1298 2184 ,
1330 2141 1468 2176 mixtum
1491 2137 1573 2173 nihil
1593 2139 1655 2172 erit
1672 2148 1767 2185 prae--

359 2201 409 2224 ter
427 2202 636 2240 aggregatum
660 2204 718 2239 pet
736 2191 887 2226 accidens
900 2219 909 2234 ‚
934 2197 970 2224 ut
987 2201 1120 2223 acervus
1139 2202 1241 2225 arenae
1253 2220 1262 2233 ‚
1299 2200 1354 2224 aut
1380 2190 1496 2231 tritici,
1516 2199 1578 2222 nec
1593 2197 1698 2233 partes
1712 2186 1754 2222 il-

361 2239 421 2273 lius
442 2252 534 2275 erunt
551 2242 733 2283 continuae,
755 2240 807 2275 sed
833 2241 992 2287 contiguae
1015 2251 1022 2273 :
1046 2251 1082 2273 ea
1102 2240 1227 2287 quippe
1251 2240 1397 2274 dicuntur
1416 2238 1588 2278 continua,
1612 2247 1754 2282 quorum

362 2299 504 2322 extrema
525 2288 596 2324 sunt
618 2303 719 2325 unum
742 2304 750 2325 :
782 2301 819 2324 ut
841 2291 992 2337 contigua
1011 2286 1101 2331 sunt,
1131 2301 1268 2335 quorum
1287 2300 1393 2337 partes
1405 2287 1478 2321 sunt
1502 2282 1617 2320 fimul:
1644 2296 1752 2331 partes

361 2335 441 2370 verb
461 2339 541 2385 ignis
557 2345 591 2377 δε
601 2352 688 2388 aqua:
707 2338 770 2375 sese
785 2336 910 2387 possunt
921 2339 1124 2386 contingere,
1138 2336 1190 2373 sed
1203 2350 1314 2374 earum
1330 2347 1477 2372 extrema
1490 2346 1594 2371 unum
1612 2330 1673 2368 effe
1683 2346 1757 2369 non

362 2383 497 2432 pessunt.

1663 2431 1752 2480 Resp.
