1878 2724
547 135 872 173 TRAc-rArth
914 134 1140 173 PRIMUS.
1489 151 1525 182 17

112 216 118 220 .
157 187 336 241 Resp.-neg.
347 197 417 225 ane.
437 188 520 224 Non
531 199 619 222 enum
630 199 722 236 propi
731 189 759 220 ie
775 185 828 230 fit,
840 196 894 220 aut
904 197 1075 234 generatur
1087 185 1195 221 forma
1203 211 1214 228 ,
1226 182 1279 218 sed
1291 183 1437 220 educitur
1447 215 1456 229 ,
1482 200 1524 222 eo

127 241 226 277 modo
239 268 248 284 ,
262 252 331 288 quo
345 238 430 274 infra
445 237 689 272 dicturiiumus.
723 238 824 283 Qod
836 246 947 270 autem
971 234 1030 279 fit,
1054 247 1112 271 aut
1126 245 1297 286 generatur
1315 263 1325 278 ‚
1350 235 1455 283 ipsum
1475 237 1524 270 est

124 303 223 339 eomp
238 289 350 325 ›snum

171 338 248 384 Inst.
264 339 407 373 Materia
422 337 468 372 est
479 334 568 371 causa
587 336 699 371 formae
713 346 810 385 :ergo
821 338 853 370 δι
866 333 948 369 illius
968 335 1165 383 principium
1176 362 1186 378 ,
1201 345 1308 381 neque
1319 333 1403 369 adeo
1418 335 1525 371 fornia

123 388 167 423 est
183 391 324 436 primum
335 389 540 436 principium.

158 438 246 487 Resp-
260 439 431 472 materiam
445 443 477 472 δέ
494 435 636 471 formam
648 433 708 468 effe
722 431 778 468 sibi
805 445 920 468 mutuo
939 431 1044 467 causas
1060 434 1237 482 improprie
1258 432 1361 467 dietas
1374 460 1384 476 ,
1402 431 1454 468 sed
1475 433 1527 467 di-

122 486 215 524 verso
229 485 392 535 rel‘peeku:
410 485 465 520 illa
479 485 523 519 est
537 483 676 526 caustum
690 483 831 517 formam
840 481 1043 528 excipit,haec
1057 494 1093 516 ut
1102 485 1272 517 materiam
1292 480 1426 530 perficit.
1447 485 1526 517 Ma-

124 539 205 572 teria
225 547 333 571 tamen
361 537 450 584 prior
466 534 510 567 est
531 544 629 579 quam
649 532 755 567 forma
776 545 784 566 :
811 531 897 566 unde
913 528 1062 565 absolute
1084 532 1132 565 est
1179 534 1296 566 rimum
1311 534 1526 581 principium,

123 599 191 623 non
205 587 286 620 item
300 583 406 619 forma
416 611 426 626 ‚
437 594 509 629 quae
527 583 720 630 principium
736 581 851 615 dicitur
862 592 935 614 curn
945 578 1014 628 ipso
1028 545 1209 633 composito
1228 593 1427 629 comparata.

149 637 291 684 Urgent.
300 633 498 680 Principium
508 630 652 679 estprius
665 642 707 664 eo
719 635 808 677 cujus
819 630 861 663 cst
874 631 1070 677 principium
1083 643 1090 665 :
1101 631 1154 665 ied
1169 630 1277 665 forma
1289 643 1355 665 non
1372 630 1419 665 est
1434 635 1525 679 prior

124 683 430 733 generatione,cum
449 679 505 715 fiat
519 692 575 728 per
588 681 932 728 generationtmzergo
943 691 1010 715 non
1021 680 1068 714 cst
1078 682 1300 727 generationis
1321 682 1525 728 principium.

168 732 257 781 Resp,
271 730 416 775 distmin·
436 732 552 766 Forma
565 721 633 766 non
654 730 697 764 ‹st
713 732 801 777 prior
815 730 1029 778 generatione
1043 758 1052 772 ‚
1065 728 1084 763 si
1095 732 1264 778 generatio
1282 741 1341 778 pro
1354 730 1527 765 eduCkione

122 780 262 819 sumatur
277 809 286 824 ,
297 782 326 813 C
332 778 373 815 ..st
391 792 449 828 pro
465 781 564 814 totius
581 780 798 828 productione
810 807 820 822 ,
835 790 869 813 ut
880 789 994 812 revera
1006 781 1109 828 accipi
1127 778 1227 814 debet
1240 809 1250 824 ‚
1267 781 1320 815 N.
1339 781 1427 814 Prius
1439 782 1527 815 enim

126 831 233 867 forma
252 830 367 865 educta
387 831 586 878 concipitur,
606 841 705 878 quarn
724 840 831 864 totum
848 830 1008 875 genitum.

162 880 474 926 Contra-,inquiunt
487 907 497 921 ,
516 878 622 913 forma
647 878 934 914 nonest-terminus
966 879 1206 926 generationis,
1228 877 1279 913 sed
1294 877 1527 927 compositum:

121 931 214 977 atqui
234 941 273 963 ea
294 929 425 963 ratione
449 928 564 962 dicitur
586 930 779 978 principium
803 928 1039 976 generationiS,
1068 929 1146 974 quia
1163 928 1253 964 illam
1269 931 1423 964 terminat
1447 943 1455 964 ε
1474 941 1526 964 er-

122 992 167 1028 go
187 978 294 1013 forma
308 977 398 1012 nullo
410 977 510 1012 modo
523 977 570 1012 est
581 979 773 1027 principium
791 979 1024 1026 generationis-

170 1028 262 1075 Refp.
274 1027 347 1072 dist.
359 1031 439 1071 maj.
454 1027 569 1062 Forma
583 1041 649 1063 non
659 1028 704 1061 est
725 1028 881 1061 terminus
890 1026 1109 1075 generationis
1123 1025 1254 1060 ultimus
1267 1054 1277 1069 ‚
1301 1038 1456 1074 tanquam
1473 1040 1530 1077 ςε-

122 1078 302 1112 nerationis
315 1076 448 1111 effieetus
460 1105 470 1118 ,
484 1079 524 1111 C.
539 1090 606 1112 non
619 1077 660 1112 est
674 1078 829 1112 terminus
848 1078 1012 1124 proximus
1023 1104 1033 1119 ,
1044 1074 1097 1110 N.
1109 1076 1188 1111 Non
1202 1077 1291 1124 quod
1309 1076 1416 1112 forma
1427 1090 1528 1127 gene-

122 1137 212 1160 retur
223 1137 280 1160 aut
289 1123 346 1160 fiat
361 1154 370 1168 ‚
381 1124 434 1159 sed
447 1127 522 1172 quia
533 1139 590 1174 per
604 1139 676 1161 eam
694 1124 730 1160 fit
752 1138 826 1160 coin
853 1122 990 1161 esuum.-

159 1175 246 1223 Opp.
263 1189 288 1212 2.
316 1185 430 1209 contra
451 1176 691 1220 privationem:
705 1177 751 1209 rei
771 1138 961 1222 posizivae&
982 1172 1076 1208 realis
1092 1175 1289 1221 principium
1306 1175 1421 1210 itidem
1442 1175 1529 1211 reale

123 1224 168 1258 est
179 1252 188 1267 ‚
199 1228 233 1260 &
243 1222 434 1271 positivum:
447 1222 498 1257 secl
511 1226 652 1272 privatio
666 1223 747 1259 nihil
770 1223 815 1257 est
835 1223 922 1257 reale
936 1237 944 1258 :
962 1235 1042 1269 ergo
1053 1234 1121 1256 non
1133 1223 1240 1270 potest
1255 1221 1316 1258 effe
1332 1226 1529 1274 principium

122 1275 343 1322 generationis
355 1290 364 1316 ;
387 1274 531 1307 maxime
541 1285 614 1308 cum
624 1272 717 1308 nihili
729 1271 825 1307 nullae
835 1270 894 1306 (int
910 1271 1114 1307 affectiones.

164 1322 336 1371 Respfiilet
351 1321 422 1367 dist.
437 1326 513 1363 mas.
533 1325 622 1357 Entis
641 1321 734 1356 realis
754 1327 788 1358 δι
811 1319 941 1369 positivi
958 1322 1151 1369 principium
1176 1322 1290 1357 itidem
1309 1323 1353 1357 cst
1380 1322 1465 1357 reale
1481 1351 1489 1364 ,
1507 1323 1527 1357 fi

121 1369 158 1406 fit
169 1372 365 1420 principium
375 1372 462 1419 quod
477 1370 593 1408 influat
603 1374 635 1407 in
649 1372 911 1421 generationem,
932 1375 969 1407 C.
991 1369 1012 1405 si
1033 1372 1188 1406 terminet
1203 1384 1330 1408 tantum
1342 1375 1526 1421 generatio-

120 1431 196 1457 nem
208 1449 217 1464 ‚
236 1423 295 1458 Ns

158 1470 244 1519 Resp.
257 1470 354 1520 potest
366 1471 626 1519 2..privationcm
639 1468 700 1506 csse
718 1471 840 1508 realem
856 1501 864 1515 ,
875 1465 988 1506 saltem
1001 1500 1011 1515 ,
1035 1482 1071 1506 ut
1095 1471 1272 1520 loquuntur
1286 1501 1293 1514 ‚
1318 1485 1350 1507 in
1367 1471 1527 1520 obliquo:

122 1530 196 1554 curn
209 1522 354 1555 materia:
373 1519 443 1556 insit
456 1550 465 1564 ,
477 1523 542 1554 imo
554 1525 587 1557 &
601 1520 736 1556 alteram
748 1521 891 1557 formam
905 1519 1025 1556 habeat
1041 1534 1206 1558 annexam
1222 1533 1276 1556 :ut
1295 1524 1327 1555 in
1344 1525 1478 1556 materia
1491 1523 1527 1556 li·

121 1570 180 1617 gni
189 1568 233 1602 est
246 1571 387 1616 privatio
403 1570 516 1604 formae
529 1571 620 1616 ignis.
635 1572 754 1617 Neque
766 1571 820 1605 illa
832 1573 975 1618 privatio
986 1571 1029 1604 est
1040 1572 1118 1616 quid
1133 1571 1262 1606 realiter
1281 1570 1300 1605 a
1322 1573 1457 1606 materia
1476 1571 1526 1605 se-

123 1628 247 1652 cretum
260 1645 268 1659 ,
285 1617 336 1652 sed
351 1620 553 1667 cogitatione
566 1629 692 1652 tantuin
705 1648 714 1661 ,
732 1624 765 1655 &
780 1619 922 1653 formam
942 1618 1022 1664 ligni
1047 1619 1148 1654 habet
1169 1621 1376 1666 adjunctam:
1396 1621 1480 1654 unde
1491 1625 1525 1657 ἃ

123 1667 284 1714 principia
299 1667 449 1703 dicuntur
464 1669 638 1710 contraria,
654 1668 743 1715 quod
761 1669 904 1716 privatio
917 1669 960 1701 ita
973 1664 1087 1702 sitnon
1095 1680 1151 1703 ens
1166 1697 1175 1712 ,
1186 1680 1222 1703 ut
1234 1666 1356 1715 aliquid
1373 1671 1457 1705 entis
1472 1669 1522 1705 ha-

123 1713 201 1749 beat
221 1715 420 1761 adjunctum.

159 1765 288 1799 Contra
299 1792 306 1802 ,
321 1767 484 1811 inquiunt,
497 1777 576 1814 ergo
587 1764 696 1801 forma
707 1777 780 1814 quae
792 1766 916 1800 recedit
926 1793 934 1804 ,
951 1777 986 1800 ut
1002 1764 1108 1800 forma
1125 1765 1203 1815 ligni
1219 1767 1329 1815 potius
1346 1767 1392 1801 est
1405 1770 1524 1816 princi-

123 1815 215 1862 pium
230 1816 566 1861 generationi5‚qtiani
585 1827 674 1850 mera
692 1817 834 1865 privatio
849 1829 856 1851 :
876 1827 996 1850 cumea
1008 1814 1189 1863 expellatur
1198 1828 1255 1866 pet
1273 1815 1414 1851 formam
1428 1819 1522 1866 ignis:

122 1863 208 1898 unde
218 1862 264 1897 illi
276 1864 319 1897 est
329 1864 578 1911 quodammodo
591 1867 764 1900 contraria.

161 1911 425 1960 qup.-formam‚
438 1925 509 1961 quae
530 1914 652 1949 recedit
668 1942 677 1957 ,
690 1927 748 1963 per
765 1915 914 1949 accidens
934 1926 1060 1950 tantum
1083 1914 1203 1964 expelli
1220 1945 1230 1959 ‚
1249 1927 1314 1950 non
1334 1928 1390 1964 per
1413 1915 1452 1952 se.
1471 1919 1523 1952 Ut

125 1963 317 2010 cum'paties
331 1973 368 1997 ex
385 1967 479 2012 nigro
494 1961 530 1997 fit
539 1961 649 2007 albus,
668 1965 702 1998 id
711 1966 825 2008 utique
839 1965 883 1998 est
898 1976 938 1999 ex
959 1965 1121 1999 accidenti
1134 1966 1242 2012 ,quod
1256 1967 1347 2014 niger
1362 1964 1396 2000 fit
1413 1969 1521 2013 potius

126 2022 227 2057 quam
240 2010 306 2045 alio
316 2011 426 2047 colore
439 2014 554 2047 (iustus
571 2011 712 2062 :sed‘per
726 2013 756 2048 se
768 2012 806 2049 fit
821 2013 914 2048 albus
933 2025 971 2048 ex
983 2027 1051 2049 non
1065 2013 1156 2049 albo.
1171 2015 1285 2064 Qare
1304 2014 1413 2050 forma
1431 2028 1520 2050 rece-

129 2061 208 2094 dens
222 2071 288 2093 non
299 2060 346 2094 est
355 2063 550 2110 principium
567 2074 622 2109 per
634 2061 664 2097 se
677 2065 908 2110 generationis:
919 2062 1040 2111 alioqui
1054 2066 1160 2098 omnis
1175 2066 1342 2112 generatio
1353 2077 1391 2099 ex
1403 2063 1432 2098 se
1447 2063 1522 2099 css'ct

127 2105 294 2142 conversio
308 2110 455 2155 quaedam
468 2122 540 2157 quae
561 2111 744 2147 estmutatio
754 2111 797 2148 ab
809 2124 875 2149 una
887 2112 1005 2160 gforma
1023 2113 1062 2147 ad
1078 2113 1182 2148 aliam-
1203 2127 1210 2148 :
1234 2125 1269 2148 ut
1286 2116 1458 2162 generatio
1479 2115 1522 2148 est

127 2155 272 2191 transitus
284 2156 304 2192 ὲ
316 2160 499 2206 privatione
507 2159 547 2193 ad
563 2158 711 2197 formam.

156 2206 238 2257 [nst.
255 2208 453 2255 Principium
470 2210 538 2242 vim
555 2207 640 2244 suam
656 2212 774 2255 exer-it,
789 2222 864 2246 cum
879 2213 983 2249 existit
1017 2226 1024 2248 :
1052 2211 1102 2246 sed
1123 2223 1194 2247 cum
1218 2216 1361 2262 privatio
1391 2224 1521 2246 concur-

128 2257 169 2290 rit
188 2255 227 2289 ad
244 2259 492 2303 generationem
506 2286 515 2299 ‚
526 2261 589 2306 jam
603 2271 670 2293 non
685 2260 729 2293 est
747 2273 754 2295 :
775 2258 828 2294 nifi
841 2264 928 2297 enirn
954 2261 1032 2297 adsit
1045 2259 1177 2296 effictus
1190 2291 1198 2305 ,
1218 2265 1358 2311 privatio
1375 2261 1520 2296 nondum

130 2305 177 2339 est
194 2307 406 2353 principium:
419 2305 476 2341 ubi
491 2319 568 2341 vero
583 2308 667 2341 adest
677 2316 766 2344 nova
779 2308 886 2346 forma
897 2306 985 2354 ‚aut
1000 2309 1225 2358 compositum,
1239 2325 1308 2347 nou
1322 2311 1367 2345 est
1381 2309 1518 2359 amplius

129 2355 285 2402 privatio:
301 2356 431 2402 quando
445 2368 523 2393 ergo
539 2369 653 2391 munus
674 2356 761 2392 suum
777 2357 874 2395 obit?

184 2403 273 2452 Rsssp·
291 2404 411 2487 {nultus
437 2396 592 2454 ejusmodi
610 2408 700 2442 tricas
718 2407 840 2446 innecti
853 2437 867 2453 „
881 2421 951 2456 quae
964 2421 1033 2445 non
1051 2407 1121 2444 sunt
1140 2411 1251 2459 magni
1270 2407 1352 2445 usus,
1373 2411 1518 2445 Breviter

308 2455 382 2494 em.
405 2456 461 2491 ll..
1315 2459 1346 2494 C
