1878 2724
352 141 411 181 650
896 132 936 167 ,Ρ
947 132 980 167 H
992 132 1022 166 Y
1035 131 1055 165 S
1065 131 1078 164 1
1090 128 1120 165 C
1134 129 1173 164 ΑΞ
1213 134 1221 139 “

352 184 436 232 pisce
450 183 517 220 sunt
532 184 647 219 itidem
666 182 780 218 dentes
790 179 930 217 molares
944 181 984 215 ad
997 178 1233 216 conterendum
1253 175 1372 212 idonei.
1405 178 1439 212 In
1452 177 1556 225 pisce,
1575 178 1633 226 qui
1652 177 1751 228 vulgo

351 235 498 281 requiem
510 236 690 275 vocitatur,
709 230 799 279 quod
807 242 894 265 certa
911 242 997 265 mors
1017 242 1072 263 eos
1091 239 1225 264 maneat
1237 255 1247 270 ‚
1266 239 1359 273 quos,
1367 226 1520 261 dentibus
1539 230 1751 276 corripuerit,

352 283 466 317 dentes
475 280 686 317 suntlatiores
699 311 706 325 ‚
717 286 751 319 &
765 280 854 329 plani
868 308 878 322 ‚
898 278 1006 328 figutae
1016 274 1295 326 triangtilari5‚sed
1305 278 1339 311 in
1351 275 1583 313 serrae'modum
1595 276 1691 314 incifi.
1711 280 1750 314 ln

351 330 435 378 sepia
449 360 457 373 ‚
478 330 577 380 vulgo
593 333 627 366 la
637 330 748 377 fiche,
767 329 845 365 nulli
864 329 935 365 sunt
944 328 1139 371 dentes-‚est
1162 326 1296 361 rostrum
1314 325 1480 373 quoddam
1502 324 1625 374 psittaci
1643 327 1749 362 rostro

350 392 416 414 non
430 378 585 415 diffimile.
602 379 728 416 Verum
745 391 866 415 uaturae
880 378 1044 413 historiam
1061 390 1128 412 non
1141 373 1306 410 scribimus
1317 404 1326 418 ,
1345 386 1383 411 ea
1403 387 1528 412 tantum
1546 387 1618 424 quae
1630 387 1748 423 occur,-

349 440 424 464 runt
434 458 444 472 ‚
462 434 496 467 ὃς
508 430 672 480 Physicam
685 429 840 466 illustrare
849 426 987 478 potsunt,
1005 426 1122 462 leviter
1132 426 1331 474 attingimus.

881 527 913 563 G
935 527 964 562 A
987 528 1011 563 Ρ
1030 527 1065 563 U
1088 528 1119 562 T
1162 527 1218 561 ΙΙ.

678 627 732 662 De
746 625 890 674 ficunda
909 627 1134 662 alimentorum
1157 620 1397 675 praeparatione'.

347 727 506 814 Clbus
523 728 632 775 itaque
645 725 764 763 alendo
774 728 902 775 corpori
915 726 1101 762 necessarius
1117 723 1269 761 dentibus
1279 707 1533 768 atteritugsaliva
1543 736 1642 773 quam
1653 724 1747 774 glan-
1765 712 1777 722 ⁶

433 777 512 812 dulae
528 789 584 812 ore
602 787 764 812 contentae
780 788 817 811 ac
828 774 1033 824 potiffimiim
1051 774 1231 811 maxillares
1244 772 1464 823 suppeditant,
1480 773 1676 818 exsolvitur3
1691 787 1749 823 pet

344 827 555 876 oesophagum
569 856 578 872 ‚
595 827 646 864 seu
663 826 773 874 gulam
790 826 972 861 demittitur
987 829 1019 862 in
1036 823 1254 861 ventriculum
1268 838 1276 860 :
1295 836 1353 858 nec
1370 834 1497 859 tantum
1523 823 1576 859 suo
1601 825 1748 872 pondere

348 881 360 920 (
378 890 454 912 nam
468 879 500 911 in
511 876 669 924 plerisque
682 874 902 910 animantibus
914 875 1005 910 cibus
1017 904 1026 918 ,
1040 887 1096 909 aut
1112 886 1207 922 potus
1225 876 1257 908 in
1270 872 1335 921 ipsa
1348 874 1562 921 deglutitione
1577 874 1746 916 ascendia)

343 925 396 961 sed
409 924 556 960 musculis
568 925 710 960 faucium
721 953 730 968 ‚
741 924 882 972 laryngis
896 952 906 967 ,
920 929 953 961 δε
966 924 1131 972 oesophagi
1145 925 1178 957 in
1194 935 1292 956 unum
1308 921 1561 969 conspirantibus
1577 921 1748 957 delabitur.
1762 962 1765 966 .

344 976 445 1011 Unde
454 985 567 1022 aperto
580 986 636 1009 ore
647 1002 656 1016 ‚
675 985 731 1008 aut
741 984 852 1007 exerta
870 972 977 1021 lingua
986 973 1145 1021 deglutire
1156 984 1220 1006 non
1233 970 1404 1018 possiimus.
1423 971 1560 1006 Sublata
1572 973 1667 1019 igitur
1686 971 1748 1007 lin-

343 1037 411 1072 guae
429 1025 537 1058 radice
548 1052 557 1066 ,
569 1023 711 1072 laryngis
724 1033 816 1070 parte
828 1021 950 1057 summa
958 1021 1080 1056 occlusa
1093 1051 1102 1064 ‚
1122 1020 1273 1069 petillius
1288 1019 1475 1066 operculum
1489 1020 1748 1068 cartilagineum‚·

343 1072 633 1121 seuepiglottidem
644 1100 655 1115 ‚
669 1070 760 1106 velut
770 1082 828 1119 per
837 1068 1014 1118 subjecstum
1030 1081 1164 1118 pontem
1173 1066 1263 1103 cibus
1275 1069 1309 1102 in
1321 1067 1431 1116 gulam
1448 1097 1457 1111 ‚
1478 1067 1530 1103 seu
1548 1071 1581 1103 in
1597 1069 1747 1117 oesopha-

340 1135 417 1172 gum
435 1123 630 1158 demittitur.
650 1119 865 1168 Oesophagus
878 1131 1035 1168 tanquam
1045 1119 1148 1154 saccus
1160 1147 1171 1162 ,
1182 1129 1216 1152 ut
1226 1119 1356 1153 Harvaei
1366 1117 1517 1166 exemplo
1527 1129 1596 1153 utar
1607 1147 1616 1161 ‚
1632 1119 1672 1152 ad
1684 1121 1747 1154 im-

342 1171 500 1220 plendum
523 1170 684 1206 attollitur
698 1198 708 1213 ,
732 1175 768 1207 δε
781 1170 822 1204 ad
836 1169 1068 1218 excipiendum
1084 1168 1248 1203 dilatatur.
1267 1165 1372 1202 Cibus
1393 1167 1490 1202 saliva
1509 1167 1651 1215 perfusus
1668 1167 1748 1203 faci-

341 1220 403 1257 lius
413 1222 535 1256 decidit
546 1250 555 1264 ‚
573 1233 634 1256 nec
643 1222 802 1270 parietum
816 1218 980 1268 oesophagi
994 1218 1163 1267 asperitate
1174 1219 1342 1252 retinetur.
1359 1218 1489 1252 Omnes
1506 1218 1538 1253 hi
1552 1229 1659 1252 motus
1673 1231 1747 1255 cum

341 1284 382 1306 ex
391 1272 525 1315 ordine,
540 1269 618 1305 licet
638 1270 658 1306 a
675 1268 802 1305 diversis
818 1271 946 1318 organis
965 1267 1194 1317 perficiantur,
1212 1279 1312 1301 unum
1330 1277 1440 1301 tamen
1450 1278 1588 1312 motum,
1600 1273 1632 1305 &
1647 1265 1745 1304 unam

340 1322 506 1356 actionem
519 1349 528 1364 ‚
544 1333 613 1368 quae
624 1319 799 1369 deglutitio
808 1319 923 1353 dicitur
937 1348 946 1362 ‚
966 1320 1102 1353 omnino
1114 1314 1272 1352 efficiunt.
1291 1318 1372 1352 Non
1392 1316 1488 1351 aliter
1505 1316 1574 1351 fere
1595 1328 1695 1365 atque
1712 1320 1754 1354 in-

340 1371 445 1405 cordis
457 1382 550 1405 motu
562 1370 678 1404 accidit
688 1399 697 1413 ,
711 1370 768 1417 qui
783 1369 861 1404 teste
876 1369 993 1403 eodem
1003 1368 1145 1404 Auctore
1161 1366 1208 1400 est
1222 1365 1398 1414 deglutitio
1409 1366 1559 1413 quaedam
1573 1371 1607 1413 ὃς
1619 1365 1747 1415 sangui-

340 1422 389 1455 nis
402 1421 420 1457 ὲ
432 1422 522 1456 venis
535 1423 568 1456 in
583 1421 717 1454 arterias
732 1417 912 1454 transfusio,
922 1420 1012 1454 Nam
1029 1429 1135 1452 motus
1149 1415 1254 1450 cordis
1273 1421 1306 1452 δε
1322 1415 1535 1450 auricularum
1555 1415 1631 1451 licet
1647 1416 1746 1451 alter.

340 1469 456 1505 nis'fiat
466 1501 474 1515 ‚
493 1482 573 1505 uuus
587 1480 695 1504 tamen
705 1468 838 1507 &idem
850 1468 999 1514 yidetur3
1015 1478 1156 1515 cumque
1167 1477 1223 1500 cor
1234 1463 1297 1500 sese
1311 1466 1422 1513 erigit,
1439 1464 1649 1501 undulatione
1663 1478 1745 1514 qua..

340 1521 417 1555 dam
433 1518 463 1554 se
481 1530 686 1566 contorquet.
704 1545 710 1551 .

372 1572 486 1617 Itaque
502 1569 572 1605 suut
587 1569 717 1616 quidam
733 1567 880 1613 musculi,
898 1566 1017 1616 quibus
1031 1565 1096 1601 cibi
1113 1566 1133 1602 a
1155 1566 1265 1615 lingua
1280 1567 1312 1601 in
1335 1564 1544 1613 oesophagum
1565 1564 1745 1600 demittun-

341 1630 390 1653 tur
410 1633 418 1655 z
435 1619 504 1654 sunt
515 1619 569 1654 alii
586 1621 641 1666 qui
657 1617 813 1654 summam
833 1617 1001 1666 oesophagi
1018 1628 1145 1666 partem
1167 1616 1341 1664 stringunt,
1357 1626 1392 1649 nt
1409 1612 1500 1649 cibus
1515 1627 1555 1649 eo
1569 1615 1742 1663 perductus

339 1669 546 1704 concludatur
569 1668 758 1717 oesophago.
789 1668 857 1704 Alii
874 1666 954 1703 vero
968 1666 1099 1703 musculi
1122 1665 1332 1714 oesophagum
1360 1664 1455 1699 instar
1483 1663 1562 1698 sacci
1576 1663 1743 1700 attollunt.-

340 1719 486 1764 Qiidam
502 1718 657 1766 paulatim
669 1724 701 1755 &
714 1716 887 1753 succeffive
901 1730 975 1752 eum
987 1715 1186 1752 contrahunt
1196 1744 1205 1758 ‚
1220 1720 1253 1752 &
1269 1715 1288 1750 ὲ.
1304 1725 1557 1770 tergopreniunt
1576 1728 1583 1749 :
1608 1713 1692 1748 adeo
1706 1726 1743 1749 ut

338 1769 425 1802 actio
437 1767 569 1815 illajure
588 1768 786 1816 peristaltica
804 1770 966 1803 vocitetur
984 1796 994 1810 ,
1009 1779 1112 1814 eaque
1132 1763 1330 1814 potiffimum
1350 1765 1382 1798 iu
1400 1762 1621 1797 animantibus
1640 1775 1708 1810 quae
1726 1765 1744 1800 ὲ

340 1829 423 1852 terra
435 1816 546 1853 cibum
567 1829 681 1866 petunt
693 1818 755 1860 ‚est
773 1817 942 1866 conspicua
960 1833 968 1860 ·,
990 1829 1105 1863 potum
1118 1813 1198 1849 vero
1207 1814 1340 1849 demisso
1358 1815 1464 1861 capite
1477 1811 1591 1847 sursum
1611 1812 1744 1847 trahunt

339 1869 472 1914 pectore
482 1867 617 1902 dilatato
627 1896 636 1909 ,
652 1868 790 1901 eandem
806 1867 850 1901 ob
862 1868 1021 1901 rationem
1033 1878 1096 1912 qua
1111 1863 1189 1912 saepe
1203 1864 1342 1899 diximus
1354 1873 1473 1908 aquam
1489 1860 1614 1895 sublato
1625 1873 1697 1895 aere
1709 1863 1744 1897 in

336 1916 471 1950 antliam
487 1943 496 1958 ,
509 1926 561 1949 aut
576 1918 608 1949 in
618 1915 778 1961 syringem
789 1914 910 1949 attolli.
931 1917 982 1948 Sic
993 1916 1069 1960 equi
1082 1912 1222 1959 frigendo
1238 1910 1364 1946 bibunt.
1397 1910 1530 1945 Accedit
1540 1912 1639 1944 etiam
1653 1910 1742 1954 aCtio

336 1964 550 1998 musculorum
565 1963 752 2011 peristaltica
764 1992 773 2005 ,
787 1964 827 1997 de
843 1974 907 2010 qua
924 1976 1004 1998 mox
1023 1959 1157 2010 egimus.

374 2016 453 2048 Hsec
474 2012 552 2048 vero
566 2013 644 2048 fient
667 2012 839 2047 illustriora
859 2011 1017 2056 explicata
1034 2011 1126 2059 ipsius
1144 2009 1305 2058 oesophagi
1317 2039 1326 2053 ‚
1345 2014 1378 2045 &
1390 2006 1564 2043 ventriculi
1579 2008 1742 2045 structura.

336 2062 393 2098 Ille
404 2064 536 2112 quidem
549 2091 558 2105 ,
573 2074 608 2098 ut
621 2061 795 2110 diligenter
813 2073 924 2109 praeter
938 2073 1071 2096 caeteros
1082 2073 1181 2106 nuper
1192 2057 1337 2107 exposuit
1350 2059 1497 2094 Thomas
1517 2058 1644 2092 Vvillis
1654 2053 1667 2101 ,”
1681 2059 1739 2091 tri„

336 2116 411 2164 plici
426 2113 551 2148 constat
571 2114 676 2147 tunica
689 2140 698 2154 ‚
717 2124 852 2158 quarum
868 2113 984 2147 intima
1003 2123 1073 2146 tota
1095 2111 1137 2145 est
1151 2107 1286 2144 nervosa
1302 2114 1336 2145 δε
1355 2106 1512 2155 exquisito
1530 2106 1616 2141 sensu
1631 2108 1743 2141 instru-

335 2169 436 2209 ἅλμη
447 2175 518 2210 quae
533 2173 622 2211 grata
635 2160 764 2203 sunt,ab
785 2163 919 2208 ingratis
935 2160 1168 2197 secernatHoec
1186 2161 1298 2194 intimi
1314 2156 1356 2192 sui
1373 2157 1535 2204 superficie
1558 2155 1736 2204 viuossrap-

334 2219 475 2262 patet‚&
487 2210 573 2260 quasi
588 2211 742 2258 lanugine
754 2210 894 2257 quadam
903 2208 1187 2247 obductaAEadem
1202 2208 1245 2242 est
1259 2214 1291 2244 &
1303 2209 1491 2242 continuata
1503 2219 1575 2240 cum
1586 2218 1621 2239 ea
1633 2218 1741 2240 mem-

335 2266 435 2301 brana
446 2292 456 2306 ,
472 2274 544 2308 quae
558 2260 839 2308 palatiim‚fauces
852 2288 860 2303 ‚
880 2271 916 2294 os
928 2258 1029 2303 ipsum
1046 2288 1053 2301 ,
1070 2266 1102 2297 &
1117 2258 1202 2294 labia
1216 2257 1350 2292 obducit
1366 2273 1373 2297 3
1392 2258 1459 2289 imo
1475 2256 1512 2289 ad
1526 2254 1741 2289 ventriculum

335 2316 446 2363 usque,
457 2317 491 2348 ἃ
503 2311 650 2347 intestina
665 2322 703 2344 ea
715 2311 888 2358 porrigitur
902 2323 910 2344 z
931 2307 982 2342 sed
993 2310 1075 2344 infra
1089 2307 1247 2344 orificium
1261 2305 1430 2341 ventriculi
1448 2303 1544 2339 craffii
1560 2303 1737 2338 admodum

333 2366 397 2405 est,
429 2367 464 2399 δε
480 2361 531 2397 *ab
554 2360 615 2396 alia
640 2362 796 2396 interiore
821 2358 917 2396 facili:
938 2357 1108 2408 separatur.
1137 2360 1226 2394 Hinc
1242 2368 1331 2393 tanta
1349 2358 1434 2391 iuter
1455 2354 1524 2389 illas
1543 2365 1646 2402 partes
1660 2366 1740 2389 con-

334 2412 444 2449 sensio.
1274 2425 1278 2429 .
