1878 2724
555 129 589 165 D
600 122 624 166 Ε
653 130 677 166 r>
694 129 721 165 L
736 130 762 165 A
777 130 812 166 N
828 130 858 165 τ
875 131 891 164 1
904 130 936 166 s:
1415 148 1430 170 π

36 175 217 221 ditm-acidis
225 176 359 227 perfusae
377 176 600 217 effervescunt.
618 181 754 226 Spiritus
768 180 836 214 vini
849 177 1043 214 mirificatus
1059 189 1132 213 cum
1149 189 1231 226 aqua
1247 176 1324 214 forti
1339 143 1428 216 cerltga

34 230 246 277 proportione
262 228 432 276 permistus
459 227 599 263 multum
619 225 929 275 effirvescir.Atque
941 240 981 262 ex
995 227 1056 262 hac
1072 226 1306 263 observatione
1318 230 1426 277 expli-

32 280 96 311 cari
109 276 195 324 polle
212 289 304 324 putat
319 305 330 322 ‚
349 290 413 324 qua
433 290 557 311 ratione
568 276 673 312 morbi
684 279 769 311 acuti
782 278 885 311 statim
895 275 924 312 se
942 277 1097 325 prodant,
1115 281 1148 312 &
1159 276 1426 327 crifijudicenrur.

32 327 115 363 Non
130 327 219 360 enim
229 338 286 373 per
295 327 409 375 gradus
420 325 620 361 invalescunt
633 339 641 360 :
656 324 709 359 sed
723 324 779 360 ubi
792 326 831 360 ad
844 337 967 360 certum
982 325 1113 374 gradum
1134 325 1231 360 causae
1245 326 1424 363 morbificae

32 374 240 412 increverunt
253 403 262 417 ‚
285 377 317 409 in
328 388 392 422 quo
403 386 513 410 natura
533 376 654 409 irritata
671 374 835 408 decertate
849 377 987 422 cogitur.
1025 375 1174 408 Vidimus
1195 375 1336 423 spiritum
1352 378 1427 412 nitri

32 421 190 471 paulatim
207 422 344 460 affusum
361 422 483 471 spiritui
500 425 571 458 vini
592 421 753 458 intensum
782 423 864 458 adeo
891 423 1032 458 calorem
1051 423 1122 472 post
1147 423 1280 470 aliquod
1299 436 1425 474 tempus

32 482 199 520 procreare
212 500 221 515 ‚
235 484 270 507 ut
283 475 399 508 vitrum
411 471 558 507 manibus
573 473 764 507 contreetati
782 485 848 506 non
864 471 974 519 polset,

69 521 183 566 Qare
199 523 254 568 qui
266 523 374 556 omnia
393 520 463 555 fere
481 521 519 554 ad
532 522 658 555 acidum
674 549 683 563 ,
702 525 735 557 &
746 519 838 554 alcali
852 520 1016 564 referunt,
1034 523 1055 555 ii
1073 520 1172 556 multa
1188 520 1247 555 sure
1264 522 1424 570 opinionis

32 579 222 618 argumenta
235 569 401 618 ex-analysr
415 570 596 618 plantarum
613 568 739 617 possunt
751 569 953 617 depromere.
974 573 1060 606 Nam
1075 570 1144 605 haec
1163 570 1232 604 sunt
1255 571 1347 605 velut
1359 572 1424 606 duo

32 629 180 660 extrema
190 629 295 653 rerum
309 621 466 667 principia
478 647 487 662 ,
503 617 644 666 quael‘ele
653 631 765 653 mutuo
781 619 956 653 retundunt
975 624 1009 655 ὃς
1021 630 1223 666 temperant,
1242 631 1344 666 eaque
1363 618 1424 654 effe

32 665 195 714 utriusque
205 666 462 703 fermentationis
474 669 630 715 principia
651 679 721 702 tum
735 672 801 715 ejus
817 679 889 714 quae
898 667 1050 702 naturalis
1062 669 1105 701 est
1115 697 1124 711 ,
1143 673 1176 703 &
1197 668 1236 701 ad
1255 670 1425 702 maturitii-

34 724 101 754 (em
114 715 237 759 tendit,
252 728 320 751 turn
332 719 434 751 etiam
450 716 541 751 illius¹
554 718 672 763 quae'in
684 728 926 764 corruptionem
946 715 1056 750 delinit
1069 745 1078 759 ‚
1089 729 1154 751 non
1165 715 1318 750 abhorret
1334 716 1352 751 ὸ.
1367 730 1425 752 ve-

31 763 162 800 rifimili.
181 765 392 800 imo-acidum
409 765 563 801 humores
571 764 740 812 coagulare
755 793 764 808 ,
781 764 953 799 {ulfureum
962 765 1098 800 fundere
1113 764 1212 811 vulgo
1225 765 1426 801 notiffimunt

31 814 83 848 est.
99 811 222 848 Verum
234 826 271 847 ea
281 825 390 848 tamen
409 817 560 848 cautione
574 825 671 860 quam
686 816 744 849 Vir
757 811 881 848 Clariis.
895 817 937 849 D.
949 813 1089 848 Dodard
1103 812 1237 848 adhibet
1251 843 1260 857 ‚
1274 813 1340 848 haec
1357 814 1427 850 sunt

31 863 366 910 accipienda.-Neque
376 865 464 897 enirn
482 864 512 897 id
528 875 626 897 omne
641 863 730 909 quod
744 861 914 897 sulfureum
927 862 972 896 est
985 875 1058 896 cum
1071 864 1188 909 quovis
1204 863 1298 897 acido
1311 863 1429 898 conso-

32 912 154 954 ciarum
170 920 268 958 atque
280 923 316 946 ut
325 922 403 946 mox
414 913 574 946 innuimus
587 939 598 954 ‚
617 911 765 957 quaedam
779 910 914 946 sulfurea
923 910 1096 959 coagulant
1107 939 1116 954 ‚
1131 921 1166 945 ut
1182 913 1274 945 acida
1288 913 1427 947 nonnul-

32 958 64 995 la
73 959 223 995 humores
237 959 381 995 fundunt
392 988 401 1003 ,
414 972 470 995 aut
480 959 740 1009 coagulationem
758 971 891 995 arcenn-
912 960 947 993 ld
961 960 1091 994 demum
1108 961 1239 1008 cognitu
1254 958 1329 994 esset
1348 962 1426 997 utile

32 1021 98 1056 quo
110 1009 204 1043 acido
218 1008 282 1043 tale
291 1008 461 1044 sulfureum
473 1012 804 1057 tempereturNeque
814 1011 902 1044 enim
912 1009 1029 1043 eadem
1040 1008 1083 1043 est
1092 1010 1238 1044 omnium
1248 1010 1427 1056 addetum,

32 1068 86 1094 aut
99 1067 213 1092 eorum
226 1069 298 1104 quae
310 1057 449 1092 sulfurea
465 1058 535 1092 sunt
547 1083 567 1101 „
583 1069 707 1092 natura:

65 1109 110 1142 Ex
126 1108 163 1141 iis
176 1118 310 1153 quoque
325 1106 357 1140 id
375 1106 484 1155 colligi
499 1107 723 1155 poterir‚acida
737 1116 803 1154 pen
812 1105 1026 1147 mainsendem
1045 1102 1105 1140 esse
1115 1105 1281 1154 frigidiora
1293 1133 1302 1149 ‚
1314 1119 1350 1142 ut
1364 1107 1426 1143 sul-

32 1154 152 1203 phurea
175 1154 352 1190 calefacere
367 1160 400 1192 ὅ(
413 1167 595 1190 txtenua-re.
609 1155 708 1201 Qrod
725 1166 832 1189 autem
847 1153 957 1204 objicit
966 1155 1176 1191 DMariom
1187 1154 1354 1202 plerasque
1364 1156 1426 1192 effe

33 1203 245 1252 plantaS,quae
257 1206 342 1238 inter
356 1203 581 1252 refrigerantes
594 1199 794 1246 celenturssx
805 1203 924 1249 quibus
938 1215 1046 1237 tamen
1063 1202 1205 1249 liquores
1216 1216 1298 1250 pene
1311 1217 1425 1240 omnes

32 1251 168 1288 sulfurei
189 1257 222 1289 ὃς
235 1251 348 1287 urinofi
365 1253 537 1288 eliciuntur
556 1253 784 1294 31utla6kucam
797 1281 806 1296 ‚
821 1258 855 1289 &
879 1252 1060 1287 cichoreum
1076 1268 1084 1294 3
1112 1263 1171 1285 nec
1188 1251 1346 1287 diversam
1363 1252 1426 1288 effe

34 1312 179 1337 naturam
190 1303 319 1336 'unioris
335 1301 450 1349 plantae
467 1307 500 1338 δε
515 1300 634 1336 adultae·
653 1315 660 1337 :
684 1298 758 1335 cum
773 1312 879 1336 tamen
891 1300 946 1335 illa
963 1300 1101 1336 multum
1116 1299 1266 1345 sulfurei,
1278 1301 1346 1336 haec
1355 1302 1424 1350 plus

34 1349 119 1387 acidi
129 1362 189 1398 pra:
217 1361 279 1385 eat.
294 1352 545 1398 Huic‚inquam
562 1379 571 1393 ,
592 1350 774 1397 objeetioni
795 1349 977 1398 responderi
998 1350 1103 1398 potest
1116 1353 1272 1397 majorem
1303 1350 1426 1386 haben-

35 1399 110 1434 dam
119 1396 180 1433 csse
190 1400 352 1433 rationem
363 1398 455 1446 ipsius
470 1398 634 1447 analyseos
650 1428 658 1442 ,
675 1405 707 1436 &
717 1401 924 1446 experientiae
939 1398 1038 1446 quam
1050 1409 1189 1446 receptae
1198 1398 1329 1448 alicujus
1340 1429 1348 1443 ,
1365 1413 1425 1436 nec

35 1444 121 1482 bene
133 1446 293 1495 perpensae
302 1448 618 1495 opinionis-Deinde
633 1447 701 1483 fieri
717 1447 869 1495 potestur
883 1448 971 1494 quod
987 1447 1029 1481 est
1047 1446 1216 1482 sulfureum
1229 1450 1263 1482 in
1277 1449 1400 1483 lactuca
1413 1478 1423 1492 ‚

34 1496 196 1545 eychoreo
205 1524 214 1539 ‚
225 1497 407 1543 portulaca,
420 1497 516 1545 longe
529 1496 698 1532 intenliote
710 1496 822 1530 caloris
832 1497 930 1544 gradu
945 1524 954 1537 ,
983 1496 1082 1542 quam
1098 1498 1153 1543 qui
1170 1496 1265 1531 nobis
1276 1498 1319 1531 est
1332 1509 1425 1532 natu-

35 1544 108 1580 ralis
123 1574 133 1588 ‚
159 1545 326 1580 evolvatur
339 1556 438 1580 :cum
456 1546 558 1594 plures
577 1545 691 1592 plantae
706 1544 812 1579 calidae
831 1550 865 1581 &
877 1546 1057 1578 aromaticae
1074 1544 1211 1579 multum
1225 1546 1309 1579 acidi
1328 1548 1360 1580 in
1376 1547 1424 1580 di-

36 1592 208 1629 stillatione
218 1593 416 1642 profundant
429 1608 436 1629 :
449 1594 535 1642 quod
548 1605 657 1628 earum
671 1592 778 1627 oleum
798 1591 958 1627 elsentiale
970 1592 1034 1627 leni
1047 1592 1152 1627 calore
1167 1592 1197 1626 se
1211 1594 1343 1641 prodat:
1362 1607 1423 1629 un-

36 1642 78 1677 de
98 1647 132 1679 &
146 1642 285 1677 calorem
305 1641 391 1676 suum
414 1643 516 1677 statim
536 1641 703 1689 explicant·
725 1642 788 1676 Sed
807 1644 838 1676 in
854 1641 1033 1676 universum
1055 1640 1123 1688 quo
1145 1641 1213 1688 plus
1231 1642 1276 1675 est
1295 1642 1425 1678 sulfurei

37 1702 94 1725 aut
111 1693 238 1726 acrioris
254 1690 338 1731 succi
354 1693 388 1726 in
409 1691 517 1739 planta
531 1720 540 1734 ‚
565 1689 627 1726 hoc
641 1690 773 1725 calidior
791 1691 922 1725 est-Sic
939 1690 1080 1736 liquores
1108 1692 1201 1725 mixti
1223 1689 1425 1726 dissolvendis

36 1737 225 1788 corporibus
244 1738 319 1774 sunt
327 1743 466 1774 maxime
482 1741 610 1782 idonei3
625 1740 723 1786 idque
738 1741 839 1787 magis
857 1738 1043 1781 obtinebit3
1058 1737 1078 1772 fi
1088 1749 1226 1785 quaeque
1235 1752 1373 1787 corpora
1386 1753 1426 1775 ex

38 1789 181 1825 acido&
199 1786 290 1823 alcali
302 1789 465 1832 constent,
482 1801 542 1824 nec
560 1790 730 1835 quicquam
743 1787 811 1822 fere
828 1786 862 1821 fit
877 1788 1001 1822 acidum
1019 1789 1124 1821 omnis
1141 1787 1269 1822 sulfurei
1289 1800 1400 1836 expers
1415 1818 1425 1832 ‚

39 1847 95 1872 aut
106 1839 179 1872 vice
188 1837 285 1873 versa.
298 1839 386 1872 Hinc
401 1839 491 1872 mixti
504 1837 646 1884 liquores
658 1865 667 1879 ‚
680 1842 712 1874 ὃ(
727 1837 749 1869 ii
768 1839 907 1871 maxime
918 1838 975 1882 qui
993 1848 1034 1871 ex
1053 1838 1161 1870 tritico
1178 1846 1330 1870 eruuntur
1343 1867 1351 1880 ,
1369 1850 1425 1872 ex-

43 1885 205 1922 trahendis
221 1887 368 1921 tinCturis
382 1886 435 1920 vel
450 1886 659 1933 quarumdam
671 1897 873 1934 gemmarum
892 1885 986 1921 utiles
1005 1886 1132 1920 inventi
1145 1884 1237 1928 sunt«,
1257 1896 1356 1932 atque
1385 1886 1427 1921 eo

38 1936 141 1982 magis
152 1933 217 1980 quo
228 1934 420 1969 solutionem
432 1934 552 1970 virtioli
563 1933 660 1968 rubro
672 1934 779 1968 colore
794 1936 893 1981 magis
914 1936 1065 1980 tinguun-

74 1981 135 2017 Etfi
148 1985 229 2016 vires
240 1982 418 2026 plantarum
429 1983 628 2017 mechanicas
645 1994 753 2017 earum
772 1981 1042 2030 dispositionis&
1063 1984 1201 2030 partium
1217 1992 1349 2017 texturae
1367 1996 1428 2031 po-

41 2028 194 2066 tiffimum
207 2029 379 2065 tribuamus
390 2059 399 2074 ,
418 2044 486 2066 non
500 2031 619 2064 idcirco
642 2041 749 2065 tamen
764 2043 800 2064 ea
814 2032 1046 2065 contemnimus
1061 2042 1127 2077 quae
1140 2042 1177 2064 <x
1190 2030 1358 2079 Chymt'cis
1380 2032 1427 2066 la-

40 2077 174 2114 boribus
188 2078 412 2125 consequimur
421 2078 568 2126 praefidia.
584 2080 693 2125 Atque
706 2090 740 2112 ut
751 2090 863 2113 omnes
878 2077 1058 2113 substantiae
1067 2091 1142 2125 quas
1153 2078 1268 2126 plantae
1285 2093 1340 2127 per
1349 2093 1427 2115 ana-

42 2123 134 2176 lyfim
149 2128 332 2175 chymicam
347 2125 442 2162 nobis
453 2127 620 2175 suggerunt
632 2156 641 2171 ‚
655 2139 720 2161 non
734 2126 793 2161 lint
803 2129 877 2162 actu
890 2130 920 2161 in
936 2126 1004 2174 ipfis
1018 2127 1135 2175 plantis
1151 2155 1160 2170 ‚
1179 2126 1210 2160 id
1225 2138 1334 2162 tamen
1354 2141 1426 2175 per-

42 2176 118 2210 inde
129 2176 172 2211 est
186 2190 193 2211 :
212 2176 388 2210 dummodo
402 2188 438 2210 ea
451 2175 486 2211 sit
497 2177 635 2223 partium
646 2174 805 2223 dispositio
818 2205 826 2217 ,
837 2186 1004 2222 qnae‘certo
1014 2178 1094 2224 ignis
1106 2175 1212 2209 calore
1222 2175 1369 2210 adhibito
1380 2187 1429 2210 ta-

43 2223 108 2259 lem
120 2224 323 2259 substantiam
338 2253 348 2269 ‚
376 2223 471 2260 salem
485 2239 515 2260 v,
525 2236 571 2273 gr.
582 2223 691 2267 alcali‚
703 2235 758 2258 aut
771 2224 928 2270 liquorem
939 2224 1109 2259 sulfureum
1122 2222 1264 2270 prrebeat
1287 2225 1376 2270 Qud
1387 2237 1426 2259 ex

45 2270 154 2320 planta
168 2273 238 2308 fieri
249 2272 341 2321 possit
353 2302 363 2316 ,
376 2274 405 2306 id
421 2273 513 2308 nobis
530 2274 695 2320 cognitum
711 2273 757 2305 est
767 2301 776 2315 ‚
789 2274 885 2320 idque
897 2285 1014 2308 naturae
1030 2273 1200 2313 historiam,
1213 2277 1245 2309 δέ
1259 2275 1426 2308 materiam

46 2321 270 2356 medicinalem
295 2322 489 2370 locupletare
508 2318 620 2369 potest.
640 2322 723 2368 Ignis
741 2320 881 2368 spiritum
893 2322 1059 2356 ardentem
1076 2333 1139 2355 non
1156 2323 1300 2355 inveniat
1319 2323 1349 2355 in
1374 2323 1425 2355 vi-

44 2381 92 2405 no
99 2397 109 2414 ‚
122 2369 174 2406 sed
186 2369 303 2406 efficiat
316 2388 324 2411 3
336 2371 366 2404 id
377 2383 466 2419 :eque
477 2371 555 2407 utile
564 2369 658 2407 nobis
670 2369 809 2406 fututum
825 2372 868 2408 est
881 2399 892 2416 ,
910 2368 933 2405 fi
946 2369 1032 2406 calor
1048 2368 1155 2406 noster
1180 2368 1329 2403 naturalis
1346 2382 1425 2406 eun..

218 2421 313 2469 Tom-
352 2421 410 2470 II:
1192 2421 1215 2456 P
1230 2431 1249 2465 p
1262 2430 1280 2465 p
