<?xml version="1.0" encoding="UTF-8"?>
<!DOCTYPE html PUBLIC "-//W3C//DTD XHTML 1.0 Transitional//EN"
    "http://www.w3.org/TR/xhtml1/DTD/xhtml1-transitional.dtd">
<html xmlns="http://www.w3.org/1999/xhtml" xml:lang="en" lang="en">
 <head>
  <title>
</title>
<meta http-equiv="Content-Type" content="text/html;charset=utf-8" />
  <meta name='ocr-system' content='tesseract 3.04.00' />
  <meta name='ocr-capabilities' content='ocr_page ocr_carea ocr_par ocr_line ocrx_word'/>
</head>
<body>
  <div class='ocr_page' id='page_1' title='image "./philosophiavetus02duhauoft_0056.png"; bbox 0 0 1878 2724; ppageno 0'>
   <div class='ocr_carea' id='block_1_1' title="bbox 327 120 1733 457">
    <p class='ocr_par' dir='ltr' id='par_1_1' title="bbox 327 120 1345 171">
     <span class='ocr_line' id='line_1_1' title="bbox 327 120 1345 171; baseline 0.001 -14"><span class='ocrx_word' id='word_1_1' title='bbox 327 126 386 165; x_wconf 58' lang='lat'>&lt;44</span> <span class='ocrx_word' id='word_1_2' title='bbox 692 121 977 171; x_wconf 71' lang='lat' dir='ltr'>PHYSICAE</span> <span class='ocrx_word' id='word_1_3' title='bbox 1027 120 1345 160; x_wconf 74' lang='lat' dir='ltr'>GENERALIS</span> 
     </span>
    </p>

    <p class='ocr_par' dir='ltr' id='par_1_2' title="bbox 334 167 1733 457">
     <span class='ocr_line' id='line_1_2' title="bbox 336 167 1732 222; baseline 0.005 -21"><span class='ocrx_word' id='word_1_4' title='bbox 336 167 581 206; x_wconf 57' lang='lat' dir='ltr'>constaantur:</span> <span class='ocrx_word' id='word_1_5' title='bbox 601 168 653 204; x_wconf 90' lang='lat' dir='ltr'>sed</span> <span class='ocrx_word' id='word_1_6' title='bbox 672 174 839 219; x_wconf 85' lang='lat' dir='ltr'>proprium</span> <span class='ocrx_word' id='word_1_7' title='bbox 855 170 912 206; x_wconf 83' lang='lat' dir='ltr'>fibi</span> <span class='ocrx_word' id='word_1_8' title='bbox 935 170 1026 220; x_wconf 83' lang='lat' dir='ltr'>hujus</span> <span class='ocrx_word' id='word_1_9' title='bbox 1045 171 1180 208; x_wconf 81' lang='lat' dir='ltr'>univerfi</span> <span class='ocrx_word' id='word_1_10' title='bbox 1199 171 1354 221; x_wconf 81' lang='lat' dir='ltr'>systema,</span> <span class='ocrx_word' id='word_1_11' title='bbox 1374 182 1428 207; x_wconf 79' lang='lat' dir='ltr'>aut</span> <span class='ocrx_word' id='word_1_12' title='bbox 1442 169 1668 222; x_wconf 78' lang='lat' dir='ltr'>hypothesim,</span> <span class='ocrx_word' id='word_1_13' title='bbox 1693 182 1732 208; x_wconf 81' lang='lat' dir='ltr'>ae</span> 
     </span>
     <span class='ocr_line' id='line_1_3' title="bbox 334 218 1733 270; baseline 0.006 -20"><span class='ocrx_word' id='word_1_14' title='bbox 334 226 424 251; x_wconf 76' lang='lat' dir='ltr'>certa</span> <span class='ocrx_word' id='word_1_15' title='bbox 451 230 557 252; x_wconf 83' lang='lat' dir='ltr'>rerum</span> <span class='ocrx_word' id='word_1_16' title='bbox 587 218 751 253; x_wconf 82' lang='lat' dir='ltr'>elementa</span> <span class='ocrx_word' id='word_1_17' title='bbox 783 221 975 262; x_wconf 88' lang='lat' dir='ltr'>constituit,</span> <span class='ocrx_word' id='word_1_18' title='bbox 998 231 1037 254; x_wconf 85' lang='lat' dir='ltr'>ex</span> <span class='ocrx_word' id='word_1_19' title='bbox 1066 219 1202 266; x_wconf 51' lang='lat' dir='ltr'>&#39;quibus</span> <span class='ocrx_word' id='word_1_20' title='bbox 1221 223 1332 256; x_wconf 78' lang='lat' dir='ltr'>omnia</span> <span class='ocrx_word' id='word_1_21' title='bbox 1359 233 1429 269; x_wconf 86' lang='lat' dir='ltr'>quae</span> <span class='ocrx_word' id='word_1_22' title='bbox 1453 224 1612 258; x_wconf 88' lang='lat' dir='ltr'>cernimus</span> <span class='ocrx_word' id='word_1_23' title='bbox 1628 250 1638 265; x_wconf 92' lang='lat'><em>‚</em></span> <span class='ocrx_word' id='word_1_24' title='bbox 1656 234 1733 270; x_wconf 75' lang='lat' dir='ltr'>pro-</span> 
     </span>
     <span class='ocr_line' id='line_1_4' title="bbox 334 264 1731 318; baseline 0.005 -20"><span class='ocrx_word' id='word_1_25' title='bbox 334 264 424 299; x_wconf 84' lang='lat' dir='ltr'>diere</span> <span class='ocrx_word' id='word_1_26' title='bbox 443 279 589 313; x_wconf 70' lang='lat' dir='ltr'>corpora.</span> <span class='ocrx_word' id='word_1_27' title='bbox 614 266 775 314; x_wconf 76' lang='lat' dir='ltr'>[diraque</span> <span class='ocrx_word' id='word_1_28' title='bbox 791 297 802 311; x_wconf 90' lang='lat'>‚</span> <span class='ocrx_word' id='word_1_29' title='bbox 833 267 992 317; x_wconf 88' lang='lat' dir='ltr'>quidquid</span> <span class='ocrx_word' id='word_1_30' title='bbox 1004 268 1071 312; x_wconf 90' lang='lat' dir='ltr'>est,</span> <span class='ocrx_word' id='word_1_31' title='bbox 1092 268 1191 317; x_wconf 83' lang='lat' dir='ltr'>paulo</span> <span class='ocrx_word' id='word_1_32' title='bbox 1215 268 1405 318; x_wconf 83' lang='lat' dir='ltr'>diligentius</span> <span class='ocrx_word' id='word_1_33' title='bbox 1424 272 1616 306; x_wconf 85' lang='lat' dir='ltr'>intuendum</span> <span class='ocrx_word' id='word_1_34' title='bbox 1637 283 1731 308; x_wconf 84' lang='lat' dir='ltr'>:cum</span> 
     </span>
     <span class='ocr_line' id='line_1_5' title="bbox 336 311 1732 368; baseline 0.004 -22"><span class='ocrx_word' id='word_1_35' title='bbox 336 312 400 348; x_wconf 86' lang='lat' dir='ltr'>hoc</span> <span class='ocrx_word' id='word_1_36' title='bbox 414 311 663 362; x_wconf 72' lang='lat' dir='ltr'>phllosophandi</span> <span class='ocrx_word' id='word_1_37' title='bbox 677 328 778 364; x_wconf 78' lang='lat' dir='ltr'>genus</span> <span class='ocrx_word' id='word_1_38' title='bbox 797 317 860 353; x_wconf 85' lang='lat' dir='ltr'>hoc</span> <span class='ocrx_word' id='word_1_39' title='bbox 872 329 1021 366; x_wconf 86' lang='lat' dir='ltr'>tempore</span> <span class='ocrx_word' id='word_1_40' title='bbox 1036 321 1146 367; x_wconf 82' lang='lat' dir='ltr'>vigeat</span> <span class='ocrx_word' id='word_1_41' title='bbox 1160 319 1311 361; x_wconf 80' lang='lat' dir='ltr'>maxime,</span> <span class='ocrx_word' id='word_1_42' title='bbox 1323 325 1357 356; x_wconf 76' lang='grc' dir='ltr'>δι</span> <span class='ocrx_word' id='word_1_43' title='bbox 1368 318 1526 368; x_wconf 87' lang='lat' dir='ltr'>plerisque</span> <span class='ocrx_word' id='word_1_44' title='bbox 1543 322 1642 355; x_wconf 78' lang='lat' dir='ltr'>etiam</span> <span class='ocrx_word' id='word_1_45' title='bbox 1660 333 1732 355; x_wconf 58' lang='lat' dir='ltr'>mer.</span> 
     </span>
     <span class='ocr_line' id='line_1_6' title="bbox 334 364 1731 419; baseline 0.006 -24"><span class='ocrx_word' id='word_1_46' title='bbox 334 375 401 409; x_wconf 83' lang='lat' dir='ltr'>gno</span> <span class='ocrx_word' id='word_1_47' title='bbox 417 365 546 411; x_wconf 82' lang='lat' dir='ltr'>ingenio</span> <span class='ocrx_word' id='word_1_48' title='bbox 561 366 635 399; x_wconf 84' lang='lat' dir='ltr'>viris</span> <span class='ocrx_word' id='word_1_49' title='bbox 647 364 821 413; x_wconf 86' lang='lat' dir='ltr'>plurimum</span> <span class='ocrx_word' id='word_1_50' title='bbox 831 367 993 405; x_wconf 79' lang='lat' dir='ltr'>arrideat:</span> <span class='ocrx_word' id='word_1_51' title='bbox 1007 378 1077 403; x_wconf 90' lang='lat' dir='ltr'>rem</span> <span class='ocrx_word' id='word_1_52' title='bbox 1087 378 1166 403; x_wconf 81' lang='lat' dir='ltr'>vero</span> <span class='ocrx_word' id='word_1_53' title='bbox 1179 377 1313 402; x_wconf 84' lang='lat' dir='ltr'>omnem</span> <span class='ocrx_word' id='word_1_54' title='bbox 1330 367 1372 402; x_wconf 83' lang='lat' dir='ltr'>ab</span> <span class='ocrx_word' id='word_1_55' title='bbox 1385 367 1501 404; x_wconf 82' lang='lat' dir='ltr'>altiore</span> <span class='ocrx_word' id='word_1_56' title='bbox 1511 371 1669 419; x_wconf 83' lang='lat' dir='ltr'>principio</span> <span class='ocrx_word' id='word_1_57' title='bbox 1681 381 1731 404; x_wconf 84' lang='lat' dir='ltr'>re-</span> 
     </span>
     <span class='ocr_line' id='line_1_7' title="bbox 336 422 860 457; baseline 0.01 -12"><span class='ocrx_word' id='word_1_58' title='bbox 336 422 497 457; x_wconf 72' lang='lat' dir='ltr'>petamus.</span> <span class='ocrx_word' id='word_1_59' title='bbox 858 431 860 433; x_wconf 97' lang='lat'>·</span> 
     </span>
    </p>
   </div>
   <div class='ocr_carea' id='block_1_2' title="bbox 766 466 1284 514">
    <p class='ocr_par' dir='ltr' id='par_1_3' title="bbox 766 466 1284 514">
     <span class='ocr_line' id='line_1_8' title="bbox 766 466 1284 514; baseline 0.006 -15"><span class='ocrx_word' id='word_1_60' title='bbox 766 466 828 499; x_wconf 68' lang='lat' dir='ltr'>{De</span> <span class='ocrx_word' id='word_1_61' title='bbox 844 468 960 514; x_wconf 79' lang='lat' dir='ltr'>primis</span> <span class='ocrx_word' id='word_1_62' title='bbox 982 479 1089 502; x_wconf 80' lang='lat' dir='ltr'>rerum</span> <span class='ocrx_word' id='word_1_63' title='bbox 1112 466 1284 502; x_wconf 70' lang='lat' dir='ltr'>elementis.</span> 
     </span>
    </p>
   </div>
   <div class='ocr_carea' id='block_1_3' title="bbox 319 557 1733 2382">
    <p class='ocr_par' dir='ltr' id='par_1_4' title="bbox 320 557 1733 908">
     <span class='ocr_line' id='line_1_9' title="bbox 356 557 1731 616; baseline 0.007 -23"><span class='ocrx_word' id='word_1_64' title='bbox 356 557 538 593; x_wconf 77' lang='lat' dir='ltr'>&#39;Elementa</span> <span class='ocrx_word' id='word_1_65' title='bbox 559 561 826 613; x_wconf 83' lang='lat' dir='ltr'>dicimuspartcs</span> <span class='ocrx_word' id='word_1_66' title='bbox 837 566 887 599; x_wconf 82' lang='lat' dir='ltr'>tei</span> <span class='ocrx_word' id='word_1_67' title='bbox 902 562 1146 615; x_wconf 78' lang='lat' dir='ltr'>fiinpliciffirnas</span> <span class='ocrx_word' id='word_1_68' title='bbox 1158 592 1167 607; x_wconf 88' lang='lat'>‚</span> <span class='ocrx_word' id='word_1_69' title='bbox 1188 568 1222 600; x_wconf 90' lang='lat'>&amp;</span> <span class='ocrx_word' id='word_1_70' title='bbox 1240 562 1460 616; x_wconf 77' lang='lat' dir='ltr'>homogeneas</span> <span class='ocrx_word' id='word_1_71' title='bbox 1473 592 1482 607; x_wconf 85' lang='lat'>‚</span> <span class='ocrx_word' id='word_1_72' title='bbox 1507 563 1673 612; x_wconf 79' lang='lat' dir='ltr'>exquibus</span> <span class='ocrx_word' id='word_1_73' title='bbox 1692 579 1731 605; x_wconf 74' lang='lat' dir='ltr'>ea</span> 
     </span>
     <span class='ocr_line' id='line_1_10' title="bbox 336 608 1732 663; baseline 0.009 -24"><span class='ocrx_word' id='word_1_74' title='bbox 336 608 555 656; x_wconf 84' lang='lat' dir='ltr'><strong>componitur.</strong></span> <span class='ocrx_word' id='word_1_75' title='bbox 574 611 661 647; x_wconf 83' lang='lat' dir='ltr'>Cum</span> <span class='ocrx_word' id='word_1_76' title='bbox 676 626 786 649; x_wconf 80' lang='lat' dir='ltr'>autem</span> <span class='ocrx_word' id='word_1_77' title='bbox 799 615 1055 663; x_wconf 88' lang='lat' dir='ltr'>unumquodque</span> <span class='ocrx_word' id='word_1_78' title='bbox 1070 625 1185 662; x_wconf 85' lang='lat' dir='ltr'>corpus</span> <span class='ocrx_word' id='word_1_79' title='bbox 1204 611 1421 647; x_wconf 77' lang='lat' dir='ltr'>minutissrmis</span> <span class='ocrx_word' id='word_1_80' title='bbox 1432 613 1555 648; x_wconf 80' lang='lat' dir='ltr'>constet</span> <span class='ocrx_word' id='word_1_81' title='bbox 1571 614 1732 662; x_wconf 77' lang='lat' dir='ltr'>partibu5‚</span> 
     </span>
     <span class='ocr_line' id='line_1_11' title="bbox 334 657 1732 711; baseline 0.007 -24"><span class='ocrx_word' id='word_1_82' title='bbox 334 666 372 688; x_wconf 84' lang='lat' dir='ltr'>ex</span> <span class='ocrx_word' id='word_1_83' title='bbox 384 657 504 702; x_wconf 77' lang='lat' dir='ltr'>quibus</span> <span class='ocrx_word' id='word_1_84' title='bbox 525 658 594 695; x_wconf 75' lang='lat' dir='ltr'>aliae</span> <span class='ocrx_word' id='word_1_85' title='bbox 608 661 861 711; x_wconf 61' lang='lat' dir='ltr'>majusculae,*&amp;·</span> <span class='ocrx_word' id='word_1_86' title='bbox 875 662 1037 699; x_wconf 75' lang='lat' dir='ltr'>senfibiles</span> <span class='ocrx_word' id='word_1_87' title='bbox 1055 673 1206 698; x_wconf 84' lang='lat' dir='ltr'>texuntur</span> <span class='ocrx_word' id='word_1_88' title='bbox 1221 689 1231 706; x_wconf 84' lang='lat'>,</span> <span class='ocrx_word' id='word_1_89' title='bbox 1253 660 1315 695; x_wconf 83' lang='lat' dir='ltr'>-illae</span> <span class='ocrx_word' id='word_1_90' title='bbox 1325 659 1555 706; x_wconf 54' lang='lat' dir='ltr'>mi&#39;nutiffimae,</span> <span class='ocrx_word' id='word_1_91' title='bbox 1575 668 1610 710; x_wconf 64' lang='grc' dir='ltr'>ὃς</span> <span class='ocrx_word' id='word_1_92' title='bbox 1624 663 1732 701; x_wconf 84' lang='lat' dir='ltr'>insen-</span> 
     </span>
     <span class='ocr_line' id='line_1_12' title="bbox 326 702 1733 761; baseline 0.007 -24"><span class='ocrx_word' id='word_1_93' title='bbox 326 702 438 740; x_wconf 79' lang='lat' dir='ltr'>sibiles</span> <span class='ocrx_word' id='word_1_94' title='bbox 451 709 792 754; x_wconf 69' lang='lat' dir='ltr'>particulae-elementa</span> <span class='ocrx_word' id='word_1_95' title='bbox 810 713 1014 747; x_wconf 63' lang='lat' dir='ltr'>merito&#39;fflci</span> <span class='ocrx_word' id='word_1_96' title='bbox 1034 711 1309 761; x_wconf 67' lang='lat' dir='ltr'>poffiint.‘Neque</span> <span class='ocrx_word' id='word_1_97' title='bbox 1321 722 1432 746; x_wconf 83' lang='lat' dir='ltr'>tamen</span> <span class='ocrx_word' id='word_1_98' title='bbox 1451 711 1580 747; x_wconf 66' lang='lat' dir='ltr'>eae-sunt</span> <span class='ocrx_word' id='word_1_99' title='bbox 1603 716 1733 749; x_wconf 83' lang='lat' dir='ltr'>Demo-</span> 
     </span>
     <span class='ocr_line' id='line_1_13' title="bbox 331 754 1731 809; baseline 0.009 -24"><span class='ocrx_word' id='word_1_100' title='bbox 331 756 408 788; x_wconf 76' lang='lat' dir='ltr'>criti</span> <span class='ocrx_word' id='word_1_101' title='bbox 419 754 537 793; x_wconf 63' lang='lat' dir='ltr'>&gt;atomi.</span> <span class='ocrx_word' id='word_1_102' title='bbox 566 761 646 795; x_wconf 74' lang='lat' dir='ltr'>No‘n</span> <span class='ocrx_word' id='word_1_103' title='bbox 669 763 756 796; x_wconf 81' lang='lat' dir='ltr'>enim</span> <span class='ocrx_word' id='word_1_104' title='bbox 773 760 973 796; x_wconf 86' lang='lat' dir='ltr'>sunt-omnes</span> <span class='ocrx_word' id='word_1_105' title='bbox 995 762 1175 809; x_wconf 62' lang='lat' dir='ltr'>compatstae</span> <span class='ocrx_word' id='word_1_106' title='bbox 1197 766 1237 798; x_wconf 61' lang='lat'>³&amp;</span> <span class='ocrx_word' id='word_1_107' title='bbox 1254 759 1378 803; x_wconf 62' lang='lat' dir='ltr'>souche,</span> <span class='ocrx_word' id='word_1_108' title='bbox 1397 771 1463 794; x_wconf 87' lang='lat' dir='ltr'>nec</span> <span class='ocrx_word' id='word_1_109' title='bbox 1479 759 1638 796; x_wconf 65' lang='lat' dir='ltr'>inseekiles</span> <span class='ocrx_word' id='word_1_110' title='bbox 1654 776 1661 798; x_wconf 92' lang='lat'><strong>:</strong></span> <span class='ocrx_word' id='word_1_111' title='bbox 1678 761 1731 798; x_wconf 89' lang='lat' dir='ltr'>sed</span> 
     </span>
     <span class='ocr_line' id='line_1_14' title="bbox 320 801 1732 860; baseline 0.007 -25"><span class='ocrx_word' id='word_1_112' title='bbox 320 801 463 839; x_wconf 66' lang='lat' dir='ltr'>‘infinite</span> <span class='ocrx_word' id='word_1_113' title='bbox 475 834 486 849; x_wconf 90' lang='lat'>,</span> <span class='ocrx_word' id='word_1_114' title='bbox 508 817 562 841; x_wconf 79' lang='lat' dir='ltr'>aut</span> <span class='ocrx_word' id='word_1_115' title='bbox 574 807 686 845; x_wconf 84' lang='lat' dir='ltr'>saltem</span> <span class='ocrx_word' id='word_1_116' title='bbox 704 808 877 845; x_wconf 86' lang='lat' dir='ltr'>indefinite</span> <span class='ocrx_word' id='word_1_117' title='bbox 894 810 964 846; x_wconf 84' lang='lat' dir='ltr'>sunt</span> <span class='ocrx_word' id='word_1_118' title='bbox 974 809 1170 846; x_wconf 69' lang='lat' dir='ltr'>divisibiles:</span> <span class='ocrx_word' id='word_1_119' title='bbox 1188 821 1296 858; x_wconf 81' lang='lat' dir='ltr'>atquae</span> <span class='ocrx_word' id='word_1_120' title='bbox 1305 821 1349 844; x_wconf 85' lang='lat' dir='ltr'>eae</span> <span class='ocrx_word' id='word_1_121' title='bbox 1364 808 1432 844; x_wconf 84' lang='lat' dir='ltr'>sunt</span> <span class='ocrx_word' id='word_1_122' title='bbox 1447 810 1612 860; x_wconf 74' lang='lat' dir='ltr'>intriplici</span> <span class='ocrx_word' id='word_1_123' title='bbox 1632 811 1732 847; x_wconf 69' lang='lat' dir='ltr'>diffe-</span> 
     </span>
     <span class='ocr_line' id='line_1_15' title="bbox 334 855 1233 908; baseline 0.011 -23"><span class='ocrx_word' id='word_1_124' title='bbox 334 855 437 887; x_wconf 82' lang='lat' dir='ltr'>rentia</span> <span class='ocrx_word' id='word_1_125' title='bbox 452 856 629 893; x_wconf 83' lang='lat' dir='ltr'>constitutae</span> <span class='ocrx_word' id='word_1_126' title='bbox 640 887 650 902; x_wconf 87' lang='lat'><em>,</em></span> <span class='ocrx_word' id='word_1_127' title='bbox 666 859 753 893; x_wconf 80' lang='lat' dir='ltr'>unde</span> <span class='ocrx_word' id='word_1_128' title='bbox 764 862 871 896; x_wconf 86' lang='lat' dir='ltr'>&amp;tria</span> <span class='ocrx_word' id='word_1_129' title='bbox 882 860 1045 908; x_wconf 85' lang='lat' dir='ltr'>prodeunt</span> <span class='ocrx_word' id='word_1_130' title='bbox 1061 859 1233 896; x_wconf 83' lang='lat' dir='ltr'>elementa.</span> 
     </span>
    </p>

    <p class='ocr_par' dir='ltr' id='par_1_5' title="bbox 319 904 1732 1100">
     <span class='ocr_line' id='line_1_16' title="bbox 399 904 1732 959; baseline 0.008 -23"><span class='ocrx_word' id='word_1_131' title='bbox 399 904 543 940; x_wconf 84' lang='lat' dir='ltr'>Primum</span> <span class='ocrx_word' id='word_1_132' title='bbox 553 906 757 943; x_wconf 86' lang='lat' dir='ltr'>elementum</span> <span class='ocrx_word' id='word_1_133' title='bbox 771 909 818 943; x_wconf 88' lang='lat' dir='ltr'>est</span> <span class='ocrx_word' id='word_1_134' title='bbox 833 911 969 944; x_wconf 75' lang='lat' dir='ltr'>materia</span> <span class='ocrx_word' id='word_1_135' title='bbox 985 909 1135 956; x_wconf 80' lang='lat' dir='ltr'>quaedam</span> <span class='ocrx_word' id='word_1_136' title='bbox 1151 907 1350 944; x_wconf 81' lang='lat' dir='ltr'>subtiliffima</span> <span class='ocrx_word' id='word_1_137' title='bbox 1362 907 1579 958; x_wconf 81' lang='lat' dir='ltr'>perniciffime</span> <span class='ocrx_word' id='word_1_138' title='bbox 1596 911 1732 959; x_wconf 77' lang='lat' dir='ltr'>agitata,</span> 
     </span>
     <span class='ocr_line' id='line_1_17' title="bbox 319 949 1732 1007; baseline 0.006 -21"><span class='ocrx_word' id='word_1_139' title='bbox 319 949 432 986; x_wconf 78' lang='lat' dir='ltr'>fluida</span> <span class='ocrx_word' id='word_1_140' title='bbox 445 980 455 996; x_wconf 94' lang='lat'>,</span> <span class='ocrx_word' id='word_1_141' title='bbox 471 954 589 990; x_wconf 87' lang='lat' dir='ltr'>nullius</span> <span class='ocrx_word' id='word_1_142' title='bbox 616 956 725 1005; x_wconf 81' lang='lat' dir='ltr'>figurae&#39;</span> <span class='ocrx_word' id='word_1_143' title='bbox 742 968 838 993; x_wconf 82' lang='lat' dir='ltr'>tenax</span> <span class='ocrx_word' id='word_1_144' title='bbox 851 987 860 1001; x_wconf 90' lang='lat'>,</span> <span class='ocrx_word' id='word_1_145' title='bbox 880 957 933 993; x_wconf 87' lang='lat' dir='ltr'>sed</span> <span class='ocrx_word' id='word_1_146' title='bbox 956 971 1032 1006; x_wconf 57' lang='lat' dir='ltr'>’quae</span> <span class='ocrx_word' id='word_1_147' title='bbox 1056 970 1229 1006; x_wconf 83' lang='lat' dir='ltr'>corporum</span> <span class='ocrx_word' id='word_1_148' title='bbox 1245 958 1464 1006; x_wconf 79' lang='lat' dir='ltr'>adjacentium</span> <span class='ocrx_word' id='word_1_149' title='bbox 1495 957 1609 1007; x_wconf 83' lang='lat' dir='ltr'>figuras</span> <span class='ocrx_word' id='word_1_150' title='bbox 1633 959 1732 996; x_wconf 80' lang='lat' dir='ltr'>facile</span> 
     </span>
     <span class='ocr_line' id='line_1_18' title="bbox 333 1000 1729 1056; baseline 0.008 -24"><span class='ocrx_word' id='word_1_151' title='bbox 333 1000 457 1038; x_wconf 75' lang='lat' dir='ltr'>induat.</span> <span class='ocrx_word' id='word_1_152' title='bbox 466 1005 546 1039; x_wconf 88' lang='lat' dir='ltr'>Hoc</span> <span class='ocrx_word' id='word_1_153' title='bbox 560 1007 675 1054; x_wconf 85' lang='lat' dir='ltr'>utique</span> <span class='ocrx_word' id='word_1_154' title='bbox 690 1007 892 1047; x_wconf 85' lang='lat' dir='ltr'>elementum</span> <span class='ocrx_word' id='word_1_155' title='bbox 911 1010 943 1043; x_wconf 90' lang='lat' dir='ltr'>in</span> <span class='ocrx_word' id='word_1_156' title='bbox 954 1007 1152 1052; x_wconf 87' lang='lat' dir='ltr'>sole‚&#39;stellis‚</span> <span class='ocrx_word' id='word_1_157' title='bbox 1164 1009 1287 1056; x_wconf 78' lang='lat' dir='ltr'>igne&amp;</span> <span class='ocrx_word' id='word_1_158' title='bbox 1298 1006 1614 1056; x_wconf 72' lang='lat' dir='ltr'>lucidiscorporibus</span> <span class='ocrx_word' id='word_1_159' title='bbox 1623 1010 1729 1043; x_wconf 78' lang='lat' dir='ltr'>maxi-</span> 
     </span>
     <span class='ocr_line' id='line_1_19' title="bbox 335 1061 530 1100; baseline 0.015 -17"><span class='ocrx_word' id='word_1_160' title='bbox 335 1061 390 1084; x_wconf 85' lang='lat' dir='ltr'>me</span> <span class='ocrx_word' id='word_1_161' title='bbox 408 1063 530 1100; x_wconf 79' lang='lat' dir='ltr'>regnat.</span> 
     </span>
    </p>

    <p class='ocr_par' dir='ltr' id='par_1_6' title="bbox 332 1100 1732 1242">
     <span class='ocr_line' id='line_1_20' title="bbox 381 1100 1732 1155; baseline 0.007 -23"><span class='ocrx_word' id='word_1_162' title='bbox 381 1100 565 1138; x_wconf 87' lang='lat' dir='ltr'>Secundum</span> <span class='ocrx_word' id='word_1_163' title='bbox 583 1103 782 1144; x_wconf 86' lang='lat' dir='ltr'>elementum</span> <span class='ocrx_word' id='word_1_164' title='bbox 808 1118 848 1144; x_wconf 83' lang='lat' dir='ltr'>ex</span> <span class='ocrx_word' id='word_1_165' title='bbox 873 1105 1092 1142; x_wconf 87' lang='lat' dir='ltr'>minutiffimis</span> <span class='ocrx_word' id='word_1_166' title='bbox 1121 1106 1263 1155; x_wconf 81' lang='lat' dir='ltr'>globulis</span> <span class='ocrx_word' id='word_1_167' title='bbox 1280 1108 1512 1154; x_wconf 80' lang='lat' dir='ltr'>componitur3</span> <span class='ocrx_word' id='word_1_168' title='bbox 1540 1105 1637 1152; x_wconf 87' lang='lat' dir='ltr'>idque</span> <span class='ocrx_word' id='word_1_169' title='bbox 1663 1113 1732 1142; x_wconf 79' lang='lat' dir='ltr'>non</span> 
     </span>
     <span class='ocr_line' id='line_1_21' title="bbox 333 1148 1732 1205; baseline 0.006 -24"><span class='ocrx_word' id='word_1_170' title='bbox 333 1148 434 1184; x_wconf 88' lang='lat' dir='ltr'>modo</span> <span class='ocrx_word' id='word_1_171' title='bbox 456 1151 555 1185; x_wconf 81' lang='lat' dir='ltr'>instar</span> <span class='ocrx_word' id='word_1_172' title='bbox 566 1155 664 1201; x_wconf 88' lang='lat' dir='ltr'>primi</span> <span class='ocrx_word' id='word_1_173' title='bbox 678 1154 835 1191; x_wconf 84' lang='lat' dir='ltr'>elementi</span> <span class='ocrx_word' id='word_1_174' title='bbox 852 1166 978 1192; x_wconf 82' lang='lat' dir='ltr'>meatus</span> <span class='ocrx_word' id='word_1_175' title='bbox 989 1167 1164 1205; x_wconf 86' lang='lat' dir='ltr'>corporum</span> <span class='ocrx_word' id='word_1_176' title='bbox 1178 1155 1293 1205; x_wconf 82' lang='lat' dir='ltr'><strong>implet</strong></span> <span class='ocrx_word' id='word_1_177' title='bbox 1304 1184 1314 1200; x_wconf 89' lang='lat'>‚</span> <span class='ocrx_word' id='word_1_178' title='bbox 1326 1153 1378 1190; x_wconf 86' lang='lat' dir='ltr'>sed</span> <span class='ocrx_word' id='word_1_179' title='bbox 1394 1151 1591 1204; x_wconf 78' lang='lat' dir='ltr'>purissimam</span> <span class='ocrx_word' id='word_1_180' title='bbox 1603 1156 1732 1192; x_wconf 85' lang='lat' dir='ltr'>aetheris</span> 
     </span>
     <span class='ocr_line' id='line_1_22' title="bbox 332 1197 1073 1242; baseline 0.016 -11"><span class='ocrx_word' id='word_1_181' title='bbox 332 1200 366 1231; x_wconf 91' lang='lat'>&amp;</span> <span class='ocrx_word' id='word_1_182' title='bbox 387 1197 456 1232; x_wconf 82' lang='lat' dir='ltr'>caeli</span> <span class='ocrx_word' id='word_1_183' title='bbox 483 1198 685 1237; x_wconf 67' lang='lat' dir='ltr'>substantiam</span> <span class='ocrx_word' id='word_1_184' title='bbox 705 1202 814 1240; x_wconf 86' lang='lat' dir='ltr'>efficit.</span> <span class='ocrx_word' id='word_1_185' title='bbox 1046 1239 1048 1242; x_wconf 74' lang='grc'>,</span> <span class='ocrx_word' id='word_1_186' title='bbox 1070 1218 1073 1220; x_wconf 70' lang='grc'><strong><em>’</em></strong></span> 
     </span>
    </p>

    <p class='ocr_par' dir='ltr' id='par_1_7' title="bbox 332 1247 1732 1448">
     <span class='ocr_line' id='line_1_23' title="bbox 376 1247 1732 1301; baseline 0.004 -21"><span class='ocrx_word' id='word_1_187' title='bbox 376 1247 527 1282; x_wconf 79' lang='lat' dir='ltr'>Tertium</span> <span class='ocrx_word' id='word_1_188' title='bbox 543 1262 583 1284; x_wconf 85' lang='lat' dir='ltr'>ex</span> <span class='ocrx_word' id='word_1_189' title='bbox 597 1255 734 1287; x_wconf 76' lang='lat' dir='ltr'>materia</span> <span class='ocrx_word' id='word_1_190' title='bbox 747 1251 1117 1301; x_wconf 78' lang='lat' dir='ltr'>craffiori&#39;&amp;par&#39;ticulis-</span> <span class='ocrx_word' id='word_1_191' title='bbox 1124 1250 1253 1288; x_wconf 76' lang='lat' dir='ltr'>ramosis</span> <span class='ocrx_word' id='word_1_192' title='bbox 1269 1252 1490 1300; x_wconf 82' lang='lat' dir='ltr'>compingitur</span> <span class='ocrx_word' id='word_1_193' title='bbox 1505 1266 1512 1287; x_wconf 92' lang='lat'>:</span> <span class='ocrx_word' id='word_1_194' title='bbox 1531 1263 1571 1287; x_wconf 87' lang='lat' dir='ltr'>ex</span> <span class='ocrx_word' id='word_1_195' title='bbox 1585 1252 1648 1288; x_wconf 88' lang='lat' dir='ltr'>hoc</span> <span class='ocrx_word' id='word_1_196' title='bbox 1665 1254 1732 1289; x_wconf 80' lang='lat' dir='ltr'>uti-</span> 
     </span>
     <span class='ocr_line' id='line_1_24' title="bbox 333 1295 1731 1350; baseline 0.007 -21"><span class='ocrx_word' id='word_1_197' title='bbox 333 1305 398 1340; x_wconf 90' lang='lat' dir='ltr'>que</span> <span class='ocrx_word' id='word_1_198' title='bbox 410 1295 578 1334; x_wconf 65' lang='lat' dir='ltr'>elemento</span> <span class='ocrx_word' id='word_1_199' title='bbox 594 1311 698 1343; x_wconf 79' lang='lat' dir='ltr'>terra,</span> <span class='ocrx_word' id='word_1_200' title='bbox 718 1314 822 1349; x_wconf 79' lang='lat' dir='ltr'>aqua,</span> <span class='ocrx_word' id='word_1_201' title='bbox 848 1314 902 1336; x_wconf 83' lang='lat' dir='ltr'>aer</span> <span class='ocrx_word' id='word_1_202' title='bbox 916 1331 926 1345; x_wconf 90' lang='lat'><em>‚</em></span> <span class='ocrx_word' id='word_1_203' title='bbox 947 1303 1016 1337; x_wconf 85' lang='lat' dir='ltr'>imo</span> <span class='ocrx_word' id='word_1_204' title='bbox 1043 1307 1076 1340; x_wconf 86' lang='lat'>&amp;</span> <span class='ocrx_word' id='word_1_205' title='bbox 1093 1313 1230 1350; x_wconf 82' lang='lat' dir='ltr'>quaeque</span> <span class='ocrx_word' id='word_1_206' title='bbox 1252 1312 1388 1348; x_wconf 82' lang='lat' dir='ltr'>corpora</span> <span class='ocrx_word' id='word_1_207' title='bbox 1411 1303 1512 1335; x_wconf 81' lang='lat' dir='ltr'>mixta</span> <span class='ocrx_word' id='word_1_208' title='bbox 1537 1301 1731 1339; x_wconf 83' lang='lat' dir='ltr'>formantur.</span> 
     </span>
     <span class='ocr_line' id='line_1_25' title="bbox 333 1343 1730 1400; baseline 0.006 -23"><span class='ocrx_word' id='word_1_209' title='bbox 333 1343 415 1390; x_wconf 79' lang='lat' dir='ltr'>Qo</span> <span class='ocrx_word' id='word_1_210' title='bbox 423 1352 537 1381; x_wconf 67' lang='lat' dir='ltr'>auteni</span> <span class='ocrx_word' id='word_1_211' title='bbox 553 1349 652 1383; x_wconf 69' lang='lat' dir='ltr'>ruodo</span> <span class='ocrx_word' id='word_1_212' title='bbox 662 1353 722 1384; x_wconf 79' lang='lat' dir='ltr'>tria</span> <span class='ocrx_word' id='word_1_213' title='bbox 737 1350 984 1386; x_wconf 73' lang='lat' dir='ltr'>haecelementa</span> <span class='ocrx_word' id='word_1_214' title='bbox 994 1349 1033 1386; x_wconf 57' lang='lat' dir='ltr'>ei&lt;</span> <span class='ocrx_word' id='word_1_215' title='bbox 1048 1352 1164 1386; x_wconf 73' lang='lat' dir='ltr'>eadem</span> <span class='ocrx_word' id='word_1_216' title='bbox 1181 1379 1190 1395; x_wconf 90' lang='lat'>‚</span> <span class='ocrx_word' id='word_1_217' title='bbox 1211 1355 1244 1387; x_wconf 77' lang='grc' dir='ltr'>δι</span> <span class='ocrx_word' id='word_1_218' title='bbox 1273 1348 1316 1384; x_wconf 82' lang='lat' dir='ltr'>sui</span> <span class='ocrx_word' id='word_1_219' title='bbox 1337 1347 1431 1385; x_wconf 83' lang='lat' dir='ltr'>fimili</span> <span class='ocrx_word' id='word_1_220' title='bbox 1449 1351 1585 1386; x_wconf 78' lang='lat' dir='ltr'>materia</span> <span class='ocrx_word' id='word_1_221' title='bbox 1598 1351 1730 1400; x_wconf 83' lang='lat' dir='ltr'>prodie-</span> 
     </span>
     <span class='ocr_line' id='line_1_26' title="bbox 332 1393 887 1448; baseline 0.018 -22"><span class='ocrx_word' id='word_1_222' title='bbox 332 1394 398 1427; x_wconf 83' lang='lat' dir='ltr'>rint</span> <span class='ocrx_word' id='word_1_223' title='bbox 410 1420 419 1433; x_wconf 92' lang='lat'><em>,</em></span> <span class='ocrx_word' id='word_1_224' title='bbox 432 1393 577 1431; x_wconf 82' lang='lat' dir='ltr'>breviter</span> <span class='ocrx_word' id='word_1_225' title='bbox 586 1398 634 1432; x_wconf 86' lang='lat' dir='ltr'>est</span> <span class='ocrx_word' id='word_1_226' title='bbox 645 1398 887 1448; x_wconf 80' lang='lat' dir='ltr'>explicandum.</span> 
     </span>
    </p>

    <p class='ocr_par' dir='ltr' id='par_1_8' title="bbox 320 1443 1733 1789">
     <span class='ocr_line' id='line_1_27' title="bbox 369 1443 1732 1499; baseline 0.004 -21"><span class='ocrx_word' id='word_1_227' title='bbox 369 1443 457 1479; x_wconf 89' lang='lat' dir='ltr'>Cum</span> <span class='ocrx_word' id='word_1_228' title='bbox 476 1455 545 1481; x_wconf 77' lang='lat' dir='ltr'>tora</span> <span class='ocrx_word' id='word_1_229' title='bbox 560 1449 705 1482; x_wconf 59' lang='lat' dir='ltr'>miteriae</span> <span class='ocrx_word' id='word_1_230' title='bbox 719 1461 831 1484; x_wconf 79' lang='lat' dir='ltr'>natura</span> <span class='ocrx_word' id='word_1_231' title='bbox 851 1449 1020 1498; x_wconf 80' lang='lat' dir='ltr'>intriplici</span> <span class='ocrx_word' id='word_1_232' title='bbox 1043 1448 1240 1485; x_wconf 70' lang='lat' dir='ltr'>dimensione</span> <span class='ocrx_word' id='word_1_233' title='bbox 1260 1446 1360 1497; x_wconf 77' lang='lat' dir='ltr'>pofita</span> <span class='ocrx_word' id='word_1_234' title='bbox 1369 1447 1406 1484; x_wconf 83' lang='lat' dir='ltr'>fit</span> <span class='ocrx_word' id='word_1_235' title='bbox 1425 1477 1433 1492; x_wconf 89' lang='lat'>‚</span> <span class='ocrx_word' id='word_1_236' title='bbox 1454 1460 1492 1483; x_wconf 81' lang='lat' dir='ltr'>ea</span> <span class='ocrx_word' id='word_1_237' title='bbox 1510 1448 1553 1483; x_wconf 85' lang='lat' dir='ltr'>est</span> <span class='ocrx_word' id='word_1_238' title='bbox 1569 1448 1732 1499; x_wconf 82' lang='lat' dir='ltr'>homoge-</span> 
     </span>
     <span class='ocr_line' id='line_1_28' title="bbox 333 1494 1733 1546; baseline 0.004 -17"><span class='ocrx_word' id='word_1_239' title='bbox 333 1498 462 1536; x_wconf 78' lang='lat' dir='ltr'>nea,&amp;</span> <span class='ocrx_word' id='word_1_240' title='bbox 477 1494 684 1542; x_wconf 85' lang='lat' dir='ltr'>uniusmodi,</span> <span class='ocrx_word' id='word_1_241' title='bbox 705 1509 804 1546; x_wconf 83' lang='lat' dir='ltr'>atque</span> <span class='ocrx_word' id='word_1_242' title='bbox 820 1501 926 1534; x_wconf 86' lang='lat' dir='ltr'>omnis</span> <span class='ocrx_word' id='word_1_243' title='bbox 949 1499 1128 1534; x_wconf 81' lang='lat' dir='ltr'>formarum</span> <span class='ocrx_word' id='word_1_244' title='bbox 1149 1501 1289 1534; x_wconf 77' lang='lat' dir='ltr'>varietas</span> <span class='ocrx_word' id='word_1_245' title='bbox 1312 1510 1350 1532; x_wconf 84' lang='lat' dir='ltr'>ex</span> <span class='ocrx_word' id='word_1_246' title='bbox 1372 1496 1527 1534; x_wconf 79' lang='lat' dir='ltr'>divi&#39;fione</span> <span class='ocrx_word' id='word_1_247' title='bbox 1548 1527 1557 1541; x_wconf 90' lang='lat'>‚</span> <span class='ocrx_word' id='word_1_248' title='bbox 1576 1503 1611 1534; x_wconf 89' lang='lat'>&amp;</span> <span class='ocrx_word' id='word_1_249' title='bbox 1636 1510 1733 1535; x_wconf 82' lang='lat' dir='ltr'>motu</span> 
     </span>
     <span class='ocr_line' id='line_1_29' title="bbox 320 1544 1732 1597; baseline 0.005 -22"><span class='ocrx_word' id='word_1_250' title='bbox 320 1544 478 1577; x_wconf 23' lang='lat' dir='ltr'>rmateriae</span> <span class='ocrx_word' id='word_1_251' title='bbox 500 1544 650 1592; x_wconf 62' lang='lat' dir='ltr'>profecta</span> <span class='ocrx_word' id='word_1_252' title='bbox 683 1547 735 1582; x_wconf 85' lang='lat' dir='ltr'>est.</span> <span class='ocrx_word' id='word_1_253' title='bbox 765 1548 986 1583; x_wconf 85' lang='lat' dir='ltr'>Communem</span> <span class='ocrx_word' id='word_1_254' title='bbox 1007 1550 1117 1595; x_wconf 85' lang='lat' dir='ltr'>itaque</span> <span class='ocrx_word' id='word_1_255' title='bbox 1136 1549 1307 1583; x_wconf 82' lang='lat' dir='ltr'>materiem</span> <span class='ocrx_word' id='word_1_256' title='bbox 1327 1549 1361 1581; x_wconf 89' lang='lat' dir='ltr'>in</span> <span class='ocrx_word' id='word_1_257' title='bbox 1380 1546 1444 1592; x_wconf 83' lang='lat' dir='ltr'>ipsa</span> <span class='ocrx_word' id='word_1_258' title='bbox 1467 1547 1581 1582; x_wconf 86' lang='lat' dir='ltr'>mundi</span> <span class='ocrx_word' id='word_1_259' title='bbox 1604 1550 1732 1597; x_wconf 85' lang='lat' dir='ltr'>origine</span> 
     </span>
     <span class='ocr_line' id='line_1_30' title="bbox 332 1592 1731 1645; baseline 0.005 -21"><span class='ocrx_word' id='word_1_260' title='bbox 332 1592 473 1637; x_wconf 85' lang='lat' dir='ltr'>primum</span> <span class='ocrx_word' id='word_1_261' title='bbox 491 1604 652 1638; x_wconf 79' lang='lat' dir='ltr'>creatam,</span> <span class='ocrx_word' id='word_1_262' title='bbox 680 1596 802 1631; x_wconf 76' lang='lat' dir='ltr'>vdeinde</span> <span class='ocrx_word' id='word_1_263' title='bbox 824 1596 1017 1631; x_wconf 82' lang='lat' dir='ltr'>vehementi</span> <span class='ocrx_word' id='word_1_264' title='bbox 1034 1608 1128 1632; x_wconf 87' lang='lat' dir='ltr'>motu</span> <span class='ocrx_word' id='word_1_265' title='bbox 1149 1599 1307 1645; x_wconf 76' lang='lat' dir='ltr'>agitatam</span> <span class='ocrx_word' id='word_1_266' title='bbox 1324 1594 1435 1639; x_wconf 79' lang='lat' dir='ltr'>fuiffe,</span> <span class='ocrx_word' id='word_1_267' title='bbox 1458 1607 1578 1630; x_wconf 86' lang='lat' dir='ltr'>utrem</span> <span class='ocrx_word' id='word_1_268' title='bbox 1595 1595 1652 1644; x_wconf 77' lang='lat' dir='ltr'>ipsi</span> <span class='ocrx_word' id='word_1_269' title='bbox 1677 1608 1731 1632; x_wconf 84' lang='lat' dir='ltr'>ra-</span> 
     </span>
     <span class='ocr_line' id='line_1_31' title="bbox 333 1639 1731 1694; baseline 0.006 -22"><span class='ocrx_word' id='word_1_270' title='bbox 333 1641 416 1674; x_wconf 86' lang='lat' dir='ltr'>tioni</span> <span class='ocrx_word' id='word_1_271' title='bbox 433 1639 506 1676; x_wconf 80' lang='lat' dir='ltr'>satis</span> <span class='ocrx_word' id='word_1_272' title='bbox 525 1641 874 1680; x_wconf 71' lang='lat' dir='ltr'>consentaneam‘licet</span> <span class='ocrx_word' id='word_1_273' title='bbox 895 1643 1082 1694; x_wconf 77' lang='lat' dir='ltr'>supponere.</span> <span class='ocrx_word' id='word_1_274' title='bbox 1102 1647 1194 1681; x_wconf 77' lang='lat' dir='ltr'>‘Non</span> <span class='ocrx_word' id='word_1_275' title='bbox 1221 1642 1381 1692; x_wconf 83' lang='lat' dir='ltr'>possumus</span> <span class='ocrx_word' id='word_1_276' title='bbox 1401 1647 1490 1680; x_wconf 87' lang='lat' dir='ltr'>enim</span> <span class='ocrx_word' id='word_1_277' title='bbox 1512 1647 1684 1680; x_wconf 79' lang='lat' dir='ltr'>materiam</span> <span class='ocrx_word' id='word_1_278' title='bbox 1695 1647 1731 1682; x_wconf 87' lang='lat' dir='ltr'>in</span> 
     </span>
     <span class='ocr_line' id='line_1_32' title="bbox 332 1690 1731 1742; baseline 0.005 -20"><span class='ocrx_word' id='word_1_279' title='bbox 332 1691 436 1723; x_wconf 75' lang='lat' dir='ltr'>varias</span> <span class='ocrx_word' id='word_1_280' title='bbox 458 1690 600 1736; x_wconf 72' lang='lat' dir='ltr'>formas,</span> <span class='ocrx_word' id='word_1_281' title='bbox 619 1698 654 1729; x_wconf 86' lang='lat'>&amp;</span> <span class='ocrx_word' id='word_1_282' title='bbox 672 1692 790 1741; x_wconf 77' lang='lat' dir='ltr'>figuras</span> <span class='ocrx_word' id='word_1_283' title='bbox 812 1694 968 1741; x_wconf 81' lang='lat' dir='ltr'>digestam</span> <span class='ocrx_word' id='word_1_284' title='bbox 990 1696 1163 1741; x_wconf 84' lang='lat' dir='ltr'>concipere</span> <span class='ocrx_word' id='word_1_285' title='bbox 1181 1720 1191 1734; x_wconf 86' lang='lat'>,</span> <span class='ocrx_word' id='word_1_286' title='bbox 1207 1696 1287 1739; x_wconf 83' lang='lat' dir='ltr'>quin</span> <span class='ocrx_word' id='word_1_287' title='bbox 1311 1692 1394 1727; x_wconf 86' lang='lat' dir='ltr'>illius</span> <span class='ocrx_word' id='word_1_288' title='bbox 1410 1704 1516 1740; x_wconf 82' lang='lat' dir='ltr'>partes</span> <span class='ocrx_word' id='word_1_289' title='bbox 1534 1696 1631 1727; x_wconf 85' lang='lat' dir='ltr'>variis</span> <span class='ocrx_word' id='word_1_290' title='bbox 1651 1706 1731 1742; x_wconf 73' lang='lat' dir='ltr'>quo·</span> 
     </span>
     <span class='ocr_line' id='line_1_33' title="bbox 332 1738 1527 1789; baseline 0.004 -18"><span class='ocrx_word' id='word_1_291' title='bbox 332 1749 395 1785; x_wconf 90' lang='lat' dir='ltr'>que</span> <span class='ocrx_word' id='word_1_292' title='bbox 412 1740 445 1772; x_wconf 83' lang='lat' dir='ltr'>in</span> <span class='ocrx_word' id='word_1_293' title='bbox 464 1738 544 1773; x_wconf 90' lang='lat' dir='ltr'>locis</span> <span class='ocrx_word' id='word_1_294' title='bbox 566 1741 734 1775; x_wconf 80' lang='lat' dir='ltr'>collocarae</span> <span class='ocrx_word' id='word_1_295' title='bbox 748 1741 870 1776; x_wconf 82' lang='lat' dir='ltr'>fuerint</span> <span class='ocrx_word' id='word_1_296' title='bbox 881 1756 888 1777; x_wconf 94' lang='lat'><strong>:</strong></span> <span class='ocrx_word' id='word_1_297' title='bbox 899 1742 988 1789; x_wconf 90' lang='lat' dir='ltr'>quod</span> <span class='ocrx_word' id='word_1_298' title='bbox 1000 1744 1082 1776; x_wconf 78' lang='lat' dir='ltr'>citra</span> <span class='ocrx_word' id='word_1_299' title='bbox 1098 1752 1227 1777; x_wconf 87' lang='lat' dir='ltr'>motum</span> <span class='ocrx_word' id='word_1_300' title='bbox 1247 1740 1318 1776; x_wconf 88' lang='lat' dir='ltr'>fieri</span> <span class='ocrx_word' id='word_1_301' title='bbox 1329 1753 1395 1775; x_wconf 89' lang='lat' dir='ltr'>non</span> <span class='ocrx_word' id='word_1_302' title='bbox 1406 1743 1527 1789; x_wconf 86' lang='lat' dir='ltr'>potuit.</span> 
     </span>
    </p>

    <p class='ocr_par' dir='ltr' id='par_1_9' title="bbox 320 1785 1731 2133">
     <span class='ocr_line' id='line_1_34' title="bbox 361 1785 1731 1838; baseline 0.004 -19"><span class='ocrx_word' id='word_1_303' title='bbox 361 1785 472 1821; x_wconf 73' lang='lat' dir='ltr'>Placet</span> <span class='ocrx_word' id='word_1_304' title='bbox 486 1788 584 1836; x_wconf 79' lang='lat' dir='ltr'>igitur</span> <span class='ocrx_word' id='word_1_305' title='bbox 601 1788 642 1824; x_wconf 86' lang='lat' dir='ltr'>fic</span> <span class='ocrx_word' id='word_1_306' title='bbox 662 1791 773 1825; x_wconf 87' lang='lat' dir='ltr'>mundi</span> <span class='ocrx_word' id='word_1_307' title='bbox 795 1791 926 1826; x_wconf 77' lang='lat' dir='ltr'>exordia</span> <span class='ocrx_word' id='word_1_308' title='bbox 944 1802 1055 1825; x_wconf 87' lang='lat' dir='ltr'>mente</span> <span class='ocrx_word' id='word_1_309' title='bbox 1071 1792 1248 1838; x_wconf 84' lang='lat' dir='ltr'>concipere.</span> <span class='ocrx_word' id='word_1_310' title='bbox 1277 1790 1471 1824; x_wconf 85' lang='lat' dir='ltr'>Communis</span> <span class='ocrx_word' id='word_1_311' title='bbox 1490 1793 1638 1826; x_wconf 84' lang='lat' dir='ltr'>omnium</span> <span class='ocrx_word' id='word_1_312' title='bbox 1661 1804 1731 1827; x_wconf 79' lang='lat' dir='ltr'>rna-</span> 
     </span>
     <span class='ocr_line' id='line_1_35' title="bbox 333 1837 1729 1888; baseline 0.004 -17"><span class='ocrx_word' id='word_1_313' title='bbox 333 1837 414 1871; x_wconf 87' lang='lat' dir='ltr'>teria</span> <span class='ocrx_word' id='word_1_314' title='bbox 428 1837 460 1870; x_wconf 85' lang='lat' dir='ltr'>in</span> <span class='ocrx_word' id='word_1_315' title='bbox 474 1849 579 1884; x_wconf 78' lang='lat' dir='ltr'>partes</span> <span class='ocrx_word' id='word_1_316' title='bbox 600 1837 657 1874; x_wconf 84' lang='lat' dir='ltr'>sibi</span> <span class='ocrx_word' id='word_1_317' title='bbox 674 1839 835 1887; x_wconf 79' lang='lat' dir='ltr'>aequales,</span> <span class='ocrx_word' id='word_1_318' title='bbox 858 1845 892 1877; x_wconf 87' lang='lat'><strong>&amp;</strong></span> <span class='ocrx_word' id='word_1_319' title='bbox 906 1851 993 1888; x_wconf 89' lang='lat' dir='ltr'>pene</span> <span class='ocrx_word' id='word_1_320' title='bbox 1007 1840 1179 1886; x_wconf 79' lang='lat' dir='ltr'>quadratas</span> <span class='ocrx_word' id='word_1_321' title='bbox 1208 1838 1270 1873; x_wconf 85' lang='lat' dir='ltr'>fuit</span> <span class='ocrx_word' id='word_1_322' title='bbox 1293 1837 1393 1873; x_wconf 81' lang='lat' dir='ltr'>divisa</span> <span class='ocrx_word' id='word_1_323' title='bbox 1415 1852 1423 1874; x_wconf 79' lang='lat' dir='ltr'>t</span> <span class='ocrx_word' id='word_1_324' title='bbox 1442 1838 1526 1875; x_wconf 86' lang='lat' dir='ltr'>adeo</span> <span class='ocrx_word' id='word_1_325' title='bbox 1548 1852 1583 1875; x_wconf 89' lang='lat' dir='ltr'>ut</span> <span class='ocrx_word' id='word_1_326' title='bbox 1603 1840 1729 1876; x_wconf 71' lang='lat' dir='ltr'>nullum</span> 
     </span>
     <span class='ocr_line' id='line_1_36' title="bbox 320 1884 1729 1938; baseline 0.004 -19"><span class='ocrx_word' id='word_1_327' title='bbox 320 1884 469 1933; x_wconf 38' lang='lat' dir='ltr'>“spatium</span> <span class='ocrx_word' id='word_1_328' title='bbox 487 1898 624 1922; x_wconf 79' lang='lat' dir='ltr'>vacuum</span> <span class='ocrx_word' id='word_1_329' title='bbox 644 1888 878 1937; x_wconf 62' lang='lat' dir='ltr'>relinquerent.</span> <span class='ocrx_word' id='word_1_330' title='bbox 905 1889 1038 1925; x_wconf 86' lang='lat' dir='ltr'>Deinde</span> <span class='ocrx_word' id='word_1_331' title='bbox 1055 1900 1170 1924; x_wconf 85' lang='lat' dir='ltr'>omnes</span> <span class='ocrx_word' id='word_1_332' title='bbox 1189 1888 1381 1923; x_wconf 80' lang='lat' dir='ltr'>vehementi</span> <span class='ocrx_word' id='word_1_333' title='bbox 1400 1899 1493 1922; x_wconf 88' lang='lat' dir='ltr'>motu</span> <span class='ocrx_word' id='word_1_334' title='bbox 1517 1889 1650 1924; x_wconf 85' lang='lat' dir='ltr'>fuerunt</span> <span class='ocrx_word' id='word_1_335' title='bbox 1659 1891 1729 1938; x_wconf 83' lang='lat' dir='ltr'>agi·-</span> 
     </span>
     <span class='ocr_line' id='line_1_37' title="bbox 334 1935 1730 1986; baseline 0.004 -19"><span class='ocrx_word' id='word_1_336' title='bbox 334 1945 408 1968; x_wconf 74' lang='lat' dir='ltr'>tatae</span> <span class='ocrx_word' id='word_1_337' title='bbox 421 1963 430 1977; x_wconf 92' lang='lat'><strong><em>,</em></strong></span> <span class='ocrx_word' id='word_1_338' title='bbox 455 1946 492 1969; x_wconf 78' lang='lat' dir='ltr'>ac</span> <span class='ocrx_word' id='word_1_339' title='bbox 513 1936 619 1983; x_wconf 81' lang='lat' dir='ltr'>plures</span> <span class='ocrx_word' id='word_1_340' title='bbox 643 1939 894 1974; x_wconf 76' lang='lat' dir='ltr'>circa&#39;centrum</span> <span class='ocrx_word' id='word_1_341' title='bbox 913 1950 1088 1973; x_wconf 86' lang='lat' dir='ltr'>commune</span> <span class='ocrx_word' id='word_1_342' title='bbox 1102 1967 1111 1981; x_wconf 90' lang='lat'>,</span> <span class='ocrx_word' id='word_1_343' title='bbox 1129 1950 1198 1973; x_wconf 88' lang='lat' dir='ltr'>tum</span> <span class='ocrx_word' id='word_1_344' title='bbox 1216 1935 1343 1985; x_wconf 78' lang='lat' dir='ltr'>fingulae</span> <span class='ocrx_word' id='word_1_345' title='bbox 1370 1938 1455 1971; x_wconf 83' lang='lat' dir='ltr'>circa</span> <span class='ocrx_word' id='word_1_346' title='bbox 1478 1936 1567 1973; x_wconf 89' lang='lat' dir='ltr'>suum</span> <span class='ocrx_word' id='word_1_347' title='bbox 1593 1949 1730 1986; x_wconf 83' lang='lat' dir='ltr'>quaeque</span> 
     </span>
     <span class='ocr_line' id='line_1_38' title="bbox 320 1985 1728 2034; baseline 0.001 -17"><span class='ocrx_word' id='word_1_348' title='bbox 320 1995 480 2018; x_wconf 82' lang='lat' dir='ltr'>·centtum</span> <span class='ocrx_word' id='word_1_349' title='bbox 499 1988 699 2022; x_wconf 76' lang='lat' dir='ltr'>circumaCtae</span> <span class='ocrx_word' id='word_1_350' title='bbox 719 1987 871 2031; x_wconf 81' lang='lat' dir='ltr'>fuerunt,</span> <span class='ocrx_word' id='word_1_351' title='bbox 894 2001 962 2023; x_wconf 91' lang='lat' dir='ltr'>non</span> <span class='ocrx_word' id='word_1_352' title='bbox 979 1987 1073 2022; x_wconf 82' lang='lat' dir='ltr'>aliter</span> <span class='ocrx_word' id='word_1_353' title='bbox 1087 1986 1158 2022; x_wconf 89' lang='lat' dir='ltr'>fere</span> <span class='ocrx_word' id='word_1_354' title='bbox 1170 1985 1236 2021; x_wconf 80' lang='lat' dir='ltr'>acfi</span> <span class='ocrx_word' id='word_1_355' title='bbox 1248 1999 1366 2034; x_wconf 79' lang='lat' dir='ltr'>aquam</span> <span class='ocrx_word' id='word_1_356' title='bbox 1382 1988 1413 2022; x_wconf 88' lang='lat' dir='ltr'>in</span> <span class='ocrx_word' id='word_1_357' title='bbox 1426 1985 1515 2034; x_wconf 88' lang='lat' dir='ltr'>pelvi</span> <span class='ocrx_word' id='word_1_358' title='bbox 1534 1986 1651 2022; x_wconf 76' lang='lat' dir='ltr'>baculo</span> <span class='ocrx_word' id='word_1_359' title='bbox 1665 1989 1728 2022; x_wconf 82' lang='lat' dir='ltr'>cir-</span> 
     </span>
     <span class='ocr_line' id='line_1_39' title="bbox 332 2034 1728 2088; baseline 0.003 -22"><span class='ocrx_word' id='word_1_360' title='bbox 332 2044 482 2081; x_wconf 65' lang='lat' dir='ltr'>cuningus</span> <span class='ocrx_word' id='word_1_361' title='bbox 500 2046 507 2068; x_wconf 91' lang='lat'>:</span> <span class='ocrx_word' id='word_1_362' title='bbox 521 2046 589 2070; x_wconf 87' lang='lat' dir='ltr'>tum</span> <span class='ocrx_word' id='word_1_363' title='bbox 604 2039 692 2071; x_wconf 88' lang='lat' dir='ltr'>enim</span> <span class='ocrx_word' id='word_1_364' title='bbox 703 2049 785 2084; x_wconf 79' lang='lat' dir='ltr'>aqua</span> <span class='ocrx_word' id='word_1_365' title='bbox 797 2038 889 2073; x_wconf 74' lang='lat' dir='ltr'>instar</span> <span class='ocrx_word' id='word_1_366' title='bbox 902 2039 1035 2073; x_wconf 87' lang='lat' dir='ltr'>vorticis</span> <span class='ocrx_word' id='word_1_367' title='bbox 1047 2034 1238 2072; x_wconf 85' lang='lat' dir='ltr'>movebitur</span> <span class='ocrx_word' id='word_1_368' title='bbox 1254 2053 1262 2080; x_wconf 84' lang='lat'>3</span> <span class='ocrx_word' id='word_1_369' title='bbox 1286 2042 1318 2074; x_wconf 89' lang='lat'>&amp;</span> <span class='ocrx_word' id='word_1_370' title='bbox 1332 2035 1352 2071; x_wconf 84' lang='lat' dir='ltr'>si</span> <span class='ocrx_word' id='word_1_371' title='bbox 1371 2048 1441 2084; x_wconf 85' lang='lat' dir='ltr'>quae</span> <span class='ocrx_word' id='word_1_372' title='bbox 1457 2034 1516 2072; x_wconf 84' lang='lat' dir='ltr'>fint</span> <span class='ocrx_word' id='word_1_373' title='bbox 1536 2037 1648 2086; x_wconf 79' lang='lat' dir='ltr'>paleae,</span> <span class='ocrx_word' id='word_1_374' title='bbox 1667 2038 1728 2088; x_wconf 82' lang='lat' dir='ltr'>cir.</span> 
     </span>
     <span class='ocr_line' id='line_1_40' title="bbox 329 2080 1146 2133; baseline 0.009 -19"><span class='ocrx_word' id='word_1_375' title='bbox 329 2093 366 2115; x_wconf 83' lang='lat' dir='ltr'>ca</span> <span class='ocrx_word' id='word_1_376' title='bbox 388 2080 478 2116; x_wconf 85' lang='lat' dir='ltr'>suum</span> <span class='ocrx_word' id='word_1_377' title='bbox 505 2085 618 2119; x_wconf 76' lang='lat' dir='ltr'>itidem</span> <span class='ocrx_word' id='word_1_378' title='bbox 641 2097 789 2121; x_wconf 85' lang='lat' dir='ltr'>centrum</span> <span class='ocrx_word' id='word_1_379' title='bbox 810 2098 947 2133; x_wconf 84' lang='lat' dir='ltr'>quaeque</span> <span class='ocrx_word' id='word_1_380' title='bbox 965 2097 1146 2122; x_wconf 84' lang='lat' dir='ltr'>vertentur.</span> 
     </span>
    </p>

    <p class='ocr_par' dir='ltr' id='par_1_10' title="bbox 325 2131 1725 2382">
     <span class='ocr_line' id='line_1_41' title="bbox 391 2131 1725 2184; baseline 0.004 -19"><span class='ocrx_word' id='word_1_381' title='bbox 391 2133 437 2165; x_wconf 83' lang='lat' dir='ltr'>Ex</span> <span class='ocrx_word' id='word_1_382' title='bbox 460 2131 579 2180; x_wconf 87' lang='lat' dir='ltr'>duplici</span> <span class='ocrx_word' id='word_1_383' title='bbox 600 2133 657 2168; x_wconf 79' lang='lat' dir='ltr'>illa</span> <span class='ocrx_word' id='word_1_384' title='bbox 687 2137 852 2170; x_wconf 82' lang='lat' dir='ltr'>rotatione</span> <span class='ocrx_word' id='word_1_385' title='bbox 869 2134 996 2183; x_wconf 77' lang='lat' dir='ltr'>fingu¹ae</span> <span class='ocrx_word' id='word_1_386' title='bbox 1023 2135 1186 2184; x_wconf 76' lang='lat' dir='ltr'>particula:</span> <span class='ocrx_word' id='word_1_387' title='bbox 1226 2134 1269 2171; x_wconf 94' lang='lat' dir='ltr'>ob</span> <span class='ocrx_word' id='word_1_388' title='bbox 1310 2147 1455 2171; x_wconf 89' lang='lat' dir='ltr'>mutuum</span> <span class='ocrx_word' id='word_1_389' title='bbox 1480 2137 1627 2170; x_wconf 77' lang='lat' dir='ltr'>attritum</span> <span class='ocrx_word' id='word_1_390' title='bbox 1647 2164 1658 2179; x_wconf 87' lang='lat'>‚</span> <span class='ocrx_word' id='word_1_391' title='bbox 1686 2147 1725 2171; x_wconf 82' lang='lat' dir='ltr'>ex</span> 
     </span>
     <span class='ocr_line' id='line_1_42' title="bbox 333 2178 1725 2233; baseline 0.002 -20"><span class='ocrx_word' id='word_1_392' title='bbox 333 2178 455 2214; x_wconf 83' lang='lat' dir='ltr'>cubicis</span> <span class='ocrx_word' id='word_1_393' title='bbox 469 2209 477 2222; x_wconf 93' lang='lat'>,</span> <span class='ocrx_word' id='word_1_394' title='bbox 493 2181 546 2217; x_wconf 80' lang='lat' dir='ltr'>seu</span> <span class='ocrx_word' id='word_1_395' title='bbox 564 2184 728 2230; x_wconf 69' lang='lat' dir='ltr'>quadratis</span> <span class='ocrx_word' id='word_1_396' title='bbox 748 2185 893 2220; x_wconf 83' lang='lat' dir='ltr'>rotundae</span> <span class='ocrx_word' id='word_1_397' title='bbox 914 2185 1010 2219; x_wconf 63' lang='lat' dir='ltr'>factae</span> <span class='ocrx_word' id='word_1_398' title='bbox 1029 2185 1106 2222; x_wconf 77' lang='lat' dir='ltr'>sunt.</span> <span class='ocrx_word' id='word_1_399' title='bbox 1131 2188 1221 2221; x_wconf 78' lang='lat' dir='ltr'>Nam</span> <span class='ocrx_word' id='word_1_400' title='bbox 1240 2184 1500 2233; x_wconf 82' lang='lat' dir='ltr'>prominentibus</span> <span class='ocrx_word' id='word_1_401' title='bbox 1521 2184 1646 2232; x_wconf 80' lang='lat' dir='ltr'>angulis</span> <span class='ocrx_word' id='word_1_402' title='bbox 1672 2196 1725 2218; x_wconf 87' lang='lat' dir='ltr'>re-</span> 
     </span>
     <span class='ocr_line' id='line_1_43' title="bbox 333 2227 1725 2282; baseline 0.005 -21"><span class='ocrx_word' id='word_1_403' title='bbox 333 2227 422 2262; x_wconf 56' lang='lat' dir='ltr'>sectis</span> <span class='ocrx_word' id='word_1_404' title='bbox 437 2228 578 2277; x_wconf 84' lang='lat' dir='ltr'>globosae</span> <span class='ocrx_word' id='word_1_405' title='bbox 594 2232 761 2268; x_wconf 79' lang='lat' dir='ltr'>evaserunt</span> <span class='ocrx_word' id='word_1_406' title='bbox 777 2249 784 2270; x_wconf 92' lang='lat'>:</span> <span class='ocrx_word' id='word_1_407' title='bbox 812 2235 909 2282; x_wconf 85' lang='lat' dir='ltr'>idque</span> <span class='ocrx_word' id='word_1_408' title='bbox 935 2234 982 2268; x_wconf 84' lang='lat' dir='ltr'>est</span> <span class='ocrx_word' id='word_1_409' title='bbox 1005 2233 1175 2270; x_wconf 79' lang='lat' dir='ltr'>secundum</span> <span class='ocrx_word' id='word_1_410' title='bbox 1197 2234 1404 2270; x_wconf 80' lang='lat' dir='ltr'>elementum.</span> <span class='ocrx_word' id='word_1_411' title='bbox 1431 2233 1539 2267; x_wconf 81' lang='lat' dir='ltr'>Pulvis</span> <span class='ocrx_word' id='word_1_412' title='bbox 1557 2244 1666 2268; x_wconf 86' lang='lat' dir='ltr'>autem</span> <span class='ocrx_word' id='word_1_413' title='bbox 1684 2245 1725 2268; x_wconf 79' lang='lat' dir='ltr'>ex</span> 
     </span>
     <span class='ocr_line' id='line_1_44' title="bbox 333 2280 1725 2331; baseline 0.007 -22"><span class='ocrx_word' id='word_1_414' title='bbox 333 2280 449 2311; x_wconf 77' lang='lat' dir='ltr'>attritis</span> <span class='ocrx_word' id='word_1_415' title='bbox 469 2281 629 2327; x_wconf 81' lang='lat' dir='ltr'>particulis</span> <span class='ocrx_word' id='word_1_416' title='bbox 645 2281 763 2317; x_wconf 78' lang='lat' dir='ltr'>decisus</span> <span class='ocrx_word' id='word_1_417' title='bbox 783 2285 923 2331; x_wconf 82' lang='lat' dir='ltr'>primum</span> <span class='ocrx_word' id='word_1_418' title='bbox 951 2282 1059 2318; x_wconf 70' lang='lat' dir='ltr'>effecit</span> <span class='ocrx_word' id='word_1_419' title='bbox 1084 2284 1282 2319; x_wconf 83' lang='lat' dir='ltr'>elementum</span> <span class='ocrx_word' id='word_1_420' title='bbox 1298 2313 1306 2326; x_wconf 88' lang='lat'>‚</span> <span class='ocrx_word' id='word_1_421' title='bbox 1339 2282 1427 2331; x_wconf 91' lang='lat' dir='ltr'>quod</span> <span class='ocrx_word' id='word_1_422' title='bbox 1446 2280 1652 2330; x_wconf 76' lang='lat' dir='ltr'>globulorum</span> <span class='ocrx_word' id='word_1_423' title='bbox 1673 2294 1725 2316; x_wconf 75' lang='lat' dir='ltr'>re-</span> 
     </span>
     <span class='ocr_line' id='line_1_45' title="bbox 325 2325 1722 2382; baseline 0.006 -24"><span class='ocrx_word' id='word_1_424' title='bbox 325 2325 604 2373; x_wconf 67' lang='lat' dir='ltr'>=plet.intervalla.</span> <span class='ocrx_word' id='word_1_425' title='bbox 638 2334 753 2381; x_wconf 81' lang='lat' dir='ltr'>Ingens</span> <span class='ocrx_word' id='word_1_426' title='bbox 776 2335 899 2382; x_wconf 78' lang='lat' dir='ltr'>quippe</span> <span class='ocrx_word' id='word_1_427' title='bbox 923 2331 978 2368; x_wconf 79' lang='lat' dir='ltr'>ille</span> <span class='ocrx_word' id='word_1_428' title='bbox 1003 2345 1111 2369; x_wconf 85' lang='lat' dir='ltr'>motus</span> <span class='ocrx_word' id='word_1_429' title='bbox 1129 2364 1138 2378; x_wconf 79' lang='lat'>,</span> <span class='ocrx_word' id='word_1_430' title='bbox 1158 2347 1225 2382; x_wconf 86' lang='lat' dir='ltr'>quo</span> <span class='ocrx_word' id='word_1_431' title='bbox 1247 2331 1344 2368; x_wconf 78' lang='lat' dir='ltr'>divisa</span> <span class='ocrx_word' id='word_1_432' title='bbox 1372 2331 1434 2367; x_wconf 87' lang='lat' dir='ltr'>fuit</span> <span class='ocrx_word' id='word_1_433' title='bbox 1454 2333 1589 2367; x_wconf 65' lang='lat' dir='ltr'>materia</span> <span class='ocrx_word' id='word_1_434' title='bbox 1612 2360 1622 2376; x_wconf 87' lang='lat'><em>,</em></span> <span class='ocrx_word' id='word_1_435' title='bbox 1652 2329 1722 2366; x_wconf 77' lang='lat' dir='ltr'>saris</span> 
     </span>
    </p>
   </div>
  </div>
 </body>
</html>
