1878 2724
580 149 735 188 PARS
769 150 1022 189 TERTIA.
1437 155 1493 195 ⁶7¹

107 201 207 239 ficiat.
225 200 307 237 Non
322 201 415 249 igitut'
428 204 493 250 ejus
507 199 673 237 circulatio
689 199 725 236 fit
740 213 798 250 per
806 213 863 235 cor
879 206 912 237 ὅ(
923 204 1054 237 arterias
1069 230 1081 246 ,
1098 213 1134 236 ac
1147 201 1308 251 reliquum
1323 202 1366 237 est
1385 210 1420 238 ut
1438 214 1493 250 per

106 250 272 298 abdomen
295 250 488 297 perficiatur.

152 300 217 334 Sed
237 297 386 348 quorsum
400 298 534 335 vesicula
549 326 560 343 ,
574 309 630 334 aut
638 299 735 349 cystis
752 298 851 335 fellea
861 298 972 349 apoto
985 299 1111 335 biliatio
1126 300 1271 336 distincta
1284 301 1338 341 est,
1352 299 1373 335 sl
1383 299 1495 336 utrius.

96 360 175 397 *que
193 349 281 384 idem
297 347 332 383 sit
351 350 488 392 munus?
891 363 900 370 ·

158 398 250 446 Resp.
271 398 305 432 Id
323 399 500 433 admodum
517 396 579 432 effi:
595 395 766 446 probabile
784 398 874 444 quod
891 397 1076 433 observavit
1100 389 1300 448 Maspighius
1314 429 1323 443 ‚
1341 397 1442 433 bilem
1462 402 1494 434 in

97 446 184 494 ,cysti
195 447 291 482 fellea
305 476 314 490 ‚
329 459 367 482 ex
378 446 528 496 sanguine
539 459 596 495 pei·
603 448 752 482 arteriam
768 448 917 494 cysticam
926 447 1027 485 auaro
1036 450 1171 496 exprimi
1184 477 1193 492 ‚
1208 462 1244 484 ut
1262 462 1297 484 ea
1310 461 1382 497 quae
1393 462 1473 497 poro
1487 478 1496 491 ,

105 492 162 530 feu
172 496 270 531 ductu
280 495 407 531 biliario
417 498 613 539 continetur,
622 508 679 544 per
694 495 1016 544 glandulasjecinoris
1028 497 1045 533 ὲ
1060 496 1210 546 sanguine
1221 511 1278 546 per
1288 511 1405 533 venam
1420 510 1496 546 por-

110 554 178 579 tam
190 545 297 580 delato
306 557 501 593 procreatur.
515 548 604 581 Nam
619 544 754 580 infinitae
767 545 925 593 glandulae
936 547 1032 595 cystis
1049 545 1151 582 fellea:
1168 548 1391 584 membranam
1406 546 1497 583 exas-

108 604 223 640 perant
232 623 242 638 ,
259 594 374 642 quibus
392 594 516 643 sanguis
533 594 725 643 percolatur.
739 596 826 630 Hinc
839 593 913 629 bilis
926 594 1027 630 vefica
1036 595 1132 630 fellea
1142 608 1296 632 contenta
1307 595 1431 631 craffior
1449 596 1495 630 est

108 646 144 678 ὃ(
160 647 260 691 magis
275 642 408 687 viscosa,
429 644 530 691 quam
544 655 580 677 ea
600 655 672 690 quae
690 655 771 692 poro
787 641 914 678 biliario
931 646 1136 688 continetur,
1155 658 1225 693 quae
1249 646 1379 681 dilutior
1404 645 1446 679 est
1463 650 1497 681 δε

107 692 210 726 minus
228 705 344 727 amara·
380 695 489 740 Atque
505 692 641 728 eandem
657 705 740 741 pene
754 694 916 728 tationem
936 695 968 728 in
979 696 1042 728 oris
1051 693 1208 742 glandulis
1219 707 1330 731 natura
1343 696 1424 729 inire
1436 707 1497 729 no-

109 737 158 774 bis
170 741 306 776 videtur.
321 744 408 778 Nam
421 754 535 790 praeter
543 743 652 777 duetus
665 740 853 790 conspicuos
865 771 875 785 ,
892 745 948 790 qui
965 742 1096 778 salivam
1113 745 1148 779 in
1169 746 1232 779 oris
1245 747 1419 779 cavitatem
1434 772 1443 787 ,
1462 755 1499 778 ut

107 790 142 822 in
159 801 213 824 vas
224 787 390 838 quoddam
403 791 547 839 amplum
564 793 738 835 emittunt,
755 791 824 826 sunt
845 794 945 827 etiam
964 791 1033 827 aliae
1043 792 1198 841 glandulae
1240 806 1302 828 ene
1324 795 1498 828 innumerae

108 839 141 872 in
156 845 275 885 eaquae
285 839 428 888 palatum
437 839 590 889 succingit
603 839 792 875 membrana
806 867 816 882 ,
834 852 872 875 ex
889 839 1007 888 quibus
1022 841 1118 876 saliva
1135 854 1185 876 cra
1215 854 1264 877 ior
1290 848 1322 880 ὃ(
1343 841 1499 877 mucosiot

106 889 302 934 exprimitur.
317 891 467 934 Utraque
484 900 594 924 tamen
605 891 637 923 in
650 900 860 923 communem
870 888 969 924 salivae
980 901 1128 925 naturam
1142 890 1212 925 abit
1227 919 1236 933 ‚
1253 892 1356 938 qualis
1374 890 1499 926 diluen-

108 935 156 968 dis
167 935 248 970 cibis
263 938 305 972 est
315 936 493 973 neceffan‘a.
503 940 541 972 Et
553 936 625 972 sane
636 938 693 983 qui
709 935 843 970 vesicam
853 936 985 972 felleam
996 966 1006 981 ,
1022 943 1055 974 ὃ(
1071 950 1186 987 porum
1203 938 1366 975 biliarium
1391 950 1498 974 atten-

109 981 171 1022 tius
182 983 368 1032 inspexerit,
380 998 447 1021 non
457 985 595 1020 multum
610 987 693 1020 inter
711 984 741 1019 se
750 997 785 1019 ea
801 982 928 1020 differre
943 986 1038 1022 facile
1049 986 1228 1035 judicabit3
1248 989 1331 1023 adeo
1350 999 1385 1022 ut
1400 1001 1497 1034 porus

107 1032 175 1079 ipse
187 1033 268 1068 nihil
279 1033 340 1069 effe
350 1034 407 1069 nifi
419 1033 519 1068 vesica
529 1036 562 1068 in
575 1035 697 1068 arctum
709 1035 876 1068 contracta
890 1062 900 1076 ,
911 1045 1008 1082 atque
1021 1037 1052 1069 in
1066 1037 1171 1070 varios
1185 1048 1292 1071 ramos
1300 1038 1434 1072 ’diducta
1449 1040 1499 1072 vi-

109 1081 222 1116 deatur
237 1083 352 1130 3idque
365 1095 431 1117 non
444 1081 599 1116 abhorret
609 1082 628 1118 ὲ
641 1080 823 1125 verisimili,
834 1094 924 1117 motu
933 1084 1075 1130 quodam
1087 1085 1289 1120 vermiculari
1300 1085 1399 1122 bilem
1410 1088 1426 1123 ὲ
1440 1099 1498 1122 ve-

108 1128 186 1172 sica,
205 1136 238 1167 &
250 1144 332 1179 poro
342 1133 479 1180 exprimi
489 1143 545 1179 per
565 1129 661 1166 fibras
672 1142 801 1165 carneas
812 1159 822 1175 ,
837 1130 954 1178 quibus
964 1133 1015 1167 hic
1025 1133 1141 1168 duetus
1160 1134 1336 1172 instruitur.

145 1180 230 1215 Cum
243 1181 343 1228 hepar
353 1193 394 1216 ex
408 1182 582 1215 innumeris
594 1179 670 1214 vasis
690 1184 723 1217 δι
741 1179 896 1228 glandulis
907 1179 943 1215 fit
957 1193 1144 1217 contextum
1156 1211 1166 1226 ,
1181 1194 1280 1231 atque
1300 1186 1332 1219 id
1352 1184 1387 1220 sit
1407 1186 1499 1222 velut

109 1227 267 1277 sanguinis
279 1229 420 1265 cribrum
435 1241 493 1264 aut
504 1228 718 1272 colatorium,
752 1229 784 1262 id
802 1241 875 1263 raro
894 1241 1080 1265 extenuatur
1092 1260 1101 1274 ,
1125 1230 1176 1266 sed
1205 1233 1398 1282 plerumque
1430 1235 1499 1283 plus

105 1276 182 1313 satis
193 1289 327 1326 augetur
337 1307 346 1322 ,
367 1283 400 1315 &
413 1278 592 1313 intumescit
604 1294 613 1321 3
634 1277 697 1313 five
707 1276 834 1312 succum
850 1281 1020 1314 nutritium
1030 1281 1070 1314 ad
1082 1280 1111 1315 se
1121 1293 1150 1314 ra
1157 1282 1223 1328 piat
1233 1280 1425 1328 uberiorem,
1437 1284 1500 1320 five

110 1338 150 1360 ex
162 1326 305 1362 vasorum
320 1326 590 1363 obstructionibus
600 1339 655 1362 aut
669 1326 845 1362 tumoribus
855 1356 864 1371 ,
886 1328 1092 1374 intumescat,
1106 1341 1162 1364 aut
1173 1329 1296 1379 sanguis
1311 1335 1371 1368 rite
1385 1346 1501 1382 expur-

109 1378 220 1423 gariin
232 1389 272 1410 eo
281 1389 346 1411 non
356 1376 460 1425 poffit.
494 1378 581 1411 Cum
612 1376 712 1425 laepat
739 1378 873 1412 nimium
897 1377 1049 1412 excrescit
1060 1406 1070 1421 ,
1084 1391 1150 1414 tum
1162 1382 1307 1427 parciore
1322 1381 1398 1416 cibo
1412 1389 1444 1420 δε
1456 1396 1502 1418 te-

110 1425 227 1468 nuiori,
239 1424 290 1459 sed
305 1428 464 1461 exercitiis
476 1424 690 1460 crebrioribus
700 1426 854 1462 utendum
866 1455 876 1468 ,
895 1431 928 1463 ὅ(
946 1424 1057 1461 somno
1069 1429 1174 1462 minus
1188 1429 1420 1479 indulgendum
1439 1432 1500 1467 effe

111 1476 298 1522 praecipiunt
308 1475 433 1510 Medici
450 1488 459 1511 ε
481 1474 533 1510 sed
550 1473 674 1510 facilius
686 1474 840 1523 ejusmodi
856 1476 1064 1511 incommoda
1076 1487 1230 1512 caventur
1242 1507 1252 1522 ,
1276 1479 1375 1527 quam
1386 1479 1501 1516 sanan-

85 1537 88 1541 ·
112 1534 171 1558 tur.

148 1572 232 1615 Qae
247 1571 343 1620 vulgo
355 1572 502 1620 hepatica
515 1571 662 1606 dicuntur
672 1574 813 1608 remedia
824 1603 833 1617 ,
843 1572 906 1608 five
922 1568 978 1608 sint
990 1572 1139 1622 simplicia
1153 1603 1162 1617 ‚
1179 1572 1245 1610 sive
1261 1577 1450 1626 composita,
1461 1578 1503 1614 εὸ

113 1621 248 1655 tendunt
258 1624 366 1656 omnia
380 1650 389 1663 ,
406 1632 442 1655 ut
450 1620 680 1656 obstruffiones
698 1621 939 1670 reserenttquod
950 1625 1062 1670 utique
1079 1621 1225 1660 efficiunt
1237 1653 1247 1667 ‚
1261 1637 1332 1660 cum
1346 1626 1502 1677 sanguinis

112 1668 222 1704 crasim
237 1672 430 1713 emendant,
455 1669 539 1704 illius
554 1671 721 1718 particulas
735 1672 909 1707 concidunt
923 1671 1080 1707 minutius
1097 1701 1105 1715 ,
1133 1678 1167 1710 δε
1178 1674 1218 1707 ad
1240 1687 1364 1710 motum
1385 1677 1504 1725 procli-

112 1721 218 1752 viores
231 1715 386 1754 efficiunt.
399 1722 440 1754 Fa
450 1721 570 1767 quippe
580 1718 762 1767 sanguinem
772 1720 791 1754 Ξι
801 1722 1009 1768 corruptione
1023 1720 1167 1765 solvunt,
1187 1722 1269 1756 illius
1292 1723 1504 1761 effi-rvescen.

112 1769 193 1805 tiam
204 1779 338 1815 augent:
351 1769 433 1803 adeo
447 1780 482 1802 ut
495 1767 616 1817 sanguis
631 1771 836 1803 excrementa
851 1769 899 1803 sua
911 1775 945 1806 &
955 1769 1042 1804 feces
1053 1782 1108 1817 per
1123 1774 1194 1805 vias
1212 1771 1316 1806 solitas
1330 1801 1337 1814 ,
1354 1785 1388 1808 ut
1402 1774 1503 1810 bilem

113 1828 171 1864 per
181 1816 294 1850 duetus
306 1816 461 1861 binarios,
481 1815 585 1852 serum
604 1829 661 1866 pet
673 1829 783 1862 renes,
797 1818 912 1854 halitus
926 1830 981 1867 per
999 1818 1212 1855 insensibilem
1227 1820 1504 1871 transpirationeni

112 1865 266 1913 expellat.
863 1879 879 1882 ’·
1555 1907 1560 1911 ,

147 1916 237 1949 Hinc
251 1926 322 1961 quae
338 1913 485 1961 hepatica
495 1913 599 1963 vulgo
612 1916 796 1951 vocitantur
807 1944 817 1960 ,
830 1916 948 1951 eadem
955 1915 1107 1952 omnibus
1117 1916 1291 1952 visceribus
1304 1919 1432 1968 prosunt
1447 1933 1454 1955 :
1473 1919 1505 1955 fl-

113 1974 156 1997 ve
167 1967 205 1997 eit
225 1962 486 2011 vegetabilium,
499 1963 611 1999 fiveex
627 1965 832 2000 mineralium
843 1965 1205 2015 genere'depromantur
1219 1966 1303 2012 gfive
1316 1981 1353 2003 ea
1365 1968 1422 2014 lint
1433 1969 1505 2005 firn-

114 2010 210 2058 plicia
221 2038 231 2052 ,
243 2022 392 2045 uramara
402 2024 548 2058 quaeque,
561 2024 596 2046 ut
609 2013 758 2048 cichorea
809 2012 1002 2048 absinthium
1012 2043 1020 2057 ‚
1045 2015 1181 2049 fumaria
1193 2043 1202 2056 ,
1218 2022 1427 2052 centnm-eum
1438 2047 1446 2061 ,
1466 2018 1505 2052 li*-

114 2073 214 2105 gnum
232 2059 337 2101 aloes,
352 2060 547 2107 &aliar'pene
563 2062 752 2104 innumera;
779 2075 829 2094 xv‘:
845 2061 903 2095 smt
923 2062 1116 2110 composita,
1135 2062 1250 2110 quibus
1267 2065 1505 2116 pharmacopo‘

116 2108 156 2143 lia
175 2108 372 2150 redundant,
393 2109 618 2157 tumgalenica
635 2119 702 2143 tum
715 2108 863 2158 chymica
883 2110 1040 2145 methodo
1057 2108 1253 2160 praeparata:
1270 2125 1304 2148 ut
1323 2113 1400 2150 sales
1423 2126 1505 2163 pene

117 2155 297 2192 omnesfixi
315 2160 371 2204 qui
392 2157 588 2193 fluiditatem
606 2155 748 2206 sanguini
762 2158 943 2196 conciliant.
959 2161 1010 2203 Sic
1027 2160 1173 2195 limatura
1187 2161 1335 2211 chalybis
1347 2193 1355 2206 ‚
1382 2169 1412 2198 &
1435 2164 1509 2198 cha-

113 2206 249 2254 'lybeata
263 2218 348 2254 pene
358 2209 469 2242 omnia
489 2207 610 2255 hepatis
629 2205 862 2243 obstructiones
883 2208 1058 2246 recludunt·
1081 2201 1179 2247 mde
1200 2211 1347 2245 adversus
1362 2214 1509 2254 ieterum’,

115 2253 457 2306 seumorbumtegium
467 2256 509 2291 ab
523 2254 676 2292 omnibus
702 2269 775 2292 cum
796 2256 978 2303 veteribus,
1006 2270 1076 2294 turn
1096 2259 1328 2295 recentioribus
1349 2261 1509 2310 praescr-'iffi

116 2304 232 2341 solent.
1254 2338 1256 2341 .

164 2356 283 2390 Ieterus
295 2356 416 2403 quippe
441 2354 498 2390 vel
517 2367 554 2390 ex
575 2353 648 2389 crasi
666 2353 822 2403 sanguinis
834 2357 970 2399 vitiata,
992 2357 1044 2392 vel
1066 2369 1105 2391 ex
1123 2355 1273 2393 ductibus
1301 2357 1435 2402 biliariis
1451 2358 1511 2393 oli-

115 2402 237 2440 struffis
252 2407 285 2452 ,(
300 2406 357 2452 qui
371 2416 450 2440 unus
467 2405 511 2440 est
532 2405 680 2440 omnium
698 2404 868 2441 consensus
882 2434 891 2451 ,
914 2408 926 2450 )
949 2405 1159 2455 proficiscitur
1174 2421 1181 2444 :
1198 2406 1273 2455 saepc
1289 2407 1396 2444 febres
1413 2410 1533 2449 inrer·‚
