1878 2724
429 165 503 200 490
924 147 948 183 P
973 146 1006 181 H
1027 145 1059 181 Y
1079 146 1100 180 S
1121 147 1134 180 1
1153 144 1184 180 C
1204 148 1243 180 AE

426 200 571 250 imprcffii
580 200 619 234 ad
630 199 779 234 intimam
789 193 935 242 cujusque
945 197 990 229 rei
1000 205 1147 229 naturam
1158 192 1381 243 pertinenttest
1389 193 1476 228 enim
1487 190 1591 228 forma
1602 195 1649 228 rei
1662 193 1808 241 quaedam

425 251 503 286 ideae
515 250 628 284 divinae
636 245 907 295 participatio,aut
917 243 1202 279 chatafiterzPartes
1210 255 1321 291 quaeq3
1331 242 1476 277 animalis
1487 241 1552 276 suas
1561 254 1695 278 exerunt
1705 243 1808 279 actio-

426 298 565 335 nes,fere
577 308 610 330 ut
621 294 784 342 horologii
795 303 885 336 rotae,
894 295 980 340 juxta
997 291 1082 340 leges
1093 291 1113 327 ὲ.
1122 290 1246 327 summo
1261 291 1450 327 Archite&o
1461 289 1660 339 praescriptas,
1670 293 1744 327 Nec
1752 303 1807 328 ne.

426 344 504 381 celse
514 345 556 379 est
570 346 656 379 utvis
668 343 723 379 illa
735 342 927 391 plastica‚atit
939 343 1133 387 morrix‚quq
1143 341 1190 375 est
1202 340 1295 375 instar
1306 338 1435 388 appensi
1447 338 1572 387 pc‘ideris
1583 342 1615 375 in
1625 339 1807 389 horologio,

425 407 464 429 ex
478 392 620 442 partibus
634 392 857 440 heterogeneis
870 387 1092 425 confletur:sed
1103 386 1218 424 sufficit
1229 401 1265 425 ut
1276 391 1372 424 variis
1385 399 1490 423 utatur
1505 388 1807 436 iiistrumenti5‚quo

425 454 546 478 tantam
555 442 722 477 affionum
732 442 923 475 varietatem
932 439 1020 474 edat.
1031 440 1111 473 Haec
1121 441 1210 473 visin
1220 452 1288 473 ovo
1307 437 1464 472 foecundo
1479 438 1576 472 etiam
1588 448 1663 471 ante
1679 437 1806 485 gallinae

424 491 670 526 incubationem
679 488 837 525 delitescit
847 490 879 523 in
890 486 1071 522 cicatricula
1083 486 1159 530 ,ubi
1170 486 1369 535 microscopii
1380 497 1442 533 ope
1453 484 1650 533 Malpighius
1665 487 1806 522 catinam

422 540 500 589 pulli
510 539 706 574 delineatam
719 537 952 586 deprehendit,
965 548 1036 584 quae
1052 537 1084 571 in
1098 534 1323 572 subventaneis
1345 535 1432 570 nulla
1444 534 1499 570 est.
1521 534 1634 580 Estque
1649 533 1726 568 illud
1736 535 1807 570 ani-

422 588 514 623 malis
527 589 694 637 vestigium
707 600 774 622 non
787 584 931 622 diffiniile
939 597 1078 634 gemmae
1088 613 1097 627 ,
1113 598 1185 633 quae
1199 587 1230 620 in
1239 584 1355 633 plantis
1366 585 1514 618 cernitur.
1534 584 1593 617 Vis
1606 581 1661 616 illa
1678 581 1806 618 astuoss

422 637 542 673 blando
552 637 662 673 calore
679 647 803 672 tantum
817 635 960 682 indiget,
977 645 1012 668 ut
1027 636 1198 677 excitetur,
1216 632 1321 671 &sese
1333 631 1483 681 explicet,
1496 631 1563 666 fere
1575 642 1609 664 ut
1620 633 1654 666 in
1674 630 1803 678 plantis.

463 688 545 735 Opp.
560 699 607 722 20.
619 688 652 721 Si
663 688 773 720 anima
784 683 870 719 bruti
879 683 922 718 est
931 683 1010 730 quid
1019 682 1261 732 homogencurn
1273 711 1283 726 ,
1292 682 1460 730 quomodo
1471 691 1536 715 tam
1548 681 1668 715 variam
1678 684 1711 717 &
1724 680 1806 716 mul.

423 735 566 784 tiplicem
579 734 679 770 habet
695 737 847 768 virtutem
860 743 871 769 2

454 785 541 832 Refp.
556 782 785 819 Divetsitatem
794 784 958 818 actionum
979 794 1048 818 tum
1061 795 1099 817 ex
1117 792 1312 830 organorum
1327 808 1337 823 ,
1356 792 1422 815 tum
1441 777 1528 814 forte
1549 778 1646 811 etiam
1659 788 1698 812 ex
1715 775 1805 825 spiri„

421 845 510 868 tuum
521 835 577 880 qui
588 835 701 868 animae
714 831 880 867 sentientis
892 834 995 879 prima
1007 831 1075 866 sunt
1084 831 1292 866 instrumenta
1305 859 1314 872 ‚
1327 831 1482 864 varietate
1496 828 1568 861 duci
1596 838 1603 859 :
1628 824 1698 860 fieri
1717 829 1804 862 enim

420 882 526 930 potest
539 894 574 916 ut
591 881 713 929 spiritus
727 880 880 915 animales
899 883 930 915 in
941 882 1039 915 variis
1050 878 1258 920 sensoriis,seu
1269 880 1397 926 organis
1408 877 1549 912 sensuum
1560 874 1723 910 constituti
1736 887 1803 912 non

420 930 478 965 sint
498 929 741 974 uniusinodi,sed
754 927 926 977 figiira‚aut
941 931 1080 976 partium
1098 938 1224 962 textura
1234 955 1244 970 ‚
1258 938 1313 961 aut
1326 926 1508 960 mobilitate
1520 922 1578 958 finr
1589 922 1735 970 dispares.
1749 925 1802 959 Sic

418 983 561 1028 puriores
573 990 666 1013 erunt
684 1007 694 1021 ‚
729 983 763 1014 δε
780 976 865 1025 quasi
873 978 1003 1012 :etherei
1015 979 1048 1012 in
1067 976 1184 1019 oculis,
1207 974 1415 1024 simpliciores
1436 980 1470 1012 ὅ(
1490 972 1639 1007 nudiores
1652 974 1686 1007 in
1699 974 1801 1008 taCtus

416 1027 471 1064 vel
488 1029 590 1076 gustus
605 1029 729 1075 organis
739 1055 750 1069 ,
766 1025 956 1060 mobiliores
979 1028 1012 1061 in
1026 1024 1168 1060 autibus.
1279 1055 1287 1060 .

451 1077 534 1124 Opp.
552 1072 592 1120 35.
608 1078 697 1110 Hinc
707 1075 858 1122 explicari
869 1087 935 1109 non
971 1072 1033 1109 offe
1049 1078 1134 1121 cujus
1146 1083 1266 1108 naturae
1280 1069 1315 1105 fit
1337 1072 1446 1105 anima
1464 1068 1600 1107 sentiens
1621 1073 1655 1107 in
1676 1070 1802 1115 brutis,

418 1137 486 1173 quae
497 1124 576 1159 illius
589 1127 679 1172 origo
695 1152 704 1166 ,
719 1123 806 1158 unde
817 1123 864 1157 illi
876 1125 923 1157 vis
936 1087 1094 1158 [lentiendi
1104 1122 1235 1156 accedat
1246 1148 1256 1163 ,
1269 1133 1308 1155 an
1329 1118 1365 1153 fit
1378 1120 1490 1154 modus
1508 1123 1640 1169 quidam
1657 1118 1802 1155 substan-

419 1174 520 1217 dalis,
536 1185 571 1208 ut
583 1173 685 1219 figura
698 1173 741 1207 est
754 1172 867 1207 modus
877 1173 1075 1217 quantitatis,
1107 1171 1161 1206 An
1179 1170 1267 1217 hujus
1285 1169 1375 1203 modi
1396 1169 1571 1206 accessione
1586 1182 1637 1204 res
1659 1171 1801 1204 animata

419 1221 461 1257 ab
474 1221 643 1257 insensibili
655 1221 835 1269 sejungatur
853 1231 864 1257 ξ
888 1221 951 1254 Sed
964 1221 1048 1254 unde
1062 1231 1150 1255 tanta
1162 1220 1210 1252 vis
1223 1218 1294 1252 huic
1306 1217 1407 1252 modo
1419 1219 1544 1253 accedit
1558 1246 1569 1262 ‚
1587 1220 1643 1267 qui
1657 1230 1699 1252 ne
1712 1220 1799 1252 enti-

420 1282 466 1306 tas
484 1271 615 1318 quidem
629 1270 698 1305 estii
718 1271 850 1304 materia
862 1268 1031 1312 distincta,
1051 1280 1086 1303 nt
1101 1265 1336 1315 impreffionem
1355 1264 1396 1299 ab
1418 1266 1549 1316 objecto
1568 1269 1707 1314 excipiat
1725 1278 1799 1302 cuin

416 1320 522 1366 aliqua
532 1320 718 1368 cognitione
733 1320 748 1350 ?
765 1318 799 1352 Id
814 1320 901 1352 enim
911 1319 1039 1365 proprie
1060 1317 1105 1351 est
1118 1316 1245 1351 sentite.
1271 1317 1319 1349 An
1333 1313 1419 1349 forte
1433 1313 1596 1363 spirituum
1608 1314 1798 1350 animalium

416 1380 586 1403 contextus
598 1380 634 1402 ea
647 1369 679 1401 vi
692 1367 829 1402 donatur
838 1366 880 1400 ab
891 1367 1037 1401 Authote
1048 1377 1166 1400 naturre
1187 1375 1197 1401 ?
1220 1363 1282 1398 Sed
1300 1363 1415 1397 eadem
1430 1365 1511 1398 redit
1533 1363 1700 1399 difficultas
1710 1392 1719 1407 ‚
1741 1363 1799 1410 qui

418 1416 488 1452 fieti
507 1416 601 1465 poffit
612 1427 645 1452 ut
660 1418 793 1450 materia
806 1414 1012 1462 quantumvis
1022 1413 1144 1450 subtilis
1159 1412 1294 1455 sentiat,
1319 1424 1373 1446 aut
1386 1412 1577 1461 cognoscat:
1595 1412 1694 1448 nullus
1710 1414 1797 1447 enim

415 1467 458 1500 est
469 1465 570 1500 sensus
591 1468 670 1501 citra
687 1466 918 1513 cognitionem.

450 1517 501 1549 An
519 1515 659 1562 denique
668 1526 740 1549 cum
751 1512 920 1548 Platonicis
934 1517 966 1548 &
977 1511 1144 1559 Chyrnicis
1159 1509 1323 1546 nonnullis
1334 1510 1372 1543 :id
1389 1511 1455 1544 vim
1477 1510 1637 1557 quandam
1652 1512 1795 1545 niateriae

415 1563 470 1612 ipsi
485 1576 628 1598 coaevam
643 1575 699 1610 per
712 1563 825 1598 cunCta
841 1559 987 1596 diffusam
998 1560 1220 1608 confugiemus
1232 1588 1242 1603 ,
1261 1572 1329 1607 quae
1351 1558 1386 1593 fit
1407 1559 1534 1594 aCtuosa
1551 1588 1560 1603 ‚
1588 1561 1770 1607 energetica
1783 1586 1794 1602 ,

387 1656 390 1657 ⁷
414 1624 450 1646 ut
461 1614 548 1647 aiunt
560 1641 568 1654 ‚
590 1623 726 1658 quaeque
737 1611 757 1647 ὁ.
775 1613 906 1646 materia
923 1608 1033 1644 divelli
1047 1620 1188 1656 nequeat
1201 1626 1210 1653 ς
1227 1620 1323 1656 quam
1338 1609 1470 1642 materia
1485 1607 1549 1655 ipsa
1563 1609 1649 1642 varie
1664 1606 1795 1643 modifi-

414 1672 467 1695 cet
483 1689 493 1703 ‚
514 1672 615 1707 eaque
625 1659 800 1707 fitdptima
808 1657 896 1694 causa
909 1669 1076 1707 procreata
1087 1687 1097 1700 ,
1119 1659 1151 1692 in
1163 1659 1227 1706 jugi
1243 1658 1370 1692 actione
1380 1654 1478 1705 posita
1494 1683 1504 1699 ,
1518 1662 1551 1692 δε
1567 1655 1667 1691 sensus
1689 1658 1794 1691 omnis

414 1710 619 1756 principium.
652 1710 740 1742 Hinc
752 1738 764 1751 ‚
781 1710 930 1754 inquiunt
941 1735 951 1750 ,
969 1705 1062 1741 rebus
1079 1705 1230 1740 omnibus
1245 1708 1370 1740 innatus
1385 1705 1430 1740 est
1445 1707 1606 1753 appetitus
1621 1733 1630 1746 ‚
1645 1707 1701 1750 qui
1715 1706 1794 1739 citra

414 1760 659 1805 perceptionem
672 1756 848 1792 naturalem
864 1758 991 1803 concipi
1005 1768 1071 1790 non
1089 1755 1208 1803 potest.
1221 1756 1296 1790 Haec
1317 1756 1484 1802 perceptio
1498 1756 1528 1788 in
1546 1752 1736 1788 animalibus
1756 1752 1794 1788 fit

414 1805 551 1841 sentiens
567 1834 576 1848 ,
597 1819 670 1840 cum
681 1805 800 1852 duplici
812 1818 933 1853 organo
945 1802 1043 1839 sensus
1057 1806 1216 1839 interioris
1231 1809 1265 1839 δε
1283 1804 1450 1837 exterioris
1464 1803 1623 1836 instruitur
1638 1816 1645 1837 :
1661 1803 1743 1835 adeo
1756 1812 1793 1836 ut

415 1857 580 1903 perceptio
593 1855 646 1888 illa
660 1854 809 1888 naturalis
826 1853 1070 1900 quodammodo
1086 1854 1280 1899 geminetur.
1308 1853 1388 1885 Haec
1405 1851 1516 1897 utique
1530 1849 1594 1884 fuse
1615 1850 1791 1885 admodum

414 1903 573 1949 explicare
585 1914 718 1936 conatur
728 1901 917 1935 Glill‘onius:
934 1901 984 1934 sed
996 1901 1077 1933 adeo
1093 1913 1157 1934 non
1172 1912 1240 1933 rem
1258 1900 1447 1944 expediunt,
1470 1910 1503 1932 iit
1518 1910 1588 1932 eam
1607 1900 1706 1945 magis
1727 1899 1791 1932 im-

415 1952 555 1998 pediant.
569 1953 679 1985 Nemo
693 1952 778 1983 enim
789 1948 874 1982 bona
893 1948 954 1983 fide
974 1950 1005 1982 in
1018 1947 1174 1994 lapidibus
1183 1959 1238 1981 aut
1248 1947 1365 1995 plantis
1380 1946 1558 1981 naturalem
1573 1943 1792 1996 'illam‘perce-

413 2002 580 2047 ptionem‚
605 2011 658 2032 aut
671 2000 851 2044 appetitum
865 1999 1010 2031 innatum
1026 1996 1189 2044 agnoscet.

448 2050 538 2095 Resp.
555 2049 614 2082 His
627 2052 660 2083 &
672 2047 741 2080 aliis
752 2059 816 2080 non
829 2045 912 2080 aliud
926 2043 1033 2087 effici,
1044 2045 1142 2090 qussim
1157 2043 1320 2079 obscuram
1336 2044 1508 2079 admodum
1522 2041 1704 2078 esseanimae
1715 2041 1789 2078 bru-

411 2109 518 2132 torum
533 2108 677 2130 naturam
688 2094 739 2129 vel
756 2096 912 2142 originem
931 2109 938 2130 :
957 2093 1042 2141 quod
1057 2095 1086 2127 in
1100 2095 1136 2127 iis
1146 2093 1297 2128 omnibus
1313 2094 1447 2135 accidit,
1464 2105 1600 2139 quorum
1620 2093 1706 2125 ideas
1720 2104 1788 2127 non

412 2144 570 2182 habemus
587 2160 595 2186 ς
609 2144 662 2179 vel
676 2146 749 2191 qui-1
762 2142 816 2177 sub
832 2142 932 2177 sensus
949 2156 1014 2177 non
1033 2144 1177 2184 veniunt,
1194 2142 1245 2176 vel
1260 2144 1332 2187 quin
1342 2154 1453 2176 eorum
1471 2155 1535 2175 non
1547 2140 1659 2175 conscii
1675 2139 1787 2182 sumus,

411 2207 446 2230 ut
460 2192 669 2228 affectionum
678 2204 733 2227 aut
749 2194 981 2239 cogitationum
991 2191 1189 2225 nostrarum:
1212 2190 1264 2224 vel
1282 2193 1357 2237 quia
1377 2203 1441 2224 non
1459 2188 1526 2223 sunt
1540 2202 1612 2223 cum
1631 2191 1667 2222 iis
1688 2201 1756 2236 quae
1767 2189 1789 2223 ὲ

409 2243 506 2281 nobis
524 2244 738 2289 percipiuntur
750 2269 761 2283 ,
779 2241 956 2290 conjunsta.
969 2240 1030 2274 Sed
1042 2239 1116 2272 illud
1128 2239 1250 2287 semper
1266 2239 1440 2273 tenendum
1456 2238 1496 2272 est
1510 2268 1518 2281 ‚
1535 2251 1592 2272 nos
1608 2236 1649 2271 ab
1665 2240 1700 2271 iis
1714 2249 1786 2283 quae

410 2304 498 2327 certa
511 2292 580 2326 sunt
599 2295 632 2327 &
647 2289 812 2338 explorata
824 2290 972 2323 recedere
991 2301 1055 2322 non
1066 2300 1234 2335 oportere,
1246 2288 1333 2334 quod
1354 2299 1425 2320 cum
1447 2287 1552 2332 aliqua
1576 2285 1683 2334 insigni
1702 2283 1786 2319 diffi-

410 2341 531 2375 cultnte
543 2369 550 2381 ,
562 2351 633 2386 quae
651 2338 759 2373 evolvi
776 2337 942 2373 facilenon
956 2337 1059 2384 potest
1071 2366 1079 2377 ‚
1104 2335 1162 2371 sint
1174 2336 1353 2382 conjunsta.
1368 2338 1456 2371 Nam
1473 2339 1571 2383 primi
1583 2347 1684 2368 rerum
1695 2334 1786 2368 initia

408 2389 529 2438 ubique
547 2400 604 2424 nos
624 2387 770 2436 fugiunt,
785 2398 888 2435 eaque
898 2387 1088 2433 conjecturis
1113 2397 1237 2421 tantum
1260 2385 1313 2421 vel
1329 2384 1474 2432 analogia
1498 2384 1635 2433 quadam
1649 2381 1783 2430 assequi-
