1878 2724
434 131 801 171 TRACTATUS
847 132 1185 171 SECUNDUS.
1473 149 1517 171 tr

125 183 130 187 ’
152 186 268 228 vHaec,
281 182 434 231 inquam,
454 195 491 219 ut
505 183 672 232 ingeniose
694 183 754 220 smt
765 183 858 227 fieta,
877 194 991 219 vereor
1008 194 1118 218 tamen
1143 193 1178 216 ut
1201 179 1272 216 satis
1286 179 1343 216 sibi
1362 180 1423 218 fint
1437 150 1517 220 cosi-

109 233 284 271 senune&
295 234 385 270 Nam
396 245 431 269 ut
444 233 529 269 nihil
543 234 650 268 dicam
660 233 701 268 de
716 245 812 269 motu
824 232 882 268 illo
903 234 1069 282 vertiginis
1083 260 1093 276 ,
1115 243 1214 280 quem
1231 240 1321 265 terrae
1334 234 1443 268 &a'c'ri
1460 236 1516 268 tri-

108 302 112 319 ε
126 283 199 320 buit
210 280 369 318 Cartefius
383 311 394 326 ‚
421 296 489 318 non
498 283 598 317 video
615 294 670 317 cur
689 281 791 318 solida
809 295 945 331 corpora
957 295 1024 318 non
1048 279 1175 330 longius
1194 280 1214 315 ὲι
1232 291 1346 315 centro
1362 283 1514 317 recedere

106 333 300 370 ‘moliantur
311 361 321 376 ‚
344 331 446 380 quem
456 331 580 367 subtilis
596 331 650 367 illa
666 334 808 368 materia.
827 335 866 368 Et
879 332 951 367 sane
964 332 1080 366 durum
1094 331 1172 368 illud
1187 359 1196 374 ,
1216 333 1249 364 &
1263 332 1316 364 vix
1333 332 1514 368 conceden-

104 410 109 415 .
121 382 199 419 dum
208 382 337 418 videtur
346 381 417 430 plus
434 383 576 417 materiae
595 379 657 417 esse
668 384 702 418 in
712 381 822 418 subtili
837 383 975 417 materia
989 409 999 423 ,
1019 379 1119 428 qu⁸am
1134 383 1168 416 in
1180 378 1295 414 eadem
1307 379 1512 429 hydrargyri‚

103 431 174 518 »gel
186 433 255 467 auri
266 429 354 467 mole
376 444 385 466 :
412 434 560 480 quamvis
581 443 715 482 propter
733 433 872 480 partium
886 429 1115 467 insensibilium
1129 440 1258 467 motum
1273 430 1378 464 minus
1392 428 1429 465 fit
1441 430 1511 467 sen-

105 512 116 518 ..
145 480 230 520 bilis,
727 479 729 482 ¹

155 533 286 568 Deinde
295 543 332 568 ut
342 543 447 568 motus
462 529 518 567 ille
528 529 712 566 turbinatus
727 532 837 581 gravia
850 541 988 578 corpora
1000 527 1214 573 deorsum‚seu
1225 528 1265 563 ad
1276 528 1420 563 medium
1431 542 1509 565 vor..

119 581 191 614 ticis
212 582 408 630 pellat,-hoc
420 583 533 628 utique
547 579 604 615 fiet
611 592 670 629 per
687 579 808 616 lineam
819 578 986 627 spiralem,
1006 590 1043 614 ut
1057 580 1090 614 in
1108 590 1195 627 aqua
1206 580 1367 614 cernimus
1387 578 1508 627 paleas,

106 629 382 680 ⁴&heterogenea
403 641 538 678 corpora
557 629 598 664 ad
618 630 762 665 medium
777 630 909 664 vorticis
922 630 1003 677 mpi.

140 681 309 716 -Praeterea
321 682 374 715 vix
385 678 538 727 explicari
573 679 654 714 otest
664 681 698 715 in
715 692 753 714 ea
770 677 942 728 hypothesi
956 676 1140 713 Cartesiana
1153 688 1209 712 cut
1219 677 1367 724 quaedam
1388 690 1507 729 corpo-

114 738 150 762 ta
163 726 222 763 fin:
236 728 306 764 aliis
314 730 463 776 graviora
478 740 534 763 aut
549 691 687 765 leviora:
700 741 774 765 cum
786 728 902 763 eadem
913 733 946 764 &
955 727 1163 776 homogenea
1175 725 1296 773 ubique
1310 725 1346 760 sit
1357 731 1505 765 materia.

104 788 176 812 mec
185 780 363 826 quicquam
383 780 480 814 inane
490 780 715 827 intercipiatur
732 793 740 815 :
759 789 813 812 cur
830 779 1006 813 minutiora
1019 789 1156 826 corpora
1180 788 1247 812 non
1263 774 1360 811 citius
1374 777 1505 814 descen-

108 825 194 865 'dant
208 855 220 870 ,
246 840 327 864 cum
341 827 487 863 velocior
509 829 546 862 iis
567 838 675 862 motus
697 828 917 876 imprimatur.

104 879 106 881 ’
125 905 128 909 ,
146 875 234 912 Cum
245 887 355 914 tamen
375 876 536 913 descensus
556 889 731 925 corporum
742 878 890 927 gravium
909 878 965 911 vix
976 874 1019 910 ab
1029 876 1090 910 alia
1107 875 1265 925 proficisci
1278 875 1369 912 causa
1382 875 1480 924 poffit
1493 907 1504 923 ,

105 924 214 972 quam
227 925 270 961 ab
281 927 421 962 aetherea
435 925 605 962 substantia
620 955 630 970 ,
650 939 720 975 quae
734 939 808 961 cum
823 924 892 960 aliis
909 924 1098 973 corporibus
1122 927 1275 975 permista
1292 927 1425 961 cunctos
1443 930 1504 961 im-

109 972 181 1021 plet
191 986 314 1012 meatus
328 991 335 1012 :
361 976 445 1011 adeo
454 988 490 1011 ut
502 975 554 1012 vel
565 975 686 1012 subtilis
697 978 777 1012 a'c'ris
790 974 962 1011 interstitia
976 973 1084 1010 subeat
1099 988 1106 1009 :
1117 988 1226 1024 neque
1240 988 1277 1010 ea
1288 977 1417 1011 moveri
1428 975 1502 1024 pos.

107 1020 147 1058 fit
157 1052 168 1068 ‚
181 1028 262 1073 quin
272 1026 346 1063 ,aliis
356 1026 548 1075 corporibus
563 1025 652 1061 suum
663 1037 789 1061 motum
801 1026 1038 1060 communicet:
1053 1036 1088 1059 ut
1101 1025 1251 1060 duritiem
1265 1029 1299 1061 δε
1312 1027 1379 1060 vim
1391 1024 1500 1059 elasti-

107 1083 183 1108 cam
200 1073 221 1109 ὲ
238 1073 347 1110 subtili
363 1078 434 1110 ae‘re
446 1073 608 1124 profluere
619 1074 884 1110 verisimillimum
897 1073 1007 1110 censet
1019 1076 1062 1110 D.
1075 1075 1224 1108 Perrault
1239 1103 1248 1116 ,
1276 1076 1322 1108 ita
1341 1080 1375 1111 &
1390 1077 1500 1122 gravi-

108 1131 213 1158 tatem
229 1135 295 1158 non
306 1124 443 1159 aliorum
453 1122 555 1159 modo
568 1136 741 1172 corporum
752 1152 762 1169 ,
787 1123 841 1159 sed
857 1124 956 1159 etiam
967 1121 1087 1158 subtilis
1105 1124 1184 1158 aeris
1194 1121 1236 1157 ab
1249 1123 1388 1158 aetherea
1397 1135 1500 1158 mare-

107 1171 155 1206 tia
179 1171 337 1220 proficisci
360 1174 531 1210 existimat.

141 1220 257 1268 Qare
268 1233 342 1258 cum
356 1221 502 1257 Cartefio
515 1228 549 1259 &
559 1221 719 1271 plerisque
732 1222 847 1257 nostrae
866 1224 969 1257 :etatis
985 1222 1184 1257 Astronomis
1194 1233 1229 1256 ut
1246 1221 1420 1270 probabile
1435 1251 1444 1266 ,
1464 1227 1499 1260 &a

104 1266 324 1317 hypotheseos
341 1271 416 1306 loco
425 1272 546 1321 praesup
573 1273 645 1307 onir
657 1271 831 1306 aetheream
855 1272 1026 1306 materiam
1039 1273 1123 1305 circa
1139 1281 1232 1305 axem
1245 1271 1358 1306 mundi
1379 1269 1422 1305 ab
1442 1283 1500 1306 oc-

104 1317 178 1352 casu
188 1319 224 1354 -in
238 1331 348 1356 ortum
371 1322 523 1357 concitati
551 1333 617 1356 uno
635 1333 749 1363 motu,
771 1319 822 1355 sed
841 1320 981 1356 naturali
999 1319 1075 1354 ferri
1089 1333 1096 1355 :
1109 1318 1184 1354 cum
1199 1319 1261 1355 alia
1272 1332 1407 1368 corpora
1422 1319 1498 1356 huic

104 1369 209 1402 motui
221 1367 354 1405 obstent
364 1370 612 1417 quodammodo
629 1399 640 1414 ,
659 1376 692 1408 δε
711 1371 893 1417 viquadam
909 1369 1118 1416 abripiantur.
1139 1369 1240 1405 Unde
1248 1381 1285 1404 ut
1295 1372 1385 1404 navis
1396 1380 1497 1405 vento

104 1416 239 1462 quidem
257 1417 334 1453 obse
361 1423 465 1457 uitur,
488 1419 540 1453 sed
559 1432 625 1455 non
638 1420 754 1453 eadem
767 1418 936 1453 celeritate
957 1419 1076 1454 fertur:
1096 1419 1141 1452 ita
1159 1424 1193 1456 &
1209 1418 1416 1455 elementatis
1426 1418 1496 1467 glo-

104 1461 166 1499 bus
182 1465 326 1502 aerhereae
337 1432 518 1503 (substantiae
535 1480 628 1504 rnoru
646 1468 826 1516 abripitur:
847 1467 900 1503 sed
920 1466 1069 1503 nonnihil
1084 1478 1193 1503 tamen
1210 1471 1234 1502 is
1248 1468 1425 1502 reluetatur
1436 1496 1445 1510 ,
1461 1473 1496 1505 &

103 1510 147 1548 εὸ
155 1517 256 1565 magis
268 1515 336 1564 quo
345 1516 470 1552 crassior
482 1518 525 1552 est
534 1523 566 1554 δε
581 1517 724 1554 solidior.
737 1517 932 1553 Undeterra
941 1517 1015 1552 huic
1029 1518 1131 1551 motui
1142 1519 1244 1565 magis
1256 1516 1494 1564 obsistit,qu:31m

103 1573 188 1609 aqua
200 1592 211 1608 ,
233 1570 268 1602 δε
289 1565 354 1600 haec
369 1566 472 1600 multo
484 1570 586 1614 magis
599 1566 699 1613 quam
712 1567 778 1601 aiir.

123 1612 296 1659 Jamnihil
308 1613 572 1649 absurdividetur
582 1616 615 1649 in
632 1627 668 1649 ea
681 1613 852 1662 hypothesi
861 1643 870 1658 ,
889 1627 953 1662 qua
966 1613 1135 1650 substantia
1151 1613 1289 1648 aetherea
1303 1617 1385 1649 circa
1397 1628 1494 1650 mun-

102 1659 135 1694 di
151 1671 245 1698 axem
258 1665 340 1697 verri
357 1663 500 1698 statuitur
514 1677 521 1699 :
541 1676 613 1698 cum
626 1664 658 1698 id
670 1663 772 1712 ipsum
792 1665 824 1698 iri
839 1663 903 1699 sole
915 1662 1135 1699 observemus,
1151 1661 1277 1698 Globus
1291 1665 1379 1698 enim
1390 1664 1433 1697 est
1445 1667 1493 1699 in-

100 1720 181 1757 gens
192 1739 202 1754 ‚
215 1713 336 1758 quique
352 1725 391 1747 ex
403 1712 592 1760 corpusculis
610 1711 815 1748 subtilissimis
831 1712 980 1748 coalescit
993 1740 1004 1756 ,
1023 1718 1057 1750 &
1078 1723 1188 1748 tamen
1209 1715 1292 1747 circa
1314 1711 1401 1747 suum
1418 1725 1493 1748 cen<

102 1768 185 1793 trum
202 1763 338 1794 vertitur
350 1775 357 1796 :
370 1763 416 1795 uti
426 1773 464 1796 ex
476 1761 608 1796 maculis
622 1759 773 1796 solaribus
784 1761 960 1811 colligitur.

48 1851 51 1855 Ι
151 1810 251 1857 Qod
263 1822 370 1844 autem
381 1810 432 1845 hic
442 1822 549 1846 motus
563 1809 599 1845 fit
613 1813 755 1845 materiae
765 1810 913 1846 aethereae
924 1809 1088 1854 naturam,
1106 1809 1126 1845 ὲ
1135 1812 1239 1858 prima
1257 1812 1405 1846 omnium
1414 1822 1492 1845 cau-

100 1855 130 1890 sa
141 1858 314 1906 ,imprelsus
326 1889 334 1902 ‚
364 1865 397 1896 ὅς
417 1860 514 1908 longe
535 1859 672 1894 diversus
685 1858 726 1894 ab
739 1873 780 1894 eo
799 1872 893 1896 motu
911 1862 968 1907 qui
979 1862 1180 1894 circumactae
1195 1860 1303 1894 fundae
1316 1889 1324 1903 ,
1346 1872 1399 1895 aut
1415 1872 1490 1895 rotae

100 1906 294 1954 imprimitur
306 1937 314 1951 ‚
329 1910 358 1942 id
379 1908 483 1944 multo
504 1907 774 1944 verisimillimum
788 1909 929 1945 videtur.
946 1911 1068 1957 Neque
1079 1911 1166 1945 enim
1178 1909 1242 1945 hoc
1257 1912 1392 1945 omnino
1404 1914 1437 1946 δέ
1450 1912 1494 1943 ci-

101 1962 150 1988 tra
169 1955 268 1990 ullam
288 1961 514 2006 exceptionem
542 1957 686 1994 Cartefio
703 1959 895 1995 conceditur
912 1987 922 2002 ‚
952 1970 1081 1994 motum
1099 1971 1232 1994 omnem
1251 1959 1438 1994 circularem
1458 1959 1491 1993 vi

101 2002 241 2048 quadam
260 2009 411 2041 exteriori
427 2019 538 2055 egere,
563 2019 636 2054 quae
652 2020 724 2042 eam
741 2008 1050 2043 determinationem
1060 2010 1152 2043 omni
1162 2009 1267 2043 motui
1284 2008 1463 2044 naturalem
1479 2036 1490 2050 ,

100 2061 167 2105 qua
175 2052 326 2086 recedere
338 2053 357 2088 ἐι
368 2066 481 2090 centro
494 2058 624 2099 nititur,
641 2059 846 2092 continenter
863 2069 981 2093 mutet.
1004 2057 1038 2090 ld
1054 2059 1143 2091 enim
1165 2059 1346 2105 experimur
1359 2058 1489 2104 quidem

101 2110 135 2133 in
153 2100 339 2148 corporibus
360 2106 518 2150 gravitate
540 2106 682 2152 praeditis
694 2135 703 2148 ‚
722 2118 859 2154 cumque
875 2107 1011 2155 spatium
1025 2104 1163 2140 fluidum
1175 2135 1182 2148 ‚
1195 2111 1229 2142 &c
1249 2106 1340 2141 velut
1352 2118 1491 2141 vacuum

101 2152 257 2192 occurrit,
277 2153 308 2185 in
320 2164 388 2197 quo
400 2165 512 2200 corpus
525 2166 651 2189 motum
670 2154 774 2190 libere
796 2158 910 2205 agitari
928 2157 1032 2204 potest
1050 2169 1058 2190 ;
1076 2154 1251 2202 cujusmodi
1270 2155 1316 2188 est
1341 2157 1392 2188 ae'r
1414 2166 1488 2188 cum

99 2199 276 2244 vaporibus
295 2199 494 2236 solidioribus
507 2215 721 2250 comparatuS.
738 2205 782 2239 At
799 2204 875 2240 vero
890 2205 1097 2240 substantiam
1109 2204 1282 2239 aetheream
1300 2206 1404 2237 omnis
1417 2215 1491 2248 gra-

100 2247 209 2281 vitatis
223 2261 390 2297 expertem
403 2250 608 2299 supponimus
626 2267 634 2287 ;
650 2264 755 2298 neque
773 2252 874 2288 ullum
894 2255 939 2288 est
962 2253 1098 2300 spatium
1117 2256 1211 2287 inane
1225 2281 1234 2293 ,
1253 2263 1307 2285 aut
1321 2250 1463 2286 subtilius
1478 2281 1487 2295 ,

100 2297 133 2330 in
145 2308 210 2342 quo
221 2297 323 2333 libere
339 2298 508 2348 exspatiari
521 2299 615 2348 possit
627 2330 637 2343 ,
659 2311 716 2335 aut
729 2300 750 2336 ὲ.
762 2314 874 2337 centro
887 2304 1046 2337 recedere.
1058 2303 1167 2345 Quare
1179 2299 1260 2334 nihil
1273 2300 1318 2333 est
1332 2299 1424 2334 causa:
1434 2313 1490 2335 cur

100 2343 222 2380 subtilis
240 2346 294 2381 illa
304 2349 469 2384 materian
480 2362 590 2384 centro
604 2351 755 2384 recedere
774 2362 919 2398 cogatur.
931 2352 1062 2386 Dein-de
1083 2349 1102 2384 fi
1119 2361 1224 2396 partes
1245 2348 1327 2382 illius
1341 2351 1374 2383 in
1388 2348 1489 2396 spatio

100 2395 188 2429 inam
207 2395 414 2446 dissipentur,
431 2404 464 2436 ἃ
480 2399 498 2434 ἐι
512 2410 623 2435 centro
643 2398 805 2434 discedant
820 2428 830 2442 ‚
847 2398 970 2435 necesse
985 2400 1027 2433 est
1039 2411 1073 2434 ut
1091 2398 1158 2433 211ae
1173 2410 1278 2447 partes
1299 2400 1330 2433 in
1350 2401 1492 2446 piiorem.
