1878 2724
116 182 171 208 aut
183 170 300 206 eadem
309 173 444 206 materia
457 169 521 206 fixa
531 198 540 213 ,
553 175 587 206 δε
599 168 747 204 terrestris
760 185 769 212 3
789 177 843 203 aut
863 164 885 202 fi
897 166 1012 203 eadem
1032 167 1076 202 est
1086 194 1097 210 ‚
1119 167 1152 202 id
1169 164 1291 215 semper·
1314 135 1504 213 inquisitu&

117 232 190 269 quae
208 226 242 259 ὃ(
254 231 338 268 quot
351 218 410 255 [int
423 217 649 268 finiplicissima
660 229 798 266 corpora
808 244 818 259 ,
837 218 868 251 in
883 227 952 261 quae
965 215 1091 263 reliqua
1108 212 1329 251 diisolvuntur.
1342 217 1431 263 Quid
1444 220 1499 265 igi-

117 281 168 305 tur
185 269 220 306 in
234 280 323 306 tanta
340 270 535 317 opinionum
551 270 705 304 varietate
731 264 826 302 nobis
838 262 1040 314 probabilius
1051 264 1210 308 videatur,
1223 262 1367 301 breviter
1381 268 1505 314 aperia-

115 330 200 355 muS.

699 364 814 398 Tertia
831 363 1008 408 Conclusto.

142 418 317 466 ‘Qamvis
329 426 468 465 quatuor
482 426 608 450 tantum
619 412 679 449 fint
692 412 866 457 elementa,
883 411 974 461 pluta
986 422 1095 448 tamen
1104 410 1165 448 effe
1179 412 1308 462 poffunt
1324 412 1505 460 miscibilia‚

113 477 168 501 aut
185 468 344 514 principia
367 468 402 500 in
415 477 483 512 quae
495 466 594 499 mixta
617 460 825 497 resolvuntur.

167 517 252 549 Haec
266 512 425 550 conclufio
443 510 633 548 diffidentes
647 508 919 557 Philosophorum
933 512 1103 559 opiniones
1118 510 1188 544 fere
1206 511 1381 556 conciliat,
1407 525 1504 561 atque

114 575 152 599 ea
169 563 252 598 bene
270 562 438 599 intellecta
451 563 593 595 rationes
606 570 720 594 omnes
733 570 804 605 quae
817 571 930 594 contra
940 560 1182 607 quaternarium
1192 558 1429 597 elementorum
1445 576 1504 598 nu-

117 625 242 647 merum
259 610 364 647 afferri
378 609 504 658 possunt
517 637 527 652 ‚
551 607 647 643 facile
660 605 881 642 dissolventur.
900 610 1046 644 Primum
1060 609 1171 655 itaque
1185 607 1265 643 nihil
1282 609 1328 643 est
1343 621 1398 644 cur
1410 610 1430 645 ἐι
1456 624 1507 645 re-

114 659 291 710 ceptiffima
304 672 327 695 o
353 661 463 695 inione
476 657 672 701 recedamus,
682 667 739 691 aut
749 668 888 704 quatuor
899 659 1078 705 rejiciamus
1090 656 1252 691 elementa
1272 669 1311 692 ex
1323 657 1439 706 quibus
1454 659 1507 695 hic

114 709 252 749 mundus
268 707 324 744 sub
340 709 444 743 unaris
461 707 594 743 constat.
615 708 697 743 Non
712 706 898 755 quodvignis
911 709 1083 755 regionem
1099 704 1154 740 sub
1170 704 1369 742 coelollunari
1388 708 1506 742 statua-

114 770 186 794 mus
201 756 275 794 :sed
289 756 310 792 fi
321 770 391 805 quae
404 755 442 792 fit
459 755 544 791 illius
564 758 655 804 regio
670 784 679 799 ‚
693 767 748 790 cur
769 767 836 790 non
853 758 887 791 in
915 755 982 790 sole
1005 753 1073 803 ipso
1088 782 1098 793 ‚
1129 759 1163 792 &
1182 756 1216 789 in
1235 753 1331 790 stellis
1353 755 1504 792 omnibus

114 807 291 843 collocetur
307 817 316 842 Ξ
335 818 396 842 nec
413 806 511 840 video
524 817 579 840 cur
594 806 675 854 ignis
699 809 732 841 δε
750 806 802 838 a'c'r
814 806 848 838 in
872 803 1114 839 elementorum
1123 815 1258 842 numero
1276 817 1342 840 non
1357 805 1505 841 habean-

116 868 186 894 tur:
201 869 276 892 cum
287 855 410 892 nullum
427 855 497 891 fere
516 852 551 892 fit
561 866 675 902 corpus
686 864 797 902 expers
812 852 947 897 caloris,
961 855 1018 900 qui
1039 864 1094 888 aut
1109 852 1152 886 est
1169 853 1251 900 ignis
1263 881 1272 896 ,
1286 866 1342 889 aut
1359 854 1445 891 forte:
1463 855 1505 891 ab

115 908 190 954 igne
201 919 266 940 non
278 903 458 955 sejungitur.
479 905 533 938 Sic
551 904 606 937 a'c'r
622 914 797 951 corporum
810 913 936 937 meatus
955 900 1041 938 subit
1055 914 1062 935 ε
1085 914 1122 936 ac
1140 900 1253 937 nescio
1267 914 1309 937 an
1320 905 1412 952 -ignis
1426 906 1505 939 cirta

114 957 222 989 a'c'rem
235 952 303 995 else]
312 952 426 1002 ponit,
449 955 499 988 uti
509 952 618 1001 postea
630 951 857 999 expendemus.
891 954 1072 998 Utcunque
1098 962 1137 984 ea
1153 962 1201 985 res
1217 949 1255 985 sit
1270 980 1280 994 ,
1301 955 1354 986 a'c'r
1377 966 1444 989 non
1462 954 1505 988 est

113 1002 261 1052 fugacior
273 1031 283 1046 ,
295 1015 350 1038 aut
373 1004 522 1046 tenuior,
540 1013 639 1049 quam
659 1000 805 1051 plerique
813 997 1118 1050 spititusvolatiles‚
1132 1001 1187 1048 qui
1200 999 1239 1034 ad
1252 1011 1400 1037 naturam
1422 1006 1504 1039 mix-

113 1054 138 1089 ti
154 1054 297 1101 corporis
305 1054 478 1100 pertinent-

118 1101 321 1144 ¹Secundo,
338 1114 407 1136 non
419 1099 491 1136 sunt
499 1098 647 1135 audiendi
658 1097 811 1146 Chyrm'ci
825 1128 835 1142 ,
848 1102 905 1147 qui
917 1100 1050 1149 vulgata
1069 1098 1232 1134 elementa
1245 1098 1325 1135 nihil
1343 1097 1404 1133 effe
1420 1111 1501 1134 con-

116 1149 254 1188 rendunt
267 1161 400 1198 ,praeter
415 1151 583 1192 mercurii,
603 1146 671 1182 salis
685 1175 695 1190 ‚
710 1152 745 1184 ὅ(
762 1146 918 1196 sulphuris
931 1148 1072 1197 capsulas
1083 1174 1093 1189 ‚
1116 1159 1172 1182 aut
1183 1159 1394 1187 recrementa.
1413 1150 1502 1183 Nam

115 1210 152 1233 ut
170 1210 208 1233 ea
219 1200 377 1247 principia
391 1210 468 1234 vera
482 1196 593 1238 fine&
608 1195 761 1240 existant,
775 1196 816 1231 de
840 1209 907 1244 quo
924 1198 1031 1246 postea
1045 1224 1055 1239 ,
1074 1195 1233 1233 elementa
1250 1197 1314 1231 dici
1345 1209 1411 1231 non
1433 1196 1506 1245 pos-

114 1245 185 1282 sunt
197 1259 288 1290 ,cum
301 1260 368 1282 non
379 1245 521 1283 habeant
535 1246 682 1294 proprias
692 1272 702 1287 ,
719 1249 753 1282 δε
771 1243 929 1293 separatas
942 1247 1091 1294 regiones
1105 1272 1115 1287 ‚
1132 1256 1193 1279 nec
1210 1243 1268 1280 sint
1280 1244 1369 1280 velut
1396 1257 1506 1292 prom-

113 1297 238 1344 ptuaria
250 1323 260 1340 ,
274 1307 317 1332 ex
326 1295 445 1344 quibus
459 1297 560 1331 mixta
567 1305 706 1343 quaeque
718 1295 906 1342 gignuntur.
915 1296 996 1332 Non
1008 1295 1098 1329 enim
1113 1291 1192 1328 alibi
1207 1293 1315 1329 insunt
1328 1321 1337 1337 ‚
1348 1305 1449 1342 quam
1469 1297 1505 1330 in

113 1346 223 1380 mixtis
236 1344 432 1395 corporibus.
1503 1381 1506 1383 ,

117 1426 121 1437 ,
146 1396 258 1442 ltaque
269 1406 305 1430 ut
318 1392 487 1430 miscibilia
500 1394 569 1428 dici
583 1391 719 1441 polluit,
737 1403 797 1429 aut
817 1395 994 1442 principia,
1013 1405 1082 1428 non
1106 1392 1177 1428 sunt
1196 1404 1304 1428 tamen
1320 1390 1503 1429 elementa:

115 1455 189 1478 cum
209 1455 268 1478 nec
281 1442 353 1478 satis
366 1443 464 1492 vulgo
483 1455 563 1478 nota
575 1442 633 1478 sint
643 1472 652 1486 ‚
662 1455 723 1479 nec
734 1445 817 1477 inter
828 1442 1011 1491 Chymicos
1023 1439 1103 1490 ipsos
1119 1441 1241 1477 constet
1253 1470 1261 1484 ,
1272 1440 1350 1489 quid
1376 1452 1504 1476 mercu-

115 1494 177 1535 rii,
191 1492 269 1540 quid
282 1491 435 1542 sulphuris
453 1493 588 1528 nomine
605 1491 799 1539 intelligant.
821 1494 895 1529 Nec
916 1493 1094 1540 quicquam
1107 1491 1150 1525 est
1178 1491 1268 1537 quod
1291 1501 1380 1524 aures
1399 1492 1504 1525 minus

114 1539 313 1590 pati=poffint
332 1554 432 1590 quam
451 1540 587 1588 uulgaris
599 1541 770 1576 elementis
781 1542 912 1588 teJ‘effis,
921 1569 931 1584 ‚
951 1552 1038 1575 nova
1053 1545 1087 1576 &
1104 1539 1249 1574 nondum
1261 1538 1346 1574 bene
1357 1539 1506 1587 explora-

84 1596 103 1616 '-
117 1601 150 1627 ta
166 1589 331 1628 inducere·
350 1593 424 1626 Nec
443 1589 656 1636 Philosophus
668 1589 764 1623 decet
785 1588 975 1624 barbaris&
997 1587 1038 1622 ab
1060 1587 1113 1622 usu
1126 1591 1293 1623 communi
1312 1590 1445 1622 remotis
1457 1590 1505 1622 uti

117 1637 253 1674 vocibus
263 1667 273 1682 ‚
289 1644 322 1676 &
333 1637 501 1673 obscurare
513 1649 551 1671 ea
559 1649 631 1684 quae
646 1636 759 1680 dicunt
775 1648 853 1679 ;nec
866 1637 999 1672 demum
1013 1635 1112 1670 video
1123 1647 1178 1670 cur
1190 1635 1355 1674 transsatas
1371 1640 1405 1672 ὅ(
1416 1638 1506 1672 inau-

116 1687 198 1728 ditas
211 1699 309 1722 voces
326 1688 472 1722 mercurii
483 1691 541 1730 ,δε
557 1685 714 1734 sulphuris
722 1687 943 1734 potiusquam
951 1684 1086 1733 liquoris
1101 1684 1183 1719 acidi
1198 1712 1208 1728 ,
1225 1682 1391 1720 auroleofi
1410 1684 1506 1720 adhi-

117 1734 229 1771 beant.

117 1820 119 1825 .
154 1786 272 1824 Tertio
283 1812 293 1827 ,
305 1785 459 1832 principia
477 1784 712 1832 Chymicorum
724 1810 733 1822 ‚
753 1788 786 1820 &
800 1781 906 1819 Cabei
921 1812 931 1827 ,
950 1787 984 1819 &
1006 1781 1070 1817 alia
1087 1780 1108 1817 fi
1124 1792 1192 1830 quae
1204 1780 1273 1817 sunt
1291 1811 1300 1826 ,
1315 1784 1348 1818 in
1365 1794 1505 1830 quatuor

116 1832 278 1871 elementa
294 1831 514 1877 resolvuntur,
531 1844 565 1867 ut
583 1832 668 1868 infra
679 1833 881 1869 ostendemus
896 1846 904 1867 :
923 1844 985 1874 nec
997 1833 1102 1881 prima
1117 1830 1188 1868 sunt
1199 1861 1209 1875 ‚
1222 1842 1282 1866 nec
1305 1830 1371 1866 sola
1398 1843 1505 1868 rerum

115 1884 282 1931 principia.
295 1883 400 1929 Atque
409 1892 445 1917 ut
453 1881 629 1917 concedam
639 1880 806 1930 plerasque
822 1880 1016 1929 qualitates,
1038 1891 1075 1916 ut
1094 1880 1212 1915 odores
1224 1908 1234 1923 ,
1251 1885 1285 1917 &
1313 1879 1439 1929 sapores
1464 1892 1504 1916 ex

114 1932 280 1982 principiis
297 1931 534 1980 Chymicorum
546 1933 652 1978 potius
661 1940 760 1978 quam
777 1942 817 1966 ex
834 1929 973 1979 vulgatis
983 1928 1156 1965 elementis
1166 1929 1238 1965 duci
1250 1940 1344 1966 :cum
1356 1928 1503 1966 elemen-

116 1990 150 2016 ta
158 1979 228 2014 'fint
239 1992 347 2016 earum
357 1979 554 2028 qualitatum
565 1982 713 2028 expertia
725 1981 1046 2024 ;·.tame11inimmetae
1055 1977 1127 2014 sunt
1149 1977 1322 2027 qualitates
1340 1981 1374 2014 in
1384 1991 1504 2028 corpo..

117 2027 216 2073 tibus,
228 2040 300 2075 quac
313 2028 353 2070 ad
363 2031 520 2078 principia
535 2027 775 2077 Chymicorum
784 2027 898 2064 referri
917 2041 985 2064 non
1003 2027 1151 2078 poss'unt:
1169 2038 1206 2062 ut
1224 2027 1390 2063 medicatae
1403 2033 1436 2065 &
1447 2040 1504 2064 ve-

117 2089 244 2114 nenatae
258 2078 341 2111 vires
355 2089 426 2124 quae
440 2079 475 2113 in
489 2075 647 2126 plerisque
660 2077 764 2114 insunt
772 2076 961 2126 corporibus
975 2090 982 2111 :
997 2080 1045 2113 vis
1057 2077 1110 2112 illa
1123 2089 1192 2124 quae
1202 2078 1234 2111 in
1253 2089 1409 2126 magnete
1421 2089 1502 2112 con-

109 2125 258 2174 spicitur,
275 2137 314 2160 ex
329 2137 396 2171 qno
410 2128 570 2174 principio
580 2126 716 2168 ducitur?
734 2139 768 2162 ut
782 2126 858 2161 alias
876 2129 1007 2170 mittam
1023 2129 1218 2163 innumeras.
1234 2128 1316 2174 Ergo
1333 2124 1354 2161 fi
1367 2138 1406 2161 ex
1426 2138 1504 2172 qua-

118 2172 264 2210 litatibus
276 2173 549 2210 &affectionibus
564 2187 734 2224 corporum
747 2174 918 2211 miscibilia
945 2187 1002 2211 aut
1018 2177 1174 2225 principia
1204 2174 1385 2222 colligimus
1399 2204 1409 2218 ‚
1427 2174 1504 2209 mul-

118 2235 156 2268 to
173 2223 376 2272 plura-erunt
389 2225 546 2272 principia
555 2235 654 2269 quam
671 2237 743 2272 quae
756 2224 776 2261 ἐι
789 2225 962 2274 Chymicis
978 2254 987 2268 ,
999 2236 1053 2260 aut
1074 2224 1145 2259 aliis
1172 2223 1374 2272 Philosophis
1387 2235 1503 2258 nume-

119 2284 240 2308 rantur.
263 2271 386 2319 Neque
399 2275 486 2308 enim
505 2271 604 2308 sensus
623 2273 706 2308 adeo
720 2286 809 2317 acres
828 2279 863 2310 δε
874 2286 1008 2323 vegetos
1020 2272 1175 2309 habemus
1192 2301 1201 2314 ‚
1223 2284 1257 2307 ut
1273 2275 1377 2320 prima
1394 2284 1506 2314 rerum·

118 2323 274 2369 principia
287 2349 296 2363 ,
311 2332 348 2355 ac
370 2321 460 2363 velut
479 2322 612 2356 stamina
626 2334 757 2356 cernere
775 2321 925 2370 poffirnus
940 2340 949 2367 3
969 2335 1029 2359 nec
1042 2322 1062 2357 fi
1079 2322 1155 2369 quid
1178 2319 1280 2356 sensus
1299 2321 1424 2357 nostros
1436 2320 1500 2356 fal-

120 2370 162 2415 lir
172 2399 183 2415 ,
200 2370 233 2405 id
251 2372 408 2413 continuo
432 2384 499 2415 non
516 2369 575 2409 eise
600 2371 778 2419 putandum
795 2370 853 2417 ,est-
