1878 2724
353 136 385 160 υ,
691 120 975 173 unissime
1002 124 1356 166 cenem-Lis
1533 186 1536 189 Ι

350 222 1743 273 0522&vezaueffimeffmwemefflmeeoesseffwwwffifflnffi

553 316 1084 360 PHILOSOPHIAE
1121 317 1545 367 NATURALIS

770 416 796 449 P
826 415 857 452 A
883 415 917 450 R
953 416 976 449 S
1022 418 1049 452 P
1080 416 1114 450 R
1142 417 1161 450 1
1184 417 1227 451 Μ
1258 417 1309 460 A,

813 521 882 555 Seu
903 512 1048 572 Physica
1060 515 1260 571 generalis.

344 609 621 744 PHysicam
633 610 819 663 generalem
834 639 845 656 ‚
869 625 943 660 quae
963 625 1078 663 corpus
1095 614 1131 647 in
1153 611 1338 648 universum
1355 641 1366 659 ,
1392 611 1539 660 illiusque
1559 616 1739 664 principiag

468 672 616 696 naturam
626 689 636 704 ‚
654 667 688 698 &
699 661 893 697 affeffiones
903 661 1098 706 considerat,
1115 664 1148 696 in
1159 673 1224 696 tres
1237 662 1390 697 tradhatus
1409 665 1596 711 partiemur.
1611 666 1737 700 Primus

468 711 529 744 erit
543 710 583 744 de
591 713 757 760 principiis
766 740 777 755 ,
791 709 945 746 secundus
955 712 995 746 de
1006 723 1122 748 natura
1131 714 1275 759 corporis
1285 741 1295 756 ,
1315 717 1350 749 &
1367 714 1533 761 praecipuis
1547 712 1630 747 illius
1641 716 1738 748 attri-

342 752 430 789 butis
442 784 452 798 ,
471 770 506 793 ut
520 759 560 793 de
572 759 757 796 extensione
773 765 806 798 &
820 762 1038 797 continuitate
1052 763 1214 811 partium,
1231 774 1269 796 ac
1285 762 1326 796 de
1340 774 1433 797 motu
1452 762 1577 797 futurus
1591 763 1644 798 est.
1663 761 1735 800 Ubi

340 815 468 840 motum
486 810 633 856 gravium
652 815 687 846 &
706 809 849 854 levium,
872 821 941 844 tum
959 813 1177 859 projeciorum
1191 839 1202 855 ‚
1223 810 1455 860 percussionem
1482 824 1616 859 quoque
1628 840 1639 856 ‚
1662 813 1734 848 vim

339 852 500 891 clasticam
518 863 552 894 &
570 871 683 894 omnes
709 871 859 905 motuum
886 858 974 907 leges
1000 860 1252 908 persequemur,
1274 872 1373 909 atque
1395 873 1467 896 eam
1490 859 1638 910 Phyfices
1662 874 1735 910 par-

339 912 408 937 tem
420 916 462 939 ex
478 918 541 953 qua
559 910 663 943 omnis
675 921 760 957 pene
769 920 887 944 naturae
903 910 1143 959 contemplatio
1160 910 1282 958 pendet
1293 938 1302 952 ‚
1321 923 1455 958 quaeque
1468 910 1666 946 Mechanica
1681 911 1736 945 di.

339 953 501 999 cisspotest‚
523 955 625 1003 quam
643 958 781 993 dilucide
796 960 979 1007 poterimus
999 988 1009 1003 ,
1027 959 1188 1008 explicare
1212 958 1417 995 conabimur.
1441 961 1571 994 Tertius
1591 959 1734 1007 denique

339 1003 493 1038 traciatus
510 1009 682 1055 praecipuas
700 1020 874 1055 corporum
881 1007 1071 1055 qualitates,
1083 1007 1137 1043 seu
1152 1006 1344 1044 affectiones
1357 1021 1428 1044 cum
1446 1008 1645 1051 mamfestas,
1660 1020 1732 1045 tum

336 1051 479 1087 occultas
490 1054 686 1093 continebit.
711 1059 791 1091 Haec
801 1057 934 1104 quidem
946 1060 1058 1093 omnia
1076 1057 1115 1094 sic
1130 1057 1255 1093 tradere
1264 1059 1297 1092 in
1315 1060 1426 1093 animo
1443 1058 1503 1101 est,
1527 1069 1564 1092 ut
1577 1056 1659 1092 nihil
1677 1057 1731 1094 fe-

337 1110 372 1133 re
392 1112 506 1137 eorum
525 1116 594 1150 quae
612 1107 645 1139 in
656 1105 783 1140 Scholis
792 1107 907 1154 agitari
919 1105 1043 1151 solent,
1058 1110 1247 1142 omittamus
1265 1121 1273 1142 ε
1301 1106 1353 1141 sed
1375 1109 1595 1143 recentiorum
1615 1105 1732 1151 obser-1

337 1150 544 1196 vationibus,
565 1158 599 1190 ὃς
615 1157 847 1204 experimentis
867 1156 981 1191 omnia
999 1168 1085 1206 pene
1106 1154 1260 1192 illustrare
1273 1154 1475 1192 conabimur.

491 1304 1085 1352 -TRACTATUS
1150 1305 1490 1350 PRIMUS.

799 1416 855 1451 De
872 1418 1039 1466 principiis
1067 1427 1240 1467 corporum.

337 1493 430 1579 N
439 1496 496 1530 On
507 1494 592 1530 aliud
602 1497 704 1546 magis
714 1495 983 1546 Philosophorum
994 1529 1005 1544 ,
1025 1512 1099 1535 cum
1115 1510 1265 1534 veterum
1278 1527 1288 1542 ,
1316 1508 1385 1532 turn
1399 1498 1617 1532 recentiorum
1630 1499 1724 1547 inge-

437 1548 489 1579 nia
506 1548 648 1580 exercuit
659 1575 669 1590 ,
690 1545 790 1593 quam
805 1550 1038 1597 principiorum
1056 1550 1241 1596 indagati03
1257 1548 1355 1594 idque
1369 1546 1410 1582 eo
1418 1549 1519 1595 magis
1531 1576 1540 1591 ‚
1558 1544 1647 1594 quod
1656 1550 1724 1596 pri-

331 1603 384 1626 ma
394 1605 498 1628 rerum
513 1596 648 1629 initiain
661 1607 778 1630 naturae
790 1597 905 1631 abdito
918 1597 1126 1636 delitescant,
1153 1599 1276 1644 vixque
1298 1595 1340 1630 ab
1359 1596 1498 1631 humana
1521 1608 1632 1631 mente
1652 1599 1724 1632 erui

329 1640 461 1688 possint.
493 1645 583 1678 Nam
597 1655 633 1678 ut
645 1643 747 1679 homo
759 1645 845 1680 inter
862 1658 911 1680 res
930 1645 1188 1689 intellectuales,
1209 1651 1242 1682 δε
1254 1658 1425 1693 corporeas
1443 1646 1555 1680 medio
1578 1646 1721 1693 quodam

328 1689 404 1724 loco
417 1692 460 1726 est
472 1692 686 1736 constitutus,
704 1692 744 1727 fic
765 1705 805 1727 ea
823 1705 947 1729 tantum
958 1695 1115 1740 consequi
1133 1695 1240 1741 potest
1254 1706 1324 1739 quae
1346 1696 1379 1727 in
1397 1695 1506 1726 medio
1520 1693 1589 1726 sunt
1606 1693 1720 1739 posita.

329 1739 414 1786 Qae
429 1751 540 1775 autem
555 1752 699 1775 extrema
719 1740 809 1784 sunt,
830 1753 868 1775 ea
878 1744 998 1777 mentis
1017 1745 1120 1776 aciem
1144 1753 1263 1789 magna
1285 1752 1323 1773 ex
1336 1751 1427 1787 parte
1440 1739 1587 1787 fugiunt,
1606 1752 1718 1787 neque

329 1790 417 1822 enim
433 1788 524 1824 ullius
544 1801 627 1836 pene
639 1792 693 1823 rei
712 1791 837 1825 initium
848 1819 858 1833 ,
871 1796 903 1828 ὃς
923 1790 1021 1826 finem
1033 1792 1148 1825 intueri
1159 1789 1276 1837 potest.
1289 1791 1374 1824 Hinc
1386 1800 1436 1824 tot
1448 1787 1716 1836 Philosophorum

327 1835 420 1871 seerae
433 1837 472 1871 de
482 1840 647 1886 principiis
658 1837 822 1874 emersere
836 1868 847 1882 ,
867 1840 958 1888 quod
978 1841 1018 1874 de
1037 1837 1187 1874 omnibus
1209 1839 1361 1885 judicium
1379 1838 1461 1872 ferre
1485 1836 1608 1880 velint,
1629 1850 1716 1885 quae-

328 1898 393 1933 que
416 1884 486 1921 sunt
505 1887 599 1921 densa
617 1888 756 1936 caligine
784 1889 930 1924 involuta
950 1918 960 1932 ‚
986 1900 1156 1938 penetrare
1174 1902 1182 1924 :
1206 1901 1279 1922 cum
1305 1887 1402 1937 longe
1415 1885 1525 1921 utilius
1542 1884 1620 1921 esset
1641 1899 1713 1934 qua:

328 1934 490 1969 nientlbus
504 1937 620 1970 nostris
634 1936 704 1972 sunt
721 1948 937 1986 attemperata
950 1968 960 1982 ,
971 1944 1003 1976 δε
1021 1941 1053 1973 in
1067 1939 1292 1973 mediocritate
1308 1937 1447 1984 quadam
1460 1935 1630 1969 constituta
1641 1947 1714 1984 per..

326 1982 412 2030 srqui
425 2013 433 2027 ‚
455 1985 555 2031 quiin]
568 1988 603 2021 in
616 1988 651 2020 iis
668 2000 737 2035 quae
751 1990 887 2022 omnino
898 1987 966 2022 sunt
978 1989 1105 2023 occulta
1123 2017 1132 2031 ‚
1153 1992 1186 2024 ὃ(
1209 1989 1331 2035 ingenii
1343 1987 1439 2021 nostri
1457 1987 1527 2019 vim
1551 1985 1712 2033 superant,

326 2032 560 2068 consenescere.
575 2036 637 2070 Sed
653 2036 777 2085 populo
792 2042 825 2074 δέ
837 2036 938 2072 scenae
953 2036 1165 2072 serviendum.
1184 2037 1219 2071 Id
1231 2049 1331 2071 unum
1345 2034 1439 2070 nobis
1450 2035 1636 2070 enitendum
1652 2034 1710 2079 est,

325 2093 361 2116 ut
377 2094 424 2116 tes
441 2095 512 2130 quae
537 2081 608 2119 satis
633 2084 785 2133 squalidae
808 2091 842 2123 &
855 2085 995 2122 obscurae
1014 2087 1118 2122 videri
1145 2086 1268 2130 solent,
1293 2096 1451 2133 quantum
1472 2083 1542 2119 fieri
1570 2086 1710 2131 poterit,

325 2144 391 2165 non
411 2143 477 2167 tam
500 2132 654 2170 sermonis
676 2138 784 2172 nitore
803 2136 947 2184 quodam
967 2164 977 2180 ,
1012 2135 1114 2184 quam
1152 2138 1449 2186 experimentorum
1477 2135 1633 2169 varietate
1657 2131 1707 2165 le-

325 2193 459 2221 mamus,

371 2232 498 2266 Omnes
511 2244 621 2268 autern
634 2233 903 2284 Philosophorum
916 2237 956 2270 de
971 2238 1137 2285 principiis
1155 2248 1262 2270 retum
1286 2229 1649 2284 naturalium-sententiar
1663 2229 1704 2263 ad

326 2280 382 2311 trin
403 2280 490 2315 velut
510 2285 614 2330 capita
629 2283 742 2318 referri
761 2285 899 2334 possunt.
927 2285 1106 2328 Platonici,
1131 2285 1357 2332 Peripatetici,
1386 2286 1418 2316 &
1444 2278 1498 2312 alii
1525 2276 1702 2323 complures

326 2329 481 2378 Principia
493 2332 636 2376 quaedam
657 2335 894 2384 metaphysica,
918 2348 989 2383 quae
1004 2334 1072 2369 sola
1089 2336 1214 2368 ratione
1229 2332 1449 2379 consequimur
1469 2355 1477 2369 2
1496 2337 1630 2383 (luxque
1642 2337 1702 2381 ¹¹50

326 2375 426 2411 sensus
441 2406 449 2421 ‚
465 2391 524 2413 nec
533 2383 579 2415 vis
592 2385 793 2431 iimginattix
805 2387 953 2434 percipit,
965 2383 1017 2419 sed
1028 2383 1091 2419 sola
1108 2386 1232 2418 ratione
1250 2381 1460 2430 colliguntur,
1479 2376 1635 2411 induxere.
1650 2375 1702 2407 Si-
