1878 2724
508 136 536 177 P
553 138 584 177 A
603 140 638 176 R
656 141 680 176 S
724 141 754 178 T
771 140 795 179 Ε
810 141 842 178 R
855 142 886 178 T
900 143 914 176 1
932 143 975 180 A.

80 192 162 230 Non
173 199 213 226 ex
229 188 295 226 sola
306 189 482 237 primarum
500 189 688 238 qualitatum
702 193 858 240 temperie
869 220 881 236 ,
898 191 948 226 sed
963 204 1004 228 ex
1019 189 1087 227 aliis
1097 191 1194 227 etiam
1205 191 1301 228 eaufis
1313 160 1438 230 ducti&

49 251 98 276 tur
107 242 309 288 ingeniorum
324 237 513 275 discrimina.
524 242 610 275 Nam
621 238 745 275 cerebri
758 240 976 276 conformatio
989 271 1000 285 ,
1019 240 1116 290 figura
1126 270 1136 285 ‚
1150 242 1351 290 magnitudo,
1361 256 1436 291 par-

49 293 130 326 tium
142 301 283 332 textura,
303 286 468 336 spirituum
479 301 613 336 quoque
625 290 810 325 animalium
828 289 1004 326 substantia
1016 319 1026 333 ,
1050 296 1204 328 &emotus
1225 304 1376 340 magnum
1395 293 1437 327 ad

47 339 170 387 ingenii
186 340 252 373 vim
263 349 319 372 aut
332 338 517 372 tarditatem
527 349 728 375 momentum
747 338 894 375 afferunt.
914 343 1026 386 ltaque
1044 339 1064 375 si
1080 342 1187 375 minor
1202 339 1300 386 quam
1316 353 1371 388 par
1382 340 1439 386 fit,

47 399 105 423 aut
114 391 216 435 major
229 385 458 422 fueritcerebri
471 386 577 421 moles
590 415 599 430 ,
617 389 784 434 ingenium
802 390 865 423 erit
884 400 939 423 aut
955 401 1091 437 praeceps
1104 416 1114 431 ‚
1136 401 1192 423 aut
1213 391 1345 424 tardum·
1372 391 1438 426 Vel

47 434 135 483 quod
150 434 272 484 spiritus
288 433 485 483 ipfispatium
499 448 566 471 non
576 434 718 470 habeant
728 436 799 471 satis
809 435 948 473 liberum
963 443 996 474 &
1012 450 1124 485 patens
1141 453 1151 480 ς
1170 437 1221 472 vel
1241 441 1315 485 quia
1328 451 1438 486 aequa-

47 484 121 520 bilis
138 496 251 520 eorum
261 495 366 518 motus
381 482 486 531 figurae
499 486 582 518 vitio
597 484 781 528 inhibetur,
792 497 847 520 aut
858 485 945 521 forte
962 490 994 520 in
1010 486 1161 534 ampliori
1177 487 1265 521 nxofe
1280 488 1374 522 vilior
1389 489 1437 523 est

47 535 243 569 minu-tarum
255 535 392 581 partium
410 544 579 568 contextus
594 544 665 577 5aut
674 533 734 568 alia
748 537 869 581 quaevis
885 534 971 570 causa
986 534 1085 570 stibest
1098 535 1255 570 occultior
1270 564 1280 579 ,
1300 549 1372 583 quae
1388 549 1441 572 re..

47 594 119 618 rum
137 583 292 630 imagines
304 581 451 616 distortas
468 586 501 618 ὃ(
514 581 599 617 male
612 581 788 618 delineatas
808 583 972 621 exhibeat.
990 585 1131 619 Multum
1151 586 1239 621 enim
1257 586 1296 621 ad
1314 587 1441 634 ingenii

48 629 281 667 hebetudinem
294 635 328 667 &
340 630 541 666 celeritatem
555 630 635 667 facit
647 631 810 679 spirituum
823 632 1011 668 animalium
1026 645 1151 676 natura,
1164 645 1219 668 aut
1230 645 1350 669 niotuS.
1364 637 1441 670 Un-

48 679 89 714 de
101 691 139 714 ex
153 679 275 716 morbis
286 680 445 714 interdum
456 709 465 723 ,
480 685 513 718 δε
526 679 650 714 cerebri
668 680 835 718 affiechbus
846 710 856 724 ‚
868 694 921 717 aut
932 682 1072 717 violenta
1085 684 1182 718 animi
1193 682 1441 729 perturbatione

47 727 170 777 spiritus
186 741 241 764 aut
257 727 490 765 excandescunt
504 756 514 772 ,
527 740 581 763 aut
592 730 710 765 inertes
727 729 810 765 fiunt.
825 736 858 767 &
875 742 1013 778 torpent.
1032 733 1120 768 Hinc
1136 743 1372 778 nonnunquam
1387 744 1441 767 ac-

49 778 149 820 cidit,
160 788 194 812 ut
206 779 260 825 qui
270 777 340 825 plus
355 779 486 826 ingenio
506 778 636 820 valent,
647 790 702 813 aut
711 779 850 822 solertia,
861 779 977 815 affecta
993 791 1088 815 aetate
1106 779 1184 814 fiant
1198 781 1363 814 tardiores.
1380 783 1443 818 Seu

50 827 81 861 id
93 828 176 860 vitio
186 826 340 875 sanguinis
354 825 431 870 fiat,
445 832 479 863 &
497 826 648 875 liquorss,
663 825 685 862 fi
701 830 772 874 quis
788 827 841 872 sir,
861 827 984 863 nervosi
1006 845 1015 871 ς
1033 828 1085 863 seu
1101 827 1276 865 obstructio
1296 828 1442 874 cerebri,

48 886 105 909 aut
121 875 298 910 vehemens
311 876 410 910 animi
422 887 530 911 motus
553 887 675 911 tantam
697 877 831 911 inducat
850 874 1074 912 mutationem.
1105 878 1197 920 Qun
1215 880 1314 913 etiarn
1337 880 1442 926 potest

50 925 183 959 evenire
194 924 282 971 quod
294 923 476 959 CLVviltis
491 924 671 960 identidem
683 924 789 968 docet,
803 937 838 960 ut
847 925 969 975 sanguis
980 954 989 969 ,
1002 938 1040 961 ex
1057 938 1124 973 quo
1134 926 1296 972 prodeunt
1305 925 1445 975 spiritus,

49 983 105 1008 aut
115 971 220 1020 liquor
229 971 378 1008 nervosus
388 1001 397 1016 ,
416 975 471 1020 qui
482 971 645 1026 spirituum
657 973 702 1008 est
713 973 865 1009 vehiculo
875 1004 884 1018 ‚
897 975 964 1023 post
976 976 1111 1010 nimium
1127 974 1293 1011 fervorem
1307 987 1362 1011 aut
1372 979 1444 1025 agi-

50 1022 212 1056 tationem
224 1050 235 1064 ‚
250 1022 418 1057 utivinum
432 1022 504 1069 post
518 1022 647 1070 longam
665 1022 954 1058 fermentationem
976 1023 1157 1073 vappescat.
1175 1026 1262 1060 Hinc
1279 1036 1445 1072 praematu-

49 1081 84 1105 ra
95 1099 105 1113 ‚
121 1081 156 1105 ut
172 1070 308 1105 diximus
325 1099 335 1114 ‚
353 1072 386 1105 in
401 1071 506 1117 puetis
523 1072 656 1119 ingenia
666 1069 763 1106 cititis
773 1073 932 1107 occidunt.
960 1075 1003 1107 Ea
1021 1075 1142 1121 quippe
1161 1073 1208 1107 est
1228 1083 1350 1107 naturae
1371 1072 1420 1109 lex
1435 1101 1445 1118 ‚

50 1130 88 1153 ut
98 1131 170 1166 quae
187 1117 272 1157 bene
287 1118 358 1154 sunt
375 1129 553 1166 temperata
564 1147 574 1162 ‚
593 1124 625 1155 &
643 1120 675 1154 in
693 1119 819 1168 longius
828 1134 930 1156 aevum
944 1122 1109 1164 duratura,
1127 1120 1282 1169 paulatim
1294 1150 1304 1164 ,
1318 1127 1351 1158 δε
1364 1135 1445 1169 qua-

51 1165 72 1202 fi
89 1180 145 1215 per
157 1167 269 1216 gradus
278 1178 488 1202 maturentur.
504 1169 556 1203 Sic
569 1167 692 1203 fruetus
712 1170 810 1204 aestivi
825 1168 919 1204 brevi
938 1180 1185 1217 corrumpuntur
1200 1198 1210 1212 ‚
1235 1171 1324 1216 quod
1337 1171 1446 1205 aCtiva

50 1214 169 1263 quibus
180 1215 324 1250 constant
333 1218 488 1264 principia
497 1245 506 1259 ‚
519 1215 615 1252 citit'is
628 1217 776 1253 avolent.
792 1220 872 1253 Non
883 1217 1022 1253 dissimili
1036 1219 1166 1264 quidem
1177 1220 1303 1253 ratione
1318 1221 1351 1254 in
1363 1233 1445 1268 prae-

51 1263 184 1300 cocibus
199 1266 336 1312 ingeniis
349 1276 455 1313 partes
468 1264 639 1313 spirituosae
659 1270 693 1302 δε
707 1268 889 1315 vegetiores
905 1267 1008 1302 statim
1026 1265 1088 1301 sese
1099 1266 1254 1309 efferunt,
1278 1266 1388 1314 hisque
1405 1269 1446 1303 ad

52 1313 257 1349 volatilitaris
268 1341 279 1356 ,
304 1325 338 1348 ut
354 1313 528 1360 loquuntur
545 1314 710 1363 Chymici,
719 1316 854 1363 gradum
869 1317 1008 1360 eveffis,
1029 1316 1118 1362 quod
1134 1316 1292 1363 reliquum
1304 1317 1357 1360 est,
1367 1330 1447 1366 vap-

52 1363 163 1411 pidum
176 1391 185 1405 ,
201 1363 282 1396 iners
293 1389 302 1404 ‚
316 1367 349 1399 ὃ(
360 1361 513 1408 aquosum
524 1375 685 1401 remanet.
701 1363 828 1399 Verum
839 1376 874 1400 ut
890 1364 1064 1413 plurimum
1078 1361 1186 1400 mimis
1205 1366 1378 1400 commoda
1392 1379 1446 1400 ce-

52 1410 140 1446 rebri
154 1410 373 1446 conformatio
384 1411 506 1458 spiritus
518 1412 599 1460 ipsos
608 1414 777 1461 pervertit.
786 1416 847 1449 Νὲι
856 1412 911 1448 ubi
924 1412 1050 1449 cerebri
1065 1412 1233 1449 substantia
1247 1426 1304 1449 aut
1318 1413 1445 1450 crassior

54 1460 98 1495 est
109 1487 118 1502 ,
138 1471 195 1495 aut
205 1461 335 1508 opacior
346 1489 356 1504 ,
367 1458 559 1508 quipossunt
569 1461 695 1510 spiritus
713 1472 843 1506 tenues,
860 1462 1040 1510 puri‚lucidi
1052 1474 1240 1510 permanere
1254 1474 1331 1505 ,aut
1342 1463 1446 1498 libere

54 1509 215 1558 expandi,
235 1511 334 1543 autin
344 1521 459 1544 omnes
476 1521 582 1556 partes
601 1511 724 1545 radiare
744 1519 759 1546 .>
772 1513 861 1546 Hinc
871 1511 1089 1558 stupiditatem
1103 1523 1159 1546 aut
1175 1511 1344 1546 stultitiam
1358 1513 1449 1548 vide-

54 1570 124 1593 mus
135 1559 167 1593 in
179 1556 370 1605 quibusdam
380 1556 511 1592 familiis
530 1571 587 1605 per
602 1558 719 1594 multas
731 1570 841 1594 aetates
852 1558 1021 1594 transmitti
1029 1562 1064 1596 in
1077 1560 1227 1607 postero&
1247 1562 1284 1594 In
1294 1562 1447 1609 pinguio-

53 1610 81 1641 ri
99 1605 165 1641 solo
180 1612 214 1643 ὃ(
229 1604 367 1642 crasfiori
380 1618 453 1640 aere
462 1606 652 1655 plerumque
664 1608 819 1644 tardiores
828 1607 1006 1645 nascuntur.
1025 1610 1113 1645 Nam
1127 1607 1211 1642 liber
1220 1613 1253 1645 ὅ(
1265 1620 1379 1655 patens
1392 1622 1448 1644 aer

54 1658 141 1691 acuit
171 1656 321 1703 ingenia,
347 1654 459 1689 densus
478 1660 514 1692 δι
533 1655 701 1690 nebulosus
724 1655 893 1692 obtundit.
919 1660 962 1692 Ex
975 1669 1073 1706 prava
1103 1660 1201 1691 etiam
1221 1656 1328 1692 virSltis
1347 1661 1447 1693 ratio-

56 1716 98 1740 ne
111 1706 278 1752 ingenium
290 1703 480 1753 plerumque
493 1703 643 1740 hebescit.
671 1705 771 1742 Unde
794 1706 826 1739 id
842 1704 923 1740 solet
941 1708 976 1741 in
987 1704 1119 1741 ebriosis
1134 1711 1167 1742 δε
1187 1704 1360 1741 libidinosis
1379 1719 1446 1742 tor..

57 1751 195 1801 pescere.
229 1752 293 1787 Vel
324 1753 413 1799 quod
434 1753 603 1788 cerebrum
637 1755 816 1802 peregrinis
835 1760 867 1790 &
891 1756 992 1789 crudis
1020 1753 1208 1790 humoribus
1232 1757 1423 1803 opprimitur
1437 1770 1446 1792 ε

56 1801 114 1836 vel
134 1801 221 1848 quod
254 1803 389 1836 nimium
416 1800 526 1836 laxatis
557 1808 621 1851 ejus
649 1805 737 1851 poris
758 1802 880 1849 spiritus
906 1803 1059 1838 animales
1090 1815 1163 1838 cum
1184 1803 1254 1838 aliis
1282 1804 1450 1852 corpuscu-

57 1850 195 1897 lis,quae
217 1851 234 1885 ὲ
251 1852 328 1885 vino
346 1862 400 1884 aut
426 1850 493 1884 aliis
513 1850 691 1897 liquoribus
713 1850 916 1896 delibantur,
930 1852 1014 1887 male
1033 1851 1260 1889 consocientur.
1277 1854 1349 1889 Nec
1361 1853 1449 1890 forte

58 1898 143 1933 aliud
160 1901 260 1947 magis
273 1900 404 1948 ingenio
415 1901 482 1934 vim
492 1928 501 1942 ‚
517 1912 572 1935 aut
583 1912 747 1948 torporem
756 1900 870 1943 affert,
888 1901 985 1947 quam
996 1912 1160 1935 meatuum
1175 1903 1207 1936 in
1223 1900 1356 1936 cerebro
1370 1915 1448 1938 con..

59 1946 221 1982 formatio,
238 1949 325 1983 Nam
335 1946 389 1981 ubi
403 1946 470 1982 sunt
481 1948 616 1983 laxiores
628 1978 637 1992 ,
650 1951 818 1997 peregrina
835 1948 1014 1996 corpuscula
1033 1955 1067 1987 &
1079 1948 1240 1997 spiritibus
1259 1950 1449 1998 plerumque

59 1995 173 2029 infesta
183 1994 283 2031 facile·
294 1996 479 2031 admittunt.
500 1996 600 2042 Qod
612 1995 711 2044 fiplus
727 2010 820 2043 aequo
829 2000 992 2034 aristentur
1004 2027 1012 2041 ‚
1027 2011 1094 2035 non
1112 1997 1251 2033 liberum
1264 1998 1374 2034 iisdem
1387 1999 1449 2046 spi-

61 2041 178 2078 ritibus
198 2043 333 2091 spatium
348 2042 503 2092 praebent.
527 2045 670 2090 Qiando
682 2047 704 2079 ii
716 2046 800 2080 male
811 2045 880 2081 sunt
897 2044 1055 2094 dispositi,
1080 2058 1179 2094 atque
1194 2050 1225 2083 in
1245 2060 1305 2082 una
1324 2048 1449 2083 cerebri

63 2104 153 2141 parte
163 2093 376 2140 angustiores,
390 2094 419 2126 in
431 2092 491 2126 alia
505 2091 575 2128 sunt
585 2095 761 2141 apertiores
773 2121 782 2136 ‚
798 2106 867 2129 tum
886 2095 1033 2131 constans
1049 2101 1082 2132 &
1100 2095 1266 2143 aequabilis
1285 2096 1453 2143 spirituum

64 2152 170 2176 motus
183 2140 414 2188 interpellatur.
429 2143 516 2176 Hinc
524 2142 675 2190 judicium
696 2142 772 2192 saepe
788 2143 971 2192 perversum
987 2144 1202 2182 &absurdum
1213 2174 1222 2188 ,
1242 2145 1321 2181 levis
1341 2149 1375 2181 δε
1393 2145 1450 2180 de-

65 2189 192 2225 sultoria
210 2187 380 2226 sententia.

111 2240 230 2284 Neque
247 2238 309 2273 hoc
324 2238 396 2274 loco
407 2239 632 2274 excutiendum
649 2251 729 2286 puto
742 2268 752 2283 ‚
766 2253 837 2287 quae
848 2243 1018 2288 unicuique
1031 2243 1093 2277 arti
1109 2251 1165 2274 aut
1179 2239 1314 2275 scientiae
1327 2253 1450 2277 conve⁶

67 2290 134 2323 niat
147 2289 266 2335 ingenii
277 2290 324 2321 vis
335 2300 387 2322 aut
398 2287 618 2323 facultas.Res
632 2287 702 2322 sane
718 2289 802 2324 soret
813 2303 877 2325 non
892 2290 1011 2325 inutilis
1027 2319 1037 2332 ‚
1059 2289 1079 2324 fi
1096 2290 1166 2335 quis
1189 2301 1260 2323 eam
1278 2289 1449 2336 diligenter

66 2335 249 2384 explicaret.
263 2337 362 2383 Qiod
378 2339 491 2383 utique
504 2336 522 2370 1.
535 2345 559 2373 1'·
571 2336 597 2370 d*
622 2337 770 2385 Corpore
789 2341 931 2373 animato
943 2367 953 2382 ‚
968 2339 1052 2373 unde
1072 2337 1139 2373 haec
1152 2336 1362 2385 exscripsimus
1372 2368 1381 2384 ‚
1393 2340 1451 2374 ali·

49 2396 124 2465 fqua
142 2397 181 2419 ex
206 2397 296 2434 parte
317 2384 503 2435 perfectum
522 2384 598 2424 fuit.
609 2388 685 2423 Hoc
697 2398 808 2423 autem
826 2387 901 2424 loco
914 2399 1012 2424 unum
1026 2399 1076 2423 ex.
1093 2386 1359 2470 gratifissadjecisse
1377 2387 1451 2424 satis

68 2435 156 2470 uerit.
1148 2437 1171 2471 S
1252 2438 1274 2482 ij
