1878 2724
458 162 809 200 TRACTATUS
848 163 1161 201 SECUNDUS.
1444 181 1474 203 12

116 214 277 248 cernimus
289 240 299 256 ,
320 222 376 247 aut
397 211 540 260 denique
557 213 645 260 quod
667 215 758 248 omni
776 214 980 260 experientiae
1000 215 1195 248 contrarium
1219 210 1278 247 est.
1474 183 1496 211 9

154 260 298 298 Primum
333 260 480 310 supponit
514 263 650 297 eandem
679 260 739 296 effe
759 272 864 296 motus
884 263 1099 309 quantitatem
1123 274 1191 308 quae
1209 260 1270 296 fuit
1284 264 1316 296 in
1329 263 1429 309 prima
1444 275 1493 297 re-

119 322 188 346 rum
203 313 325 353 origine
340 325 348 346 ε
365 309 449 358 quasi
470 310 554 345 idem
567 308 642 344 effer
654 322 778 345 motus:
797 323 870 344 cum
887 323 991 346 novus
1009 311 1155 357 quotidie
1173 321 1350 358 generetur.
1365 313 1494 346 Deinde

118 358 226 407 placet
240 358 285 392 illi
301 371 426 394 motum
437 361 493 406 qui
510 358 590 394 nihil
608 359 651 392 est
667 358 722 394 nifi
745 359 841 392 status
860 362 1002 407 corporis
1020 387 1029 401 ,
1046 358 1098 393 seu
1113 360 1226 393 modus
1245 359 1400 393 existendi
1419 388 1429 403 ,
1449 359 1503 394 ab

117 420 183 443 uno
199 410 231 443 in
247 408 332 442 aliud
360 420 470 455 corpus
489 408 653 442 transferri
669 436 679 451 ,
704 419 759 442 aut
785 410 1016 442 communicari
1034 422 1042 443 :
1067 420 1137 442 cum
1155 407 1232 441 illud
1254 406 1288 442 fit
1310 408 1350 441 de
1365 411 1492 443 ratione

115 456 207 491 rnodi
220 485 230 499 ,
250 467 285 491 nt
307 455 359 491 sno
374 456 514 503 subjecto
535 455 569 490 sit
580 455 686 490 affixus
699 483 709 498 ‚
722 467 758 489 ac
772 455 794 489 fi
805 458 953 503 proprie,
968 462 1002 493 ὃ(
1014 457 1053 490 ad
1065 456 1171 504 legem
1186 458 1340 498 veritatis,
1354 469 1419 491 non
1434 471 1494 505 po.

114 504 267 553 pulariter
288 505 375 551 loqui
388 505 536 539 volumus
552 533 561 548 ,
579 517 644 539 non
660 506 761 552 magis
781 503 875 538 alteri
890 508 1120 539 communicari
1136 516 1241 539 motus
1259 503 1370 551 possit,
1395 506 1493 552 quiim

115 555 209 600 quies
228 552 298 600 ipsa.
337 554 500 589 Postremo
513 565 587 587 eam
601 552 706 600 legem
731 552 840 586 statuit
862 552 950 586 velut
973 552 1186 588 universalem
1203 581 1212 596 ,
1236 565 1349 600 corpus
1365 565 1492 589 motum

115 603 193 636 dum
213 601 302 635 aliud
320 601 459 636 offendit
472 628 483 643 ,
503 612 629 635 tantum
647 602 678 634 ei
692 612 797 635 motus
811 602 970 647 impertiri
986 628 995 642 ,
1014 601 1088 635 dum
1103 600 1201 635 ambo
1224 613 1311 648 aequa
1325 601 1493 636 celeritate

113 652 149 685 in
167 650 294 686 easdem
310 649 451 684 ferantur
467 660 572 696 partes
587 663 594 684 :
609 650 697 697 quod
713 649 890 684 admodum
909 648 1044 684 dub-ium
1057 649 1101 684 est
1112 678 1121 693 ,
1144 662 1203 685 nec
1214 652 1418 698 experientiae
1437 650 1501 699 ipli

113 697 239 746 semper
256 697 453 734 consonum.»

147 760 177 782 2.
194 747 294 794 Qod
310 744 474 781 duriffima
492 746 588 796 fingit
597 759 732 796 corpora
745 776 755 791 ,
774 747 944 795 quaenullo
955 748 1055 782 modo
1070 747 1157 783 flesti
1176 746 1293 795 possint
1309 764 1318 790 3
1344 761 1410 784 aut*
1422 763 1492 785 me-

112 795 202 830 dium
220 796 306 843 quod
319 807 442 831 rnotum
456 809 626 845 corporum
636 796 717 832 nihil
727 798 857 845 adjuvet
870 825 879 840 ,
899 809 955 831 aut
968 797 1111 831 retardet
1128 811 1136 833 :
1158 796 1222 832 haec
1237 797 1343 831 fateor
1357 797 1435 847 fingi
1452 801 1493 833 ad

112 842 284 879 arbitrium
302 843 388 893 posse
406 859 414 880 ε
433 843 486 879 sed
509 858 547 880 ex
574 847 612 879 iis
635 844 717 881 nihil
736 847 816 880 certi
835 873 845 887 ,
870 857 930 880 nec
953 849 1127 893 quicquam
1147 845 1226 880 utile
1247 845 1435 895 colligemus
1454 851 1492 882 iis

111 892 308 941 explicandis
322 922 331 937 ,
359 905 430 941 quae
446 896 479 929 in
495 906 602 928 rerum
615 905 728 929 natura
748 905 914 929 occurrunt
934 908 941 929 :
965 893 1117 942 nusquam
1134 896 1220 929 enim
1245 894 1399 942 ejusmodi
1420 910 1492 932 cor-

110 953 190 989 pora
208 941 362 979 duriffima
377 941 542 986 offendes,
561 953 617 977 aut
638 944 783 978 medium
797 942 880 977 adeo
893 942 1029 978 fluidum
1046 972 1057 988 ,
1081 955 1116 979 ut
1130 942 1228 991 quum
1246 943 1402 980 facillime
1420 959 1492 982 om-

111 1002 188 1026 nem
205 990 339 1039 figuram
357 992 497 1027 induat:-

148 1040 266 1086 Qare-
278 1052 319 1076 ne
335 1038 559 1087 illudquidem
569 1040 610 1074 ad
625 1039 711 1089 leges
730 1051 847 1076 naturae
857 1039 1093 1090 cognoscendas
1105 1040 1185 1076 utile
1203 1041 1404 1086 crediderim,
1421 1055 1492 1078 cor-

107 1099 169 1135 pus
184 1092 219 1123 in
234 1100 339 1124 vacuo
352 1090 576 1132 constitutum,
596 1094 629 1126 ὃ(
652 1091 757 1124 omnis
776 1102 890 1137 expers
905 1091 1073 1137 gravitatis
1099 1088 1221 1137 fingere
1235 1118 1244 1133 ,
1262 1091 1358 1138 idque
1375 1090 1417 1125 ab
1428 1091 1494 1127 alio

108 1136 351 1184 impelli-:cum
367 1137 528 1184 ejusmodi
540 1148 677 1172 vacuum
693 1137 816 1172 nullum
832 1137 875 1173 fit.
893 1138 994 1173 Unde
1010 1150 1049 1173 ex
1073 1137 1131 1172 illo
1146 1150 1250 1173 rerum
1270 1139 1372 1182 statu,
1392 1152 1492 1186 quem

110 1186 209 1220 etiam
220 1184 318 1234 fingit
331 1188 383 1222 vir
400 1185 523 1222 doeriff.
535 1185 721 1222 P‚›Pardies
732 1213 741 1225 ,
763 1186 843 1222 nihil
864 1185 992 1222 definiri
1005 1188 1086 1221 certi
1098 1187 1200 1234 potest
1212 1213 1224 1230 ,
1249 1188 1336 1234 quod
1356 1188 1499 1224 adhunc

109 1243 216 1269 rerum
229 1250 230 1254 ¹
241 1234 359 1268 statum
376 1235 615 1269 accommodari
630 1232 734 1280 poffir.

143 1282 246 1328 Qod
272 1293 382 1317 autem
404 1283 491 1319 idemv
508 1282 673 1318 existimat
690 1281 834 1317 medium
861 1283 1008 1331 perfecte
1025 1281 1160 1318 fluidum
1174 1312 1183 1326 ,
1196 1287 1280 1330 cujus
1306 1295 1408 1331 partes
1432 1282 1490 1319 sint

108 1329 312 1378 aequabiliter
323 1329 485 1366 flexibiles
496 1336 558 1375 r&
571 1343 704 1367 omnem
720 1329 852 1380 figuram
865 1333 1010 1380 perfecte
1020 1332 1173 1374 induant,
1191 1344 1325 1378 quaeque
1344 1333 1488 1368 conden-

107 1377 168 1413 sari
183 1408 193 1422 ‚
216 1391 270 1415 aut
279 1379 435 1415 rarescere
453 1393 520 1416 non
532 1379 667 1428 poffint,
691 1380 778 1415 idem
802 1378 929 1415 efficere
951 1394 988 1415 ac
1002 1393 1159 1423 vacuum,
1176 1380 1354 1415 dummodo
1372 1394 1489 1429 corpo-

107 1439 143 1462 re
159 1429 238 1463 duro
254 1430 482 1464 contineantur
502 1443 510 1464 :
529 1430 598 1464 haec
608 1431 718 1476 utique
738 1427 892 1475 nusquam
913 1429 1066 1465 offendes.
1088 1432 1178 1466 Nam
1193 1430 1410 1477 quodcunque
1427 1430 1488 1464 sta-

108 1487 213 1512 tuatur
228 1477 305 1512 illud
316 1478 457 1513 medium
467 1507 477 1522 ,
498 1476 622 1526 semper
640 1481 743 1524 major
756 1479 817 1512 erit
828 1477 1003 1514 resistentia
1012 1480 1151 1528 partium
1168 1480 1377 1522 anteriorum,
1388 1478 1486 1524 quam
1499 1496 1501 1499 v

107 1525 257 1574 impulsus
279 1526 493 1574 posteriorum
504 1541 520 1570 ς
552 1526 658 1574 sicque
679 1537 785 1562 motus
817 1527 971 1574 paulatim
991 1527 1162 1576 &angetun
1194 1530 1285 1563 Nam
1310 1530 1486 1563 anteriores

107 1585 214 1621 partes
237 1574 306 1623 plus
325 1587 452 1611 motum
470 1575 698 1617 retardabunt,
724 1574 823 1621 quarn
841 1576 1034 1621 posteriores
1048 1580 1171 1621 juvent.

145 1624 265 1670 Neque
278 1624 309 1656 id
323 1625 406 1657 Viro
420 1621 598 1658 acutissimo
612 1623 788 1658 concedam
799 1634 913 1670 corpus
928 1626 960 1659 in
981 1635 1084 1657 vacuo
1100 1623 1279 1670 pendulum
1301 1626 1345 1657 ita
1356 1625 1427 1659 ‘esse
1449 1626 1501 1659 adv

108 1682 242 1706 omnem
256 1681 383 1706 motum
400 1671 592 1706 succinetum
603 1676 636 1708 ὃ(
646 1682 804 1719 paratum,
821 1683 857 1706 ut
869 1671 966 1718 quam
978 1673 1103 1706 minimi
1115 1673 1259 1720 corporis
1272 1672 1404 1720 impulsu
1414 1688 1488 1708 mo·

107 1729 222 1753 veatur
231 1747 242 1761 ,
257 1725 290 1756 δέ
299 1721 412 1754 eadem
424 1719 599 1754 velocitate
608 1732 672 1767 qua
688 1719 854 1753 ferebatur
863 1719 1170 1769 corpus--impellen3.
1192 1723 1244 1754 Sic
1254 1724 1342 1756 enim
1354 1721 1405 1755 vel
1416 1735 1490 1770 gra-

105 1779 185 1803 num
197 1767 333 1803 arenulae
347 1767 482 1816 globum
495 1768 612 1803 telluris
624 1771 654 1803 in
669 1768 779 1803 medio
793 1769 970 1815 pendulum
982 1797 991 1813 ,
1015 1774 1047 1805 &
1061 1768 1151 1803 velut
1163 1772 1194 1804 in
1212 1769 1394 1816 aequilibrio
1410 1784 1490 1806 con-

109 1816 256 1851 stitutum
267 1817 450 1865 impelleret
459 1846 469 1861 ‚
487 1822 520 1855 &
534 1817 608 1852 loco
619 1818 815 1852 dimoveret.
833 1818 1046 1865 Qiaecunque
1057 1815 1092 1851 fit
1102 1830 1207 1853 motus
1219 1830 1331 1852 natura
1345 1848 1354 1862 ‚
1372 1830 1443 1854 cum
1456 1823 1489 1854 vi

105 1865 246 1911 quadarn
257 1865 471 1901 determinata
486 1868 692 1914 conjungitur
704 1894 714 1910 ,
733 1877 837 1913 eaque
854 1865 916 1902 hoc
931 1869 1033 1915 magis
1044 1868 1243 1902 imminuitur
1262 1895 1271 1911 ,
1285 1866 1350 1916 quo
1367 1871 1399 1902 in
1417 1868 1490 1917 plu-

107 1924 157 1948 res
168 1916 314 1962 corporis
323 1922 432 1963 ‘parces
451 1914 671 1951 distribuitura·

139 1963 229 1996 Hinc
241 1963 339 1998 estut
350 1966 441 1999 navis
461 1966 607 1999 oneraria
622 1966 657 1999 in
673 1964 826 2015 cymbam
837 1965 1011 2002 offendens*
1021 1995 1030 2009 ,
1046 1978 1117 2002 eam
1136 1967 1266 2016 frangat
1277 1995 1286 2009 ,
1301 1971 1333 2003 δέ
1344 1967 1490 2004 citissime

110 2008 275 2056 impellat,
302 2024 370 2046 non
383 2014 456 2048 vice
468 2011 568 2048 versa.
589 2014 641 2047 Sic
662 2028 813 2064 magnum
836 2015 959 2064 pondus
974 2015 1045 2050 funi
1063 2015 1256 2064 appensum,
1279 2015 1333 2050 vel
1352 2019 1490 2052 minimo

109 2068 203 2093 motu
215 2061 371 2106 agitatum
383 2060 454 2107 plus
467 2060 578 2096 rcfistit
592 2089 602 2105 ,
624 2067 657 2098 &
672 2077 801 2099 manum
814 2062 931 2099 fortius
945 2063 1031 2108 ferit,
1049 2065 1150 2111 quam
1166 2064 1186 2099 fi
1197 2077 1311 2113 corpus
1325 2065 1424 2100 levius
1438 2066 1490 2100 fo-

109 2118 161 2141 ret
176 2123 186 2150 ς
201 2107 298 2152 idque
314 2120 380 2142 non
399 2121 436 2143 ex
455 2109 621 2145 ambiente
636 2114 706 2147 a'c're
721 2142 731 2156 ,
743 2111 793 2147 sed
808 2126 847 2148 ex
858 2112 1002 2162 pondere
1015 2142 1024 2157 ,
1038 2112 1089 2148 seu
1101 2127 1139 2148 ex
1155 2117 1337 2161 quantitate
1348 2117 1490 2148 materiae

108 2158 220 2190 oritur.
238 2158 326 2192 Nam
350 2155 467 2205 globus
490 2157 658 2205 plumbeus
678 2161 746 2209 plus
759 2160 869 2197 refistit
888 2164 994 2198 manui
1016 2164 1222 2210 percutienti,
1241 2162 1339 2210 quam
1352 2161 1486 2210 ligneus:

109 2206 260 2252 quamvis
281 2208 440 2241 minorem
466 2209 546 2241 a'c'ris
559 2207 680 2243 molem
708 2221 783 2245 ante
800 2211 832 2246 se
847 2210 1017 2259 propellat.

140 2253 208 2287 Sed
225 2282 235 2297 ,
254 2257 394 2301 inquies,
421 2268 532 2302 corpus
550 2258 582 2291 in
595 2256 774 2303 aequilibrio
794 2259 932 2306 positum
945 2259 999 2294 vel
1017 2262 1155 2295 minimo
1174 2262 1297 2307 impetu
1314 2271 1484 2304 movetur,

107 2307 144 2339 &
163 2313 277 2349 corpus
288 2316 385 2339 omne
398 2305 437 2338 ad
449 2316 573 2340 motum
588 2310 673 2340 'uxta
684 2333 694 2348 ‚
718 2311 753 2343 δε
765 2310 907 2353 quietern
920 2309 962 2343 est
975 2309 1172 2344 indifferens,
1187 2309 1238 2341 Sic
1251 2318 1309 2342 nos
1328 2307 1382 2354 ipsi
1399 2320 1487 2344 terrae

108 2348 248 2385 infistere
259 2364 324 2388 non
337 2351 496 2399 possumus
508 2382 517 2399 ,
535 2319 593 2392 nili
602 2366 688 2391 crura
697 2383 708 2400 ,
722 2354 833 2400 tibiae,
851 2361 885 2393 &
901 2367 956 2404 pes
969 2367 1159 2401 arcuentur3
1181 2355 1267 2391 secus
1285 2355 1337 2392 vel
1354 2359 1488 2393 minima

106 2400 153 2434 vis
166 2411 224 2435 nos
238 2400 375 2447 dejiciet.

266 2451 359 2490 Tom.
372 2453 392 2486 I
400 2454 428 2489 I.
1281 2456 1313 2489 R
