1878 2724
103 177 249 217 Primum
257 177 291 213 id
303 179 462 227 comperit
472 191 532 214 nec
548 179 688 228 spiritum
698 181 772 214 nitri
785 207 794 223 ,
821 191 881 214 nec
894 179 1039 229 spiritum
1055 179 1125 216 salis
1138 179 1250 227 quibus
1270 193 1336 219 non
1358 150 1448 219 (1εέἰῖ

73 229 116 266 sal
127 228 217 263 alcali
229 257 240 272 ‚
262 240 323 264 nec
331 240 450 275 aquarn
467 227 587 264 fortem
600 227 737 276 plumbo
748 227 880 264 affusam
892 230 1080 266 tumultuari
1092 259 1101 273 ‚
1115 240 1170 264 aut
1184 232 1356 278 quicquam
1369 232 1445 269 effi-

70 289 143 313 cere
161 291 169 313 ε
188 290 260 312 cum
275 277 296 325 l}
307 278 398 311 iritus
411 276 533 311 vitrioli
551 276 780 313 ebullitionem
794 278 957 324 quandam
969 291 1056 314 creet
1071 279 1214 326 3spiritus
1232 281 1310 314 item
1321 275 1447 318 sulfuris

69 326 178 362 lenem
189 327 308 360 excitet
327 325 565 362 ebullitionem.
589 329 707 373 Exquo
721 325 843 374 colligit
856 325 953 361 salem
964 329 1127 375 quendam
1146 326 1239 361 alcali
1258 331 1290 364 in
1307 330 1444 378 plumbo

69 375 246 418 dominari3
264 387 331 410 non
347 374 487 411 dissimili
505 377 739 421 rationemque
752 377 785 409 in
798 375 883 409 talco
892 376 1031 425 Anglico
1043 377 1096 412 usu
1106 378 1215 417 venit,
1238 380 1293 424 qui
1305 391 1376 414 cum
1385 379 1446 428 spi-

69 425 132 459 ritu
140 424 214 459 nitri
225 425 391 460 &vitrioli
405 424 540 460 multum
561 422 740 459 effervescit
753 451 765 466 ,
783 425 815 457 in
831 423 927 458 salem
950 426 1129 462 lixivialem
1151 424 1364 463 calcinatione
1380 429 1446 478 ipsa

69 474 271 508 convertitur
285 473 388 507 :adeo
399 485 435 508 ut
444 472 464 509 ἐι
473 485 552 507 vero
567 474 652 506 talco
673 471 810 506 multum
834 470 996 509 diffideat.

115 522 237 567 Neque
248 533 332 568 aqua
347 521 442 557 fortis
456 549 466 564 ,
484 533 588 569 neque
601 520 722 569 spiritus
738 520 859 556 vitrioli
876 534 950 557 curn
964 522 1089 571 plumbi
1106 536 1189 559 vena
1208 523 1417 561 tumultuatur
1435 556 1445 570 ‚

68 569 121 605 sed
138 568 261 617 spiritus
274 572 371 613 nitri,
389 581 442 606 aut
451 569 519 604 salis
529 569 634 605 bullas
646 567 794 617 quasdam
811 572 844 604 in
866 582 904 604 ea
916 574 1034 606 excitat
1050 587 1057 608 :
1082 575 1165 608 adeo
1186 585 1222 608 ut
1242 575 1325 608 inter
1340 575 1444 623 plum-

68 617 146 653 bum
163 623 196 655 &
208 618 451 667 plumbaginem
462 632 614 669 magnum
625 619 769 653 videatur
791 618 850 653 effe
864 617 1048 657 discrimen.
1062 649 1064 651 ,

103 667 191 702 Cum
208 668 309 702 minio
324 679 378 702 aut
395 667 530 716 plumbo
550 668 616 702 usto
632 669 690 703 vix
718 667 843 715 spiritus
869 669 990 703 vitrioli
1012 669 1118 704 mistus
1137 669 1236 704 ullam
1256 670 1312 706 nisi
1337 671 1445 708 levem

68 715 243 751 admodum
253 715 479 752 ebullitionem
500 726 586 750 creat
601 730 610 751 ε
627 715 677 750 sed
689 716 785 764 longe
799 720 953 762 majorem
969 717 1068 753 efficit
1085 718 1209 766 spiritus
1229 722 1317 756 nitri.

102 766 236 813 Spiritus
251 765 435 800 vitrioliaut
458 765 583 800 sulfuris
604 764 802 813 hydrargyro
815 764 947 808 affixsus,
969 767 1050 802 nihil
1067 779 1142 801 eum
1154 779 1344 804 commovet
1364 783 1374 805 t
1394 770 1448 805 sed

67 812 191 861 spiritus
208 815 284 848 nitri
302 814 407 850 statim
421 813 646 848 ebullitionem
666 825 763 850 creat.
783 816 908 862 Magno
918 816 1049 860 quidem
1068 816 1188 850 indicio
1199 818 1326 852 acidum
1343 821 1375 854 in
1392 821 1451 867 hy-

69 863 224 911 drargyro
235 865 345 912 vigere
360 875 451 899 :cum
462 861 584 913 spiritus
595 864 671 899 nitri
680 863 785 896 acidus
799 863 933 910 quidem
943 861 978 899 fit
987 892 999 907 ,
1011 863 1063 900 sed
1072 866 1124 911 qui
1138 864 1278 901 multum
1290 867 1384 902 alcali
1398 880 1449 902 re-

69 911 163 948 ferat.

57 998 60 1001 ,
103 960 224 995 Eadem
237 959 306 996 fere
317 960 367 995 est
382 959 633 996 ratio'limaturae
653 957 841 1010 chalybeae,
862 962 913 996 cui
929 960 1054 1011 spiritus
1073 962 1193 998 vitrioli
1211 963 1324 1000 affusus
1342 965 1449 1002 lenem

70 1009 245 1044 admodum
256 1008 502 1053 ebullitionem,
519 1008 647 1056 qualem
661 1010 730 1045 fere
748 1012 781 1044 in
793 1012 894 1044 minio
905 1022 1052 1058 procreat
1066 1027 1074 1053 3
1094 1011 1145 1046 sed
1169 1012 1303 1048 subitam
1329 1014 1450 1050 ebulli-

70 1060 193 1094 tionem
206 1055 310 1094 efficit
325 1057 450 1107 spiritus
473 1060 549 1094 nitri
566 1072 574 1094 ε
589 1059 672 1092 adeo
680 1061 753 1093 utin
767 1058 852 1093 ferro
869 1057 911 1093 sal
927 1061 1033 1094 acidus
1049 1063 1167 1108 vigeat.
1183 1061 1330 1110 Chalybs
1351 1063 1450 1099 sulfu-

68 1109 111 1142 ris
121 1105 240 1141 accessu
251 1118 378 1155 paratus
391 1107 487 1156 longe
497 1108 602 1141 minus
615 1105 793 1142 effervescit
807 1106 929 1155 spiritus
940 1110 1017 1142 nitri
1033 1107 1191 1144 affufione.
1221 1111 1332 1156 Qare
1345 1117 1451 1159 major

70 1155 115 1190 est
124 1158 172 1190 vis
184 1155 340 1190 limaturae
355 1156 500 1204 chalybis
511 1154 609 1203 quam
625 1155 708 1192 illius
724 1158 781 1202 qui
795 1157 934 1191 candens
951 1156 1075 1191 sulfuris
1087 1160 1241 1193 contactu
1250 1158 1334 1205 quasi
1347 1160 1450 1208 liqua-

71 1215 128 1239 tur.
141 1203 222 1238 lllud
238 1216 367 1252 quoque
379 1204 604 1240 observatione
614 1204 746 1253 dignum
758 1204 883 1239 videtur
892 1216 1028 1251 ,aquam
1043 1205 1164 1241 fortem
1178 1207 1234 1241 ubi
1254 1207 1363 1243 sensim
1377 1209 1452 1244 cha-

71 1251 324 1301 lybiaffunclitur
339 1281 348 1295 ‚
361 1252 483 1287 nullam
498 1251 726 1287 ebullitionem
741 1264 848 1286 creare
864 1267 871 1288 :
886 1252 1083 1300 atfialiquot
1098 1255 1239 1303 guttulas
1256 1269 1344 1303 aquae
1361 1270 1452 1293 com-

72 1303 175 1337 munis
195 1300 371 1343 addideris,
389 1314 457 1337 tum
471 1301 578 1336 statim
597 1301 771 1336 vehemens
788 1300 938 1336 ebullitio
959 1301 1188 1350 consequetur:
1204 1304 1288 1352 quasi
1309 1307 1342 1341 in
1366 1319 1453 1353 aqua

71 1350 159 1385 dulci
168 1349 299 1397 aliquod
317 1352 507 1399 principium
524 1348 719 1385 corrofivum
736 1349 920 1385 delitescere
935 1351 1097 1387 videatur..
1116 1354 1341 1390 Antimonium
1362 1358 1417 1391 vix
1432 1357 1453 1391 ὰ

71 1398 180 1447 spiritu
191 1398 311 1433 vitrioli
332 1411 570 1435 commovetur:
583 1398 634 1433 sed
645 1399 767 1447 spiritus
783 1401 878 1442 nitri,
895 1410 952 1433 aut
967 1411 1054 1447 aqna
1079 1400 1173 1436 fortis
1194 1405 1294 1452 mag-is
1315 1403 1453 1439 efferve-

72 1448 176 1484 scunt:
192 1448 276 1482 adeo
288 1459 324 1483 ut
335 1450 467 1483 materia
476 1450 648 1484 antimonii
657 1460 696 1482 ex
706 1449 800 1482 acido
810 1453 843 1485 &
853 1447 946 1482 alcali
956 1447 992 1482 fit
1005 1449 1180 1498 compofita
1190 1467 1201 1493 ς
1213 1451 1452 1500 alcaliquidem

72 1499 106 1533 in
116 1509 156 1531 eo
168 1499 274 1546 vigeat
283 1525 293 1540 ,
313 1497 365 1532 sed
377 1497 466 1544 quod
477 1498 558 1531 acidi
569 1510 637 1532 non
651 1497 694 1530 est
706 1508 827 1545 expers.
854 1499 967 1532 Parum
980 1496 1159 1533 effervescit
1170 1511 1277 1534 crocus
1298 1501 1451 1535 metallo-

72 1558 141 1581 rum
158 1575 173 1590 ‚,
198 1557 236 1581 ex
259 1558 324 1593 quo
341 1545 460 1580 scilicet
479 1548 589 1580 vinum
605 1547 780 1580 emeticum
796 1557 930 1593 parant,
954 1544 1010 1580 ubi
1032 1545 1156 1594 spiritus
1174 1549 1248 1582 nitri
1263 1551 1292 1582 ei
1311 1548 1452 1584 affiindi-

73 1605 124 1630 tut
143 1608 151 1631 :
181 1594 270 1643 quod
291 1594 334 1630 sal
360 1593 541 1630 metallicus
556 1594 620 1642 ipsa
637 1596 866 1643 praeparatione
886 1591 1082 1632 debilitatus*
1097 1595 1220 1640 fuerit,
1244 1610 1311 1632 non
1334 1598 1452 1634 exhau-

73 1644 145 1681 stus.

108 1694 242 1739 Spiritus
255 1694 353 1736 nitri,
370 1697 404 1730 δε
413 1692 535 1741 spiritus
545 1690 666 1728 vitrioli
680 1690 815 1726 seorsum
832 1690 921 1726 affusi
932 1685 1114 1729 antimonio
1128 1690 1453 1744 diaphoretico,quod

73 1740 193 1776 scilicet
207 1743 238 1776 in
249 1740 411 1777 crucibulo
425 1754 497 1778 curn
509 1753 625 1790 magna
637 1743 713 1776 nitri
724 1741 817 1788 copia
831 1740 992 1777 incensum
1006 1743 1066 1778 fuit
1079 1772 1088 1786 ,
1103 1742 1174 1776 satis
1187 1754 1338 1791 magnam
1359 1747 1455 1781 effer„

75 1788 276 1827 vescentiam
293 1788 459 1826 efficiunt:
474 1791 555 1824 adeo
566 1801 600 1824 ut
621 1802 658 1823 ea
668 1790 838 1825 calcinatio
851 1817 861 1832 ‚
878 1794 911 1826 δε
925 1789 1006 1826 lotio
1015 1805 1083 1828 non
1093 1789 1129 1826 fit
1138 1791 1224 1827 forte
1234 1793 1354 1828 inutilis
1370 1796 1455 1830 anti-

74 1841 175 1874 monii
187 1841 376 1887 praeparatio
394 1867 404 1882 ,
421 1850 457 1874 ut
468 1839 577 1874 multis
591 1839 727 1874 videtur.
1071 1884 1075 1888 Ι
1315 1884 1318 1885 ⁷

120 1889 253 1935 Spiritus
265 1888 459 1923 nitristanno
474 1887 587 1923 affusus
599 1900 666 1923 tam
678 1886 812 1921 subitam
821 1916 831 1930 ,
851 1898 983 1935 tamque
998 1888 1233 1925 vehementem
1246 1889 1344 1925 efficit
1358 1891 1462 1927 effer-¹

75 1935 274 1971 vescentiam
286 1949 338 1981 ‚ut
348 1937 492 1972 stannum
506 1935 652 1971 carbonis
669 1936 804 1985 speciem
821 1937 932 1971 induat
942 1951 950 1973 ε
960 1950 1033 1972 cum
1043 1937 1190 1982 vitrioli,
1213 1950 1269 1973 aut
1284 1937 1354 1975 salis
1371 1939 1462 1988 spiri-·

79 1996 113 2019 tu
128 1984 260 2020 mistum
275 1984 383 2021 lenem
395 1985 567 2020 admodum
581 1984 810 2019 ebullitionem
824 1997 928 2021 creat:
948 1987 1030 2020 adeo
1040 1998 1075 2021 ut
1092 1987 1234 2022 stannum
1252 1988 1402 2023 nonnihil
1415 1989 1456 2023 de

79 2032 177 2074 ferri,
187 2032 313 2081 plumbi
331 2063 341 2076 ‚
358 2038 392 2069 δι-
402 2036 489 2081 cupri
505 2044 614 2068 natura
629 2033 759 2069 referat.
770 2035 823 2067 Sic
834 2046 918 2080 aqua
930 2034 1024 2069 fortis
1039 2034 1102 2070 sola
1112 2035 1189 2071 nihil
1207 2036 1353 2071 stannum
1365 2050 1456 2073 com-

79 2093 194 2118 movet
212 2097 220 2118 :
235 2081 286 2116 sed
301 2081 357 2116 ubi
374 2082 499 2128 aliquot
514 2092 620 2129 guttas
639 2093 729 2129 aquae
745 2085 924 2117 communis
938 2084 1099 2131 adjeceris
1112 2114 1123 2129 ,
1149 2085 1253 2120 statim
1277 2085 1455 2122 vehemens

82 2133 201 2166 orietur
224 2130 473 2166 effervescentia.

123 2182 260 2227 Spiritus
273 2179 358 2223 salis,
380 2185 411 2215 ὃ(
422 2178 547 2215 vitrioli
564 2191 663 2228 cupro
672 2178 838 2227 separatim
849 2177 936 2216 affufi
950 2181 1072 2217 nullam
1088 2182 1362 2219 effervescentiam
1383 2190 1458 2231 proi

84 2239 214 2264 creant:
238 2227 288 2263 sed
303 2228 423 2275 spiritus
437 2230 511 2263 nitri
530 2234 564 2263 &
584 2241 672 2275 aquae
692 2229 784 2263 fortis
797 2230 1008 2265 vehementer
1027 2244 1098 2265 cum
1116 2245 1214 2279 cupro
1232 2231 1455 2268 effervescunt.

85 2278 221 2324 Spiritus
231 2290 329 2312 cornu
340 2279 426 2311 cervi
437 2306 445 2319 ‚
459 2289 514 2312 aut
524 2275 592 2309 salis
603 2279 778 2312 armeniaci
792 2291 864 2313 curn
875 2291 972 2327 cupro
988 2293 1053 2314 non
1066 2282 1294 2315 tumultuantur
1305 2307 1315 2320 ‚
1335 2279 1385 2313 sed
1396 2292 1457 2314 cae-

85 2324 364 2360 tulerim-comum
380 2325 486 2361 sensim
497 2325 642 2368 eliciunt,
658 2324 741 2371 qnasi
751 2325 845 2363 sulfur
859 2331 946 2378 cupri
967 2329 989 2366 ἐι
1004 2326 1116 2367 salibus
1130 2328 1286 2377 paulatim
1301 2327 1453 2377 separent,

87 2374 183 2411 Unde
194 2373 235 2410 sal
246 2375 354 2410 acidus
364 2377 393 2409 in
407 2388 507 2426 cupro
518 2376 605 2424 viget
614 2376 766 2413 maxime.
781 2399 785 2402 ·

249 2425 342 2473 gom.
355 2426 406 2477 ll:
1229 2426 1284 2469 113
