1930 2766
182 192 216 228 R
234 204 337 231 zeum
351 191 451 243 vulgo
468 190 742 241 Philosophorum
753 193 793 228 de
811 192 898 235 luna,
909 190 995 235 sole,
1012 196 1046 229 &
1070 190 1139 226 aliis
1159 189 1332 227 individuis
1357 191 1425 226 dari
1440 189 1540 227 scien-

144 245 241 287 uam,
253 256 322 279 non
334 246 466 278 ratione
484 241 677 285 existentiae²
697 254 770 288 quae
784 242 826 276 est
839 242 1033 290 contingens
1045 270 1055 285 ‚
1073 245 1107 277 &
1119 240 1212 275 aliter
1229 239 1395 284 sezhabere
1413 241 1537 288 potest:

144 292 196 328 sed
210 295 337 328 ratione
356 291 492 327 eilentiae
502 303 574 338 quae
588 291 635 325 est
653 289 834 326 necessaria.
854 292 905 325 Sic
924 291 1008 326 forte
1022 289 1205 325 indubitate
1230 289 1306 325 scire
1328 302 1394 325 non
1414 288 1540 338 poffum

143 353 185 377 an
197 342 229 376 id
241 343 329 389 quod
345 342 444 376 video
461 371 471 385 ,
491 339 527 375 sit
546 341 622 375 luna
639 356 647 380 ·‚
668 339 717 374 sed
731 340 947 375 demonstrare
957 338 1079 387 poffiim
1092 351 1206 386 corpus
1222 339 1359 383 coeleste,
1373 339 1541 388 quodcun-

143 402 206 438 que
218 390 297 426 illud
307 390 363 434 sit,
383 392 470 438 quod
485 389 640 438 paulatim
661 391 829 424 irradiatur
847 418 856 433 ‚
882 389 913 422 id
937 389 1114 424 rotundum
1125 388 1271 425 existere.

178 441 289 488 Atque
301 440 365 475 hoc
379 440 495 489 triplici
507 438 607 472 modo
622 436 692 473 fieri
711 450 786 486 pote
795 439 828 472 st.
856 436 966 473 Primo
976 450 1033 486 per
1051 436 1225 485 synthesim
1238 448 1252 481 ‚·
1269 437 1322 472 seu
1334 436 1543 486 compositio-

143 500 221 524 nem
235 518 245 533 ,
269 501 341 523 curn
358 486 575 524 {auctioribus
592 485 816 522 descendimus
835 487 874 520 ad
898 488 1003 521 minus
1021 498 1099 519 nota
1119 500 1127 521 :
1150 498 1184 521 ut
1205 489 1238 521 in
1254 488 1407 535 exemplo
1422 486 1543 531 allato,

144 550 185 572 ex
197 550 238 572 eo
252 537 341 585 quod
366 537 441 573 luna
453 534 573 571 habeat
586 536 788 570 incrementa
804 534 931 570 lun-‚inis
943 562 953 578 ,
979 534 1197 569 demonstrare
1215 535 1377 583 polsumus
1395 548 1469 571 eam
1482 534 1544 571 effe

143 585 330 636 globosam.

179 631 450 682 2.⁷Per·analyfim
462 662 471 677 ‚
491 633 543 668 seu
558 632 808 677 resolutionem,
825 645 898 669 cum
917 633 937 669 ἐι
962 631 1166 670 conclufione
1186 632 1252 682 ipsa
1270 634 1309 668 ad
1328 637 1524 684 praecognita
1536 664 1547 680 ,

145 683 200 719 seu
219 684 258 718 ad
269 685 428 731 principia
445 682 653 720 ascendimus,
671 681 753 729 Qo
763 695 796 718 v.
806 696 852 732 gr.
866 682 1040 733 probemus
1055 682 1167 718 lunam
1189 683 1252 718 effe
1263 682 1433 731 globosum
1445 713 1455 727 ‚
1477 687 1544 733 pri-

144 729 240 768 mum
263 732 461 768 ostendimus
482 732 564 768 hanc
590 731 650 768 effe
667 732 761 781 globi
782 736 1018 781 proprietatem
1032 762 1042 776 ,
1073 745 1109 767 ut
1135 731 1257 767 habeat
1274 733 1424 780 quaedam
1442 736 1547 769 incre-

145 792 258 817 menta
276 780 410 816 luminis
422 779 442 816 fi
467 794 535 816 urae.
547 781 697 831 ellipticae
708 810 719 825 ‚
738 793 769 828 qi
782 794 807 816 ae
819 783 940 817 icilicet
953 782 1042 818 ovali
1056 782 1100 816 est
1115 784 1276 831 proxima,
1294 793 1354 817 nec
1370 782 1466 818 aliam
1479 788 1545 832 ejus

146 828 361 879 figuram-effe
377 835 431 878 poi
447 843 476 866 e.
491 832 621 867 Deinde
644 831 843 866 ostendimus
863 832 972 867 lunam
996 830 1117 866 habere
1136 830 1293 878 ejusmodi
1319 834 1544 868 incrementa:

145 879 236 926 quod
253 882 367 927 utique
384 878 561 929 probamus
576 881 796 929 experientifiz
812 881 845 914 id
864 883 952 917 enim
967 892 1101 916 cernere
1119 881 1162 915 est
1178 882 1210 915 in
1234 880 1308 915 luna
1325 879 1498 930 praesertim
1527 882 1546 918 ὲ

145 929 349 976 quadraturis
367 943 376 965 ε
402 929 478 964 hinc
496 929 580 964 adeo
599 929 824 965 concludimus
845 942 917 965 eam
935 928 997 966 effe
1011 928 1191 977 globosam.

181 991 207 1022 3.
228 979 263 1012 Id
278 977 347 1013 fieri
367 978 471 1026 potest
487 990 545 1027 per
565 977 698 1014 zetesim
710 1007 719 1022 ‚
744 977 797 1013 seu
810 979 1056 1027 inquisitionem
1074 993 1081 1015 :
1104 977 1179 1014 cum
1193 979 1281 1014 nulla
1297 979 1456 1015 conclufio
1469 993 1545 1029 pro-

145 1028 282 1075 ponitur
297 1028 542 1063 demonstranda
553 1056 562 1071 ‚
578 1026 628 1062 sed
639 1029 804 1076 principiis
821 1028 1041 1077 riteinspeCRis
1055 1057 1066 1071 ‚
1083 1029 1162 1076 quid
1180 1029 1256 1063 inde
1270 1028 1478 1076 sequuturum
1490 1029 1545 1074 fit,

145 1076 355 1113 attendimus.
376 1077 464 1112 Cum
483 1075 631 1125 suppono
642 1091 676 1112 v.
690 1089 740 1125 gr.
752 1079 951 1113 incrementa
970 1078 1100 1114 luminis
1117 1079 1150 1112 in
1167 1076 1246 1112 luna
1266 1076 1326 1112 esse
1351 1076 1455 1127 figura:
1475 1079 1546 1114 elli-

172 1127 243 1159 ticae
258 1154 268 1168 ,
289 1136 357 1160 tum
372 1127 500 1172 inquiro
512 1127 590 1172 quid
603 1126 677 1160 inde
691 1125 844 1160 concludi
860 1126 957 1174 poffit
972 1142 980 1163 :
1006 1138 1107 1173 atque
1122 1126 1198 1160 hinc
1213 1125 1302 1173 sequi
1317 1139 1389 1160 eam
1403 1126 1464 1162 eise
1475 1128 1545 1176 glo-

145 1137 260 1208 bosam
278 1176 466 1222 comperio:
480 1177 537 1221 qui
548 1174 663 1209 modus
683 1186 732 1208 res
744 1175 951 1209 examinandi
962 1183 1031 1211 non
1045 1176 1079 1209 in
1097 1174 1237 1209 Mathefi
1248 1174 1366 1219 modo,
1382 1175 1434 1210 sed
1445 1180 1544 1212 etiam

149 1224 183 1257 in
195 1222 333 1271 Physicis
347 1225 517 1271 permagni
537 1223 685 1258 estusfis.
704 1224 783 1258 Non
796 1225 883 1257 enim
896 1235 1024 1258 tantum
1043 1234 1162 1258 naturae
1185 1223 1380 1272 progressum
1398 1253 1407 1267 ‚
1437 1237 1544 1260 rerum

148 1281 238 1306 ortus
250 1300 260 1315 ‚
276 1276 309 1308 &
328 1270 672 1314 incrementa,.causas
698 1271 816 1304 iridem
835 1270 1013 1307 effe&rices
1029 1276 1062 1308 δε
1076 1271 1258 1306 materiales
1275 1301 1284 1315 ‚
1310 1285 1382 1319 quae
1403 1276 1433 1308 in
1451 1287 1546 1309 motu

149 1324 184 1356 &
196 1318 281 1356 fluxu
290 1321 434 1368 quodam
451 1318 565 1369 positae.
581 1319 668 1364 sunt,
689 1322 815 1355 ratione
840 1326 873 1358 ἃ
890 1322 1088 1370 experientia
1108 1319 1328 1368 persequimur
1346 1336 1352 1357 :
1371 1321 1420 1356 sed
1444 1325 1544 1359 etiam

148 1368 271 1404 formas
290 1382 399 1406 rerum
410 1368 566 1417 simplices
578 1369 848 1413 ,&constante5,
864 1382 899 1405 ut
908 1370 1095 1413 fluiditatis,
1120 1368 1282 1404 firmitatis
1300 1399 1309 1414 ‚
1344 1374 1512 1420 gravitatis
1533 1402 1542 1416 ‚

150 1429 298 1454 motuum
311 1420 411 1454 etiam
425 1418 511 1467 leges
521 1419 717 1465 inquirendo
730 1420 944 1467 expendimus
960 1434 968 1455 :
992 1431 1064 1467 quae
1081 1420 1134 1453 via
1150 1418 1256 1454 multo
1273 1421 1316 1454 est
1330 1423 1543 1469 compendio-

150 1466 210 1502 sior
219 1468 320 1514 quz‘rm
332 1467 353 1504 fi
368 1480 418 1504 res
432 1480 501 1516 quae
513 1466 582 1503 sunt
593 1465 776 1517 compositae
788 1495 798 1511 ,
816 1468 927 1504 statim
935 1470 1087 1518 indagare
1097 1467 1247 1506 velimus.
1258 1497 1263 1501 .
1274 1470 1338 1505 Sed
1359 1470 1401 1504 de
1418 1470 1466 1505 bis
1487 1470 1544 1507 suo

150 1515 250 1553 loca:

193 1565 328 1610 Instant.
341 1568 440 1604 Mens
456 1568 536 1604 nihil
547 1566 702 1615 intelligit
717 1565 1009 1617 nifidependenter
1020 1569 1041 1605 ἒι
1059 1568 1196 1606 sensibus
1216 1584 1223 1605 :
1240 1566 1313 1604 hinc
1328 1569 1404 1604 illud
1414 1570 1544 1618 pervul-

117 1611 120 1616 ’
150 1625 265 1662 garum
280 1643 288 1657 ‚
309 1615 390 1649 nihil
403 1617 449 1650 est
466 1616 699 1658 inintellecta,
727 1618 815 1663 quod
835 1619 917 1664 prius
930 1630 996 1650 non
1010 1618 1108 1652 fuerit
1125 1622 1158 1652 in
1176 1617 1264 1652 sensu
1290 1619 1424 1664 :idque
1446 1619 1545 1663 longe

151 1661 354 1698 veriffimum
375 1665 421 1699 est
438 1667 469 1699 in
483 1663 613 1712 Physica
626 1692 634 1706 ‚
657 1676 727 1711 quae
748 1663 892 1700 sensuum
909 1664 1189 1701 observationibus
1207 1677 1361 1710 tanquam
1375 1660 1542 1715 principiis

151 1711 196 1744 est
216 1710 367 1747 subnixa:
388 1713 439 1747 sed
460 1711 563 1748 sensus
579 1713 650 1747 sunt.
667 1712 798 1747 fallaces
816 1743 825 1757 ‚
850 1725 887 1748 ut
912 1711 1060 1750 fatemur.
1088 1718 1172 1763 Ergo
1192 1713 1323 1760 Physica
1344 1715 1432 1748 nullo
1444 1717 1544 1751 modo

151 1757 283 1795 scientia
294 1761 357 1794 dici
372 1761 495 1798 debet:
510 1761 560 1796 sed
583 1761 628 1795 est
643 1763 755 1810 opinio
767 1774 892 1797 tantum
903 1774 976 1809 quae
997 1764 1136 1799 multum
1155 1762 1256 1798 habet
1280 1762 1521 1810 probabilitatis
1536 1799 1545 1812 ‚

152 1813 187 1845 &
201 1810 364 1845 interdum
376 1811 526 1847 nonnihil
536 1810 709 1846 evidentiae
721 1811 854 1847 moralis
870 1826 878 1847 :
896 1810 948 1846 sed
959 1812 1140 1848 immobilis
1154 1811 1285 1847 adhaefio
1299 1842 1308 1856 ‚
1330 1817 1363 1848 δ(
1374 1813 1545 1862 irrefraga-

150 1855 225 1894 bilis
239 1859 279 1893 ad
300 1870 373 1893 eam
390 1873 456 1896 non
471 1862 622 1909 pertinet.

181 1907 273 1955 Rcfp.
293 1920 352 1943 nos
371 1910 505 1956 quidem
520 1908 600 1944 nihil
610 1909 679 1944 fere
696 1909 879 1958 intelligere
893 1910 951 1945 nifi
966 1911 1190 1960 dependenter
1206 1911 1226 1947 :a
1237 1910 1371 1946 sensibus
1386 1927 1394 1948 ι
1413 1924 1486 1947 nam
1501 1912 1542 1946 ab

153 1956 194 1990 iis
207 1955 321 1992 saltem
330 1961 507 1994 excitamur
527 1958 632 2002 3adeo
648 1971 684 1994 ut
707 1961 943 2007 cogitationem
966 1974 1101 1996 omnem
1124 1962 1281 2009 praecedat
1299 1961 1414 2007 aliquis
1431 1961 1543 1996 sensus-

155 2007 236 2041 Non
249 2009 336 2041 enim
348 2006 472 2055 possum
489 2009 632 2054 cogitare
642 2019 698 2043 aut
710 2009 855 2043 colorem
868 2038 877 2053 ,
891 2021 947 2043 aut
954 2009 1070 2046 florem
1084 2040 1093 2053 ‚
1105 2009 1161 2046 nisi
1178 2022 1233 2045 aut
1247 2023 1320 2045 eum
1330 2011 1477 2054 viderim,
1488 2023 1544 2046 aut

103 2083 106 2088 .
156 2053 198 2087 de
214 2066 254 2087 eo
266 2056 448 2092 audiverim
462 2073 473 2094 .-
488 2057 541 2092 sed
554 2070 619 2091 uon
631 2057 664 2091 id
674 2058 880 2093 concedimus
900 2058 980 2094 nihil
999 2059 1061 2095 eise
1073 2062 1105 2094 in
1116 2059 1285 2094 intellectu
1300 2060 1388 2106 quod
1408 2062 1441 2094 in
1458 2059 1545 2095 sensu

157 2113 224 2137 non
239 2102 337 2137 fuerit
349 2131 356 2139 .
375 2106 460 2150 quafi
478 2107 624 2153 cognitio
645 2106 829 2142 intellectus
841 2120 907 2142 non
929 2109 1067 2143 multum
1091 2108 1125 2143 fit
1149 2108 1292 2151 firmior,
1308 2114 1342 2145 δε
1359 2108 1454 2144 latius
1475 2123 1543 2144 non

154 2162 269 2199 pateat
280 2152 380 2199 quam
391 2152 531 2191 sensuum
542 2157 717 2203 perceptio.
731 2157 819 2192 Nam
832 2169 868 2190 ea
881 2169 1009 2192 tantum
1023 2156 1110 2193 sensu
1120 2161 1312 2207 percipimus
1324 2170 1392 2205 quae
1402 2158 1470 2193 sunt
1483 2156 1543 2192 {iu-

156 2199 280 2247 gularia
294 2231 303 2244 ‚
323 2208 355 2238 &
369 2203 536 2248 praeseutia
552 2221 560 2246 3
579 2203 787 2253 intelligimus
814 2204 897 2241 vero
913 2206 1104 2242 universalia
1115 2237 1126 2252 ,
1161 2213 1194 2244 &
1206 2206 1359 2255 spiritalia
1370 2237 1378 2249 ,
1401 2206 1545 2241 absentia

158 2250 319 2287 iridem&
331 2251 446 2290 futura,
474 2256 582 2300 Atque
598 2252 795 2289 illaemeutis
807 2258 1015 2304 operationes
1036 2270 1104 2292 non
1126 2260 1308 2292 innituntur
1327 2255 1452 2303 singulis
1475 2254 1544 2290 sen-

158 2297 246 2333 suum
262 2303 524 2349 perceptionibus
537 2332 546 2346 ,
568 2314 637 2348 quae
648 2305 746 2336 errori
758 2302 830 2338 sunt
846 2305 1000 2340 obnoxiae
1022 2334 1031 2348 ‚
1053 2304 1106 2341 sed
1127 2319 1164 2340 ex
1181 2305 1331 2340 omnibus
1348 2304 1543 2352 generaliter

160 2346 292 2396 sumptis
310 2364 401 2384 novae
419 2353 700 2397 exvfsguntuienris
711 2351 894 2388 fimetiones
905 2382 915 2396 ‚
937 2360 971 2390 ὃ(
985 2354 1076 2389 firma
1090 2355 1206 2402 judicia
1219 2382 1228 2397 ,
1239 2366 1310 2399 quae
1323 2352 1464 2388 sensuum
1480 2353 1543 2388 fal-

160 2395 256 2432 lacias
275 2411 340 2433 einr
352 2401 462 2438 ndant.
474 2403 585 2454 Qre
601 2412 636 2436 ut
649 2401 682 2434 id
695 2401 861 2446 daremus,
880 2405 1032 2439 maximae
1055 2402 1285 2439 tantummodo
1302 2401 1543 2450 probabilitatis

266 2449 355 2485 Tum.
383 2452 432 2486 ll.
1365 2450 1393 2485 H
