1878 2724
453 97 833 137 TRACTATUS
882 99 1144 138 TERTIUS·
1418 119 1474 149 229

120 152 327 197 'Primossum
337 161 421 199 aqua
436 147 557 199 scypho
582 151 689 185 vitreo
704 149 893 192 infunditur,
911 161 981 184 tum
996 151 1077 184 circa
1089 150 1162 184 vitri
1174 149 1310 197 parietes
1324 151 1480 199 paulatim

80 200 239 250 1-assurgit:
255 201 344 248 quod
370 200 457 235 forre
471 200 552 234 aeris
569 210 677 234 motus
695 201 728 234 in
741 201 778 233 iis
796 197 942 247 partibus
962 197 1126 247 paululum
1155 199 1356 246 impediatur.
1384 203 1476 238 Hinc

80 244 177 298 --aqua
191 253 292 299 magis
306 252 339 285 in
352 248 464 285 medio
476 250 633 297 premitur
650 260 749 296 quam
769 250 852 283 iniis
866 247 944 283 locis
957 265 967 292 3
985 259 1022 281 ea
1036 259 1168 295 quoque
1192 260 1264 283 cum
1289 250 1372 284 vitto
1394 250 1474 285 faci-

94 297 127 334 le
143 298 284 335 cohaeret
298 327 308 342 ,
325 303 359 336 δε
371 297 533 347 paululum
543 296 711 334 attollitur.
736 297 836 334 Unde
848 308 962 345 corpus
977 295 1051 331 leve
1064 296 1137 331 huic
1150 299 1297 332 innatans
1307 325 1316 339 ,
1333 308 1369 332 ut
1385 297 1473 335 bulla

94 349 198 382 vitrea
213 360 287 391 ,aur
300 348 379 396 ligni
393 346 560 383 frustulum
570 374 580 389 ‚
593 359 659 382 non
671 348 703 382 in
711 346 822 382 medio
830 347 907 381 vitri
924 344 1015 387 sistit,
1030 343 1081 379 sed
1094 343 1136 379 ab
1157 346 1237 380 aeris
1251 345 1406 393 preffione
1432 350 1474 385 ad

92 397 169 433 vitri
182 396 282 432 latera
297 396 413 440 fertur,
427 396 567 430 maxime
576 394 597 429 fi
611 397 731 430 vitrum
741 393 777 430 fir
787 406 872 441 aqua
883 393 1058 430 madidum.

93 465 116 481 ,ι
126 444 312 489 Secundo,s1
330 448 450 481 vitrum
462 442 505 478 ab
518 445 608 480 omni
626 442 734 478 oleosa
753 442 946 491 pinguedine
956 452 1167 491 expurgatum
1182 454 1249 477 nou
1263 441 1358 478 fuerit
1369 472 1379 487 ,
1393 458 1474 481 con-

78 495 225 530 'trarium
234 494 377 529 accidet:
393 506 461 530 tum
472 494 557 530 enim
567 503 650 539 aqua
660 492 846 531 immediate
856 503 923 525 non
936 493 1040 539 tangit
1055 492 1177 527 vitrum
1192 505 1201 526 ‚-
1218 491 1301 525 unde
1316 504 1369 527 aer
1389 497 1474 530 inter

90 554 211 589 aquam
229 548 261 580 δι
277 545 397 579 vitrum
410 545 604 588 interceptus
624 554 691 577 non
717 539 788 577 sinit
808 537 954 588 impolita
972 539 1158 588 corpuscula
1175 541 1259 574 circa
1278 541 1356 577 vitri
1375 541 1476 578 latera

91 589 267 628 consistere.

124 640 326 683 Tertio,hinc
340 639 377 674 fit
391 651 427 674 ut
442 639 655 688 hydrargyrus
666 637 748 673 tubo
758 638 865 672 vitreo
875 648 930 672 aut
942 636 1062 686 scypho
1076 639 1238 675 conclusus
1255 642 1339 675 circa
1352 639 1396 675 sui
1407 652 1475 675 me-

89 688 180 722 dium
188 687 363 724 attollatur.
378 690 458 724 Non
468 691 555 723 enim
568 699 636 723 tam
649 697 725 736 apte
743 699 815 721 cum
830 689 916 721 virro
926 686 1068 723 cohaeret
1079 716 1089 730 ‚
1101 698 1202 735 atque
1211 700 1291 736 aqua
1306 687 1370 737 ipsa
1380 717 1389 731 ,
1400 701 1473 736 quae

78 737 166 773 'mitri
180 748 275 784 potos
285 736 380 773 subit.
400 738 501 774 Unde
510 749 564 772 aer
583 738 665 772 intra
675 736 908 785 hydrargyrum
921 740 955 772 &
965 738 1046 773 *vini
1066 735 1167 771 latera
1179 736 1276 773 facile
1288 736 1318 775 se
1328 737 1474 782 insinuat,

87 783 170 819 illius
180 785 263 820 adeo
273 797 419 822 extrema
430 787 593 834 deprimit.

123 834 349 881 Qarto,cum
369 833 501 885 scyphus
515 838 636 872 vitreus
655 845 739 881 aqua
758 832 931 882 impletur,
946 846 984 868 ea
1008 834 1133 869 videtur
1147 832 1302 883 assurgere
1316 849 1325 871 ε
1338 847 1470 883 praeter-

76 894 187 930 *quam
204 885 293 918 enim
308 896 392 932 aqua
409 885 553 919 tenacius
564 885 648 919 vitro
667 882 811 917 adhaeret
825 911 836 925 ‚
854 894 958 930 partes
974 882 1056 917 illius
1069 883 1216 931 suptemae
1239 883 1281 917 ab
1303 895 1376 918 aere
1389 885 1471 920 dun-

76 931 180 967 *taxat
189 930 347 979 superiore
355 934 628 981 comprimuntur:
647 930 699 966 sed
716 935 783 978 ejus
800 933 959 980 margines
968 931 1114 979 undique
1127 943 1317 980 premuntur
1326 961 1336 976 ‚
1349 935 1471 980 quique

85 979 245 1028 ,subjectus
258 981 301 1016 est
315 993 371 1015 aer
380 1010 390 1025 ,
407 983 438 1018 in
455 993 575 1029 aquam
588 992 660 1029 quae
675 982 751 1016 vitri
766 983 868 1028 tangit
877 992 1019 1016 extrema
1032 1009 1042 1023 ,
1058 983 1142 1016 vires
1162 979 1227 1016 suas
1237 984 1356 1029 promit
1367 996 1374 1018 ε
1385 982 1469 1016 adeo

86 1038 122 1062 ut
136 1040 219 1076 aqua
229 1031 263 1064 in
273 1042 346 1065 eum
358 1029 494 1078 pellatur
505 1028 612 1066 locum
624 1058 635 1073 ‚
649 1028 705 1064 ubi
715 1030 820 1064 minor
830 1029 873 1064 est
885 1028 1009 1076 preffi0.
1029 1031 1120 1065 Hinc
1137 1029 1223 1064 levia
1236 1041 1372 1077 corpora
1383 1042 1471 1077 aquae

88 1076 234 1124 impofita
243 1106 253 1121 ,
263 1090 329 1113 non
341 1079 382 1112 ad
392 1080 468 1114 vitri
485 1080 643 1126 margines
653 1106 663 1120 ,
672 1076 732 1112 ubi
743 1082 848 1124 major
866 1077 913 1111 est
930 1080 1012 1112 aeris
1023 1078 1113 1112 aetio
1126 1106 1136 1120 ,
1148 1077 1199 1112 sed
1212 1078 1251 1111 ad
1261 1080 1382 1112 medias
1395 1091 1471 1126 par-

82 1135 135 1160 tes
150 1125 226 1160 licet
243 1125 373 1161 altiores
384 1126 691 1162 trudunturzcontra
708 1124 864 1160 accidetsi
875 1127 993 1161 vitrum
1013 1126 1210 1173 pinguedine
1225 1125 1400 1169 inficiatur,
1413 1138 1470 1162 aut

82 1172 108 1207 {i
125 1172 218 1209 tubus
235 1174 438 1224 hydrargyro
455 1175 626 1223 repleatur,
641 1187 708 1210 tum
719 1176 807 1210 enim
815 1185 984 1222 argeutum
996 1176 1109 1210 vivum
1121 1187 1188 1210 non
1201 1186 1384 1212 convexam
1393 1202 1404 1218 ,
1413 1174 1468 1211 sed

84 1234 264 1258 concavam
274 1221 408 1271 figuram
419 1223 551 1260 affeetat
565 1252 575 1267 ,
588 1224 676 1270 quod
695 1221 742 1257 illi
762 1222 849 1257 male
866 1235 938 1259 cum
956 1224 1042 1256 vitro
1055 1224 1239 1258 conveniat.

85 1292 90 1299 ι
130 1271 271 1318 Qiiitts,
282 1283 323 1306 ex
341 1273 379 1306 iis
392 1274 496 1308 etiam
515 1272 617 1320 liquet
629 1273 726 1307 curin
736 1269 856 1307 tubulis
868 1271 908 1305 ad
918 1270 1099 1319 lampadem
1113 1269 1187 1306 fusis
1206 1281 1289 1317 aqua
1306 1270 1396 1306 velut
1413 1270 1467 1307 sua

83 1317 200 1367 sponte
217 1331 341 1359 tantum
352 1320 544 1359 ascendat&
561 1319 832 1366 interdumusque
855 1319 896 1354 ad
914 1322 1008 1355 unius
1028 1320 1117 1368 pedis
1129 1318 1335 1354 altitudinem
1351 1333 1358 1354 :
1377 1321 1469 1367 quod

84 1370 282 1404 motusaeris
292 1371 326 1404 in
337 1371 371 1404 iis
385 1369 507 1405 tubulis
523 1369 662 1405 multum
680 1369 881 1416 impediatur.
907 1371 996 1404 Hinc
1022 1381 1106 1416 aqua
1135 1371 1217 1403 circa
1233 1366 1339 1402 tubuli
1365 1368 1466 1403 latera

86 1415 206 1462 quibus
224 1416 321 1453 facile
331 1418 492 1463 adhaeret,
525 1417 659 1453 aulatim
675 1416 832 1453 attollitur
843 1445 853 1460 ,
866 1428 962 1464 atque
978 1417 1066 1452 idem
1083 1416 1151 1451 fere
1166 1415 1222 1452 -hic
1233 1416 1350 1450 accidit
1366 1445 1376 1459 ‚
1389 1429 1426 1452 ac
1444 1416 1467 1452 fi

84 1464 291 1502 duaelaminae
306 1478 382 1514 apte
405 1431 617 1516 complanatae
625 1478 712 1514 aquae
726 1469 885 1504 innatent:
902 1477 972 1500 tum
983 1467 1075 1501 enim
1086 1477 1141 1500 aer
1149 1465 1275 1500 facilius
1287 1467 1409 1500 circum
1419 1465 1466 1500 la-

86 1514 187 1548 minas
200 1514 385 1551 movebitur
399 1544 409 1559 ,
421 1529 519 1562 quam
535 1527 592 1565 per
601 1518 815 1563 interceptam
828 1514 999 1549 rimulam:
1016 1514 1234 1562 unde&aqua
1250 1516 1355 1549 minus
1365 1526 1406 1549 eo
1415 1514 1466 1549 lo-

83 1564 116 1596 ci
139 1561 236 1610 pressa
246 1564 412 1611 -paulatim
425 1563 559 1612 assurget
576 1564 658 1598 ultra
670 1563 794 1596 solitam
810 1562 1028 1597 altitudinem.

84 1642 87 1646 s
121 1612 221 1649 Sexto
235 1640 244 1654 ,
261 1614 342 1647 ratio
358 1612 490 1647 obscura
507 1611 569 1647 eise
585 1624 653 1647 non
671 1611 772 1659 potest
792 1623 846 1645 cur
863 1613 896 1645 in
909 1609 1052 1658 syphone
1063 1609 1188 1646 inverso
1199 1638 1209 1653 ‚
1228 1614 1310 1657 cujus
1326 1609 1463 1644 alterum

87 1656 167 1693 latus
177 1658 213 1693 sit
224 1660 317 1694 valde
326 1663 489 1709 angustum
502 1690 512 1704 ,
525 1672 608 1708 aqua
620 1673 687 1700 non
703 1659 742 1693 ad
760 1659 905 1694 libellam
919 1688 927 1702 ‚
943 1658 994 1693 sed
1014 1659 1108 1694 altius
1124 1661 1158 1694 in
1173 1659 1391 1708 angustiorem
1413 1670 1464 1692 tu-

87 1705 166 1742 bum
176 1707 340 1744 ascendat:
353 1710 441 1757 quod
464 1709 618 1757 lateribus
640 1710 715 1742 vitri
730 1710 829 1756 magis
844 1708 997 1742 inhaereat
1010 1736 1018 1750 ‚
1032 1719 1140 1754 neque
1153 1707 1194 1742 ab
1205 1719 1277 1742 aere
1292 1707 1465 1741 circumfu-

85 1754 118 1789 so
133 1766 254 1791 tantum
268 1769 429 1806 prematur
442 1756 739 1805 ,atque‘in‘latiore
759 1756 856 1792 tubo:
879 1755 977 1803 idque
994 1758 1133 1791 maxime
1150 1758 1259 1791 evenit
1274 1768 1348 1789 cum
1364 1767 1463 1803 angu-

83 1802 156 1838 stior
163 1805 258 1845 subus
266 1812 340 1851 -J'am
359 1818 441 1853 aqua
458 1807 602 1841 madidus
613 1806 667 1848 est,
681 1818 748 1840 non
757 1807 836 1839 item
850 1803 870 1839 fi
888 1805 1084 1853 pinguedine
1103 1804 1261 1840 inficiatur
1275 1817 1283 1839 ε
1296 1816 1362 1838 tum
1375 1807 1461 1838 enim

85 1854 412 1897 aquauonascendir.
436 1856 542 1901 Atque
556 1855 695 1889 eandem
717 1853 762 1888 ob
781 1857 942 1889 rationem
962 1853 1176 1902 hydrargyrus
1197 1856 1230 1888 in
1245 1852 1462 1901 angustiorem

86 1899 202 1934 tubum
214 1902 301 1944 adeo
319 1917 383 1938 non
395 1901 534 1938 ascendit
555 1931 564 1946 ‚
583 1914 619 1938 ut
635 1903 721 1938 infra
737 1901 882 1939 libellam
899 1902 1096 1950 deprimatur
1111 1931 1120 1945 ‚
1135 1908 1169 1940 δε
1189 1904 1222 1937 in
1243 1906 1364 1949 majore
1381 1900 1461 1935 tubo

85 1945 124 1981 fit
134 1947 244 1990 altior:
255 1953 350 1999 quod
367 1952 450 1986 illius
462 1951 623 1999 particulae
636 1964 731 2000 poros
739 1954 820 1987 -vitri
831 1949 936 1985 subire
947 1964 1014 1987 non
1028 1950 1152 2000 *poffint
1163 1981 1172 1995 ‚
1190 1951 1292 1998 iisque
1315 1948 1464 1984 sustenta-

86 1997 122 2032 ri.
145 1996 243 2032 Unde
261 2001 327 2036 aeri
343 2003 426 2033 inter
440 2000 675 2047 hydrargyrum
687 2006 740 2044 ,ὃς
752 2002 827 2036 vitri
839 2001 938 2035 latera
955 2011 1043 2047 patet
1054 2001 1156 2036 aditus
1168 2029 1178 2042 ‚
1194 2000 1310 2047 hicque
1328 1999 1461 2047 hydrar-

85 2047 156 2095 gyri
168 2055 311 2081 extrema
323 2046 474 2095 deprimit
485 2076 494 2090 ‚
512 2054 546 2084 &
563 2049 654 2082 instar
665 2053 758 2084 cunei
771 2062 927 2086 extremas
941 2048 1130 2098 hydrargyri
1149 2061 1254 2098 partes
1272 2048 1291 2084 a
1307 2050 1393 2081 vitro
1411 2059 1463 2081 re-

85 2095 198 2127 movet
209 2109 218 2135 3
229 2094 355 2129 uudein
374 2096 579 2144 mediorscypi
595 2100 769 2133 vitrei-non
779 2109 951 2135 excavatur
965 2127 975 2142 ‚
993 2097 1045 2132 sed
1066 2098 1216 2134 nonnihil
1232 2096 1390 2132 attollitur
1402 2114 1410 2138 ;
1423 2098 1458 2130 in

85 2139 162 2175 vasis
174 2141 340 2177 metallicis
350 2172 359 2186 ,
372 2142 393 2178 fi
406 2143 527 2178 ferrum
537 2149 695 2193 exceperis
705 2176 713 2189 ‚
724 2147 809 2183 ultro
822 2147 1015 2183 diffunditur.
1042 2146 1214 2183 Craffiores
1230 2148 1316 2180 enim
1336 2143 1402 2178 sunt
1417 2143 1457 2176 il.-

85 2188 144 2223 lius
158 2202 261 2238 partes
272 2220 281 2234 ‚
297 2203 394 2237 quam
411 2204 445 2227 ut
462 2195 545 2227 vitro
561 2194 654 2228 instar
669 2207 756 2241 aquae
770 2196 980 2231 adhaerescant
991 2225 1001 2240 ,
1015 2208 1069 2231 aut
1089 2196 1171 2231 illius
1192 2206 1288 2242 poros
1303 2191 1455 2228 subeant:

84 2236 138 2271 sed
152 2242 181 2272 ei
198 2252 272 2275 cum
285 2241 423 2276 metallis
443 2243 565 2289 optime
580 2245 742 2278 con-venit.

120 2288 371 2330 Postremo‚hinc
388 2290 483 2324 multi
492 2302 607 2326 naturae
621 2291 752 2326 effeetus
764 2294 862 2327 etiam
876 2293 1064 2328 occultiores
1078 2290 1148 2325 satis
1160 2301 1235 2337 apte
1248 2286 1455 2336 explicantur,

85 2336 172 2370 Hinc
190 2338 275 2372 enim
290 2336 327 2372 fit
339 2349 373 2373 ut
395 2351 469 2374 acus
482 2339 648 2387 chalybeae
663 2352 752 2387 aquae
764 2342 927 2377 innateut:
943 2342 1030 2388 quod
1051 2352 1104 2375 aer
1125 2336 1408 2421 inteprfchilybem
1422 2342 1456 2374 &-

1258 2399 1289 2434 llJ
