1878 2724
388 168 441 212 532
937 157 962 191 P
972 157 1006 192 H
1017 157 1047 191 Y
1061 156 1103 191 Sl
1116 155 1146 190 C
1159 157 1199 189 AE

388 217 529 248 {notatus
540 208 648 245 tamen
664 208 672 251 ᾗ
685 207 772 254 cupri
784 204 874 253 sapor
890 206 942 239 vix
953 204 1027 247 ferri
1042 204 1152 253 potest.
1172 200 1335 251 Crystallis
1347 200 1425 236 lunae
1437 200 1566 237 affimde
1579 203 1714 238 muriam
1723 214 1769 239 'ex

388 244 472 308 aqzha
483 265 515 296 ει
529 258 588 292 sale
600 256 763 290 communi
781 252 1009 302 compositam,
1022 252 1139 289 exlicca
1149 281 1158 295 ,
1183 264 1252 286 tum
1268 252 1300 285 in
1314 249 1480 285 crucibulo
1495 250 1593 285 funde
1607 264 1616 287 :
1631 252 1694 286 haec
1707 255 1769 286 mi-

388 311 469 344 stura
482 336 492 350 ,
506 318 574 353 qux
592 304 778 353 refrigerata
799 301 970 337 indurescit
984 331 994 345 ‚
1006 301 1079 337 luna
1090 313 1208 336 cornea
1220 302 1396 343 vocitatur,
1410 311 1513 346 eaque
1525 302 1659 334 omnino
1672 300 1712 334 est
1721 302 1770 336 in-

386 357 480 404 sipida
498 368 505 389 :
524 352 648 388 tametsi
665 365 703 387 ex
717 350 833 399 duplici
845 363 979 399 corpore
991 364 1056 386 uno
1073 349 1249 385 admodum
1268 360 1377 382 amaro
1392 376 1402 391 ,
1424 348 1527 383 altero
1551 350 1616 381 acti
1631 348 1768 384 constet.

386 404 488 451 Qod
506 401 527 437 fi
548 415 584 438 ex
600 402 677 436 lunae
690 401 741 435 seu
751 402 874 448 argenti
887 400 1059 448 crystallis,
1080 402 1154 448 igne
1174 410 1296 440 arenae,
1324 397 1376 431 sed
1401 396 1472 431 satis
1497 395 1605 430 valido
1630 394 1771 443 spiritum

386 455 479 495 nitri,
490 463 544 486 aut
554 463 672 498 aquam
683 450 802 485 fortem
818 449 949 483 distilles
968 477 978 492 ,
989 460 1157 496 argentum
1172 445 1319 482 manebit
1333 444 1498 494 insipidum
1514 450 1546 481 ὃς
1565 442 1687 492 spiritus
1709 448 1772 480 erit

384 500 572 537 acidiffimus
590 499 713 546 3sicque
724 509 836 545 corpus
847 509 990 532 amarum
1004 499 1036 532 in
1054 498 1137 541 duo,
1152 507 1287 543 quorum
1297 507 1395 530 unum
1410 494 1456 528 est
1473 492 1640 541 insipidum
1657 522 1667 536 ,
1692 494 1770 528 alre-

385 563 454 586 rum
468 550 591 584 acidum
607 578 616 592 ‚
643 547 821 583 resolvitur.
831 548 964 581 Ziucum
978 548 1093 593 quovis
1102 546 1195 579 acido
1205 547 1273 579 imo
1285 549 1318 580 δε
1327 543 1452 579 urinoso
1464 541 1572 591 spiritu
1583 541 1770 585 dilsolvitur‚

387 606 423 637 &
433 601 533 633 varias
544 597 688 646 saporum
701 594 896 631 differentias
909 594 1004 629 subit.
1021 603 1049 640 30
1062 596 1197 642 Spiritus
1209 595 1276 629 vini
1287 592 1409 641 spiritui
1426 593 1519 634 nitri,
1532 602 1584 625 aut
1601 603 1690 637 aquae
1705 591 1772 626 for-

387 651 410 683 ti
425 647 580 696 paulatim
594 645 706 681 affusus
718 673 728 688 ,
740 658 805 680 non
816 642 976 678 'intensum
990 642 1089 678 modo
1103 642 1241 678 calorem
1252 652 1419 690 procreat,
1438 640 1488 675 sed
1505 639 1650 674 vinosum
1661 645 1692 676 &
1701 652 1772 688 gra..

387 709 456 731 tum
466 695 610 742 saporem
623 725 631 738 ‚
641 695 810 742 postquam
818 691 916 727 ambo
933 692 1073 726 distillari
1091 691 1222 727 fuerint.
1235 693 1300 727 Hic
1310 691 1352 725 est
1366 689 1485 738 spiritus
1494 691 1580 732 nitri,
1590 701 1688 736 quem
1699 688 1774 738 Syl,

385 748 457 780 vius
469 750 501 782 ὃς
511 744 564 778 alii
578 745 703 778 Medici
713 743 840 776 dulcem
855 752 974 777 vocant
983 769 992 784 ‚
1012 746 1046 777 δέ
1057 752 1107 775 tot
1122 740 1245 776 morbis
1256 738 1368 774 utilem
1385 739 1576 787 praedicant:
1596 737 1711 773 eadem
1723 749 1774 772 ra-

389 796 477 828 tione
493 805 540 827 ars
555 794 675 827 imitari
690 791 793 839 potest
810 801 957 825 naturam
975 791 1006 824 in
1024 788 1188 838 saporibus
1207 788 1418 838 procreandis,
1447 789 1500 822 Sic
1525 785 1620 834 sinapi
1639 798 1773 834 granum

388 855 461 877 cum
476 847 622 890 pomario
635 841 764 875 mistum
782 867 791 882 ‚
806 844 839 875 &
851 838 1083 873 fermentatum
1096 839 1162 873 allii
1173 837 1319 887 saporem
1336 854 1344 878 3
1363 836 1470 872 semen
1481 836 1595 877 dauci,
1619 846 1650 870 v.
1674 835 1775 883 paste-

391 890 491 933 nade,
505 903 577 925 cum
591 887 739 923 cerevisia
753 886 1000 923 fermentescens
1019 886 1163 934 saporem
1177 889 1352 935 gratiorem
1366 915 1376 931 ‚
1403 884 1489 933 quasi
1503 884 1583 918 succi
1600 884 1616 919 ὲ
1633 883 1772 919 limoniis

386 940 526 975 extrasti
545 937 706 974 conciliat.

900 1033 931 1069 C
958 1033 987 1067 A
1015 1033 1037 1069 P
1061 1031 1096 1069 U
1119 1032 1149 1067 T
1219 1033 1297 1067 115

963 1130 1018 1163 De
1040 1128 1199 1165 odoribus.

392 1232 458 1310 IN
472 1230 535 1265 hoc
553 1230 693 1265 maxime
713 1227 733 1263 -ἷι
752 1227 916 1276 saporibus
932 1228 1047 1262 odores
1072 1226 1251 1275 discrepant
1270 1253 1282 1268 ‚
1297 1226 1383 1272 quod
1406 1224 1508 1260 hifint
1524 1227 1682 1262 tenuiores
1697 1254 1707 1271 ,
1725 1227 1772 1263 illi

425 1277 602 1314 crassiores:
620 1276 671 1312 sed
684 1279 809 1324 utrique
819 1290 858 1312 ex
877 1276 988 1312 iisdem
1000 1277 1165 1324 principiis
1178 1276 1306 1317 activis,
1321 1286 1378 1309 aut
1392 1287 1430 1309 ex
1441 1274 1532 1309 simili
1551 1275 1620 1311 fere
1633 1278 1771 1324 partium

389 1327 646 1376 configuratione
660 1329 816 1361 oriuntur.
845 1328 897 1361 De
916 1325 1071 1360 odoribus
1094 1327 1203 1371 itaque
1239 1335 1396 1372 perpauca
1420 1323 1562 1358 dicemus
1581 1351 1592 1367 ,
1619 1336 1691 1359 curn
1720 1337 1774 1360 ea-

389 1378 464 1412 dem
477 1379 513 1410 iis
531 1375 567 1410 fit
578 1377 670 1424 origo
689 1387 758 1422 quae
779 1373 950 1423 saporibus.

437 1427 484 1460 Ac
496 1427 637 1472 primum
655 1423 732 1458 illud
747 1435 869 1458 certum
883 1423 1022 1466 videtur,
1034 1423 1169 1457 odorem
1180 1433 1252 1456 curn
1270 1420 1468 1456 substantiali
1486 1419 1604 1456 effluxu
1617 1420 1676 1456 esse
1690 1433 1770 1458 con-

384 1476 531 1521 junQum
559 1485 654 1508 :nam
677 1473 838 1508 contrario
859 1484 960 1508 vento
981 1470 1124 1506 difflatur
1136 1499 1146 1513 ‚
1164 1482 1263 1505 vento
1279 1470 1418 1505 secundo
1428 1470 1606 1506 advehitur.
1624 1471 1775 1518 Qaeque

389 1523 489 1558 odora
506 1520 577 1557 sunt
597 1550 606 1563 ,
624 1521 681 1557 nisi
708 1523 838 1557 mitiori
861 1521 1000 1555 custodia
1018 1520 1181 1555 serventur
1198 1546 1208 1562 ,
1223 1518 1312 1554 suum
1330 1519 1464 1552 odorem
1482 1531 1531 1553 ma
1557 1531 1596 1553 na
1622 1532 1660 1554 ex
1684 1531 1773 1567 parte

389 1573 562 1606 amittunt:
574 1569 648 1605 cum
661 1570 797 1604 humore
810 1569 927 1618 frigido
944 1569 1177 1618 perfunduntur
1188 1596 1197 1611 ‚
1212 1570 1266 1603 vix
1280 1568 1415 1602 odorem
1425 1566 1512 1602 suum
1545 1571 1774 1616 pargunt.Nec

391 1631 500 1654 tamen
513 1617 635 1654 necesse
650 1619 694 1653 est
707 1630 829 1654 novum
845 1618 981 1653 halitum
991 1621 1059 1667 jugi
1075 1623 1108 1655 &
1122 1620 1254 1662 perenni
1268 1617 1355 1652 fluxu
1377 1628 1415 1650 ex
1427 1616 1624 1651 aromatibus
1635 1646 1644 1661 ,
1661 1630 1716 1653 aut
1732 1617 1771 1652 li-

389 1671 460 1716 gnis
471 1667 643 1702 odoriferis
661 1672 863 1702 continenter
876 1665 1032 1703 diffundi:
1051 1666 1101 1701 sed
1115 1665 1183 1701 fieri
1194 1666 1294 1713 potest
1303 1676 1337 1699 ut
1349 1677 1389 1700 ex
1403 1665 1592 1712 sulphureis,
1613 1671 1646 1702 δε
1659 1665 1772 1702 oleofis

390 1715 576 1764 corporibus
586 1714 693 1751 viscosi
710 1716 827 1750 halitus
838 1728 1026 1764 erumpant,
1039 1717 1097 1763 qui
1124 1727 1233 1751 tamen
1249 1714 1270 1750 εὶ
1288 1714 1345 1748 suis
1360 1713 1504 1749 fontibus
1523 1725 1590 1749 non
1605 1713 1699 1749 facile
1721 1715 1773 1749 di-

392 1765 572 1801 vellantur:
599 1769 685 1812 cujus
712 1767 837 1813 generis
857 1763 987 1801 effluvia
1009 1765 1026 1801 ὲ
1049 1763 1237 1813 corporibus
1259 1763 1415 1799 eleaticis
1448 1774 1616 1810 erumpere
1636 1763 1774 1800 ostendi·

390 1827 460 1849 mus

439 1858 472 1900 ιζ
496 1862 627 1896 Odores
640 1890 650 1905 ,
665 1873 701 1896 ut
714 1861 837 1908 sapores
852 1860 1124 1909 spiritu‚sulphure
1136 1891 1145 1905 ,
1159 1867 1192 1898 &
1205 1861 1266 1895 sale
1279 1862 1438 1895 contineri
1452 1860 1621 1895 verifimile
1632 1860 1774 1904 videtur3

389 1910 445 1944 illa
464 1912 551 1944 euim
560 1909 629 1956 plus
645 1911 752 1943 odoris
764 1908 904 1943 fundunt
917 1937 926 1951 ‚
946 1911 978 1943 in
994 1910 1110 1955 quibus
1125 1921 1181 1943 aut
1197 1909 1333 1956 spiritus,
1347 1918 1400 1941 aut
1413 1906 1544 1953 sulphur
1565 1908 1608 1943 est
1624 1908 1774 1952 uberius;

390 1969 528 2003 tumque
537 1968 643 2004 gratus
658 1957 704 1991 est
719 1984 730 1999 ,
749 1961 782 1992 &
795 1955 916 1990 sensum
930 1956 1091 1992 demulcet
1106 1958 1187 1992 odor
1199 1985 1208 1999 ,
1231 1969 1303 1991 cum
1318 1968 1388 2004 pars
1401 1954 1553 2004 sulphuris
1572 1959 1680 2004 purior
1699 1969 1773 1992 cum

387 2005 496 2054 spiritu
515 2005 687 2041 exhalatur.
708 2005 770 2040 Sed
787 2002 916 2040 crassum
938 2003 1063 2052 sulphur
1077 2005 1138 2041 sale
1167 2005 1354 2040 aculeatum.
1369 2003 1532 2053 insigniter
1553 2005 1659 2042 foetet.

428 2069 471 2099 50.
493 2054 649 2101 Pleraque
667 2065 799 2101 corpora
809 2065 883 2087 cum
901 2056 1031 2101 propius
1047 2055 1262 2089 admoventur
1272 2082 1282 2097 ,
1297 2055 1402 2089 minus
1415 2065 1542 2102 gratum
1553 2055 1688 2090 odorem
1698 2055 1773 2090 fun-

385 2104 469 2138 dunt
487 2116 583 2147 quam
602 2102 655 2136 ubi
668 2101 738 2137 sunt
748 2105 934 2137 remotiora.
951 2104 1040 2138 Nam
1055 2114 1167 2139 tenues
1183 2103 1307 2152 spiritus
1325 2102 1483 2138 olfacrum
1501 2108 1631 2149 juvant,
1645 2102 1773 2140 craffio-

390 2164 441 2186 res
463 2150 633 2188 offendunt
650 2165 658 2186 ε
676 2162 781 2185 motus
798 2153 898 2184 etiam
916 2155 950 2186 &
971 2151 1182 2188 fermentatio
1199 2152 1314 2187 odores
1331 2150 1502 2199 plurimum
1522 2153 1701 2188 intendunt.
1720 2154 1774 2187 Sic

390 2213 460 2235 uvae
473 2211 547 2236 ante
562 2201 669 2234 omnis
686 2200 793 2233 odoris
815 2210 959 2246 expertes
972 2227 981 2241 ‚
999 2200 1056 2234 ubi
1071 2201 1208 2236 contusae
1226 2200 1366 2244 fuerint,
1392 2199 1641 2236 fermentescunt
1656 2218 1665 2244 3
1681 2202 1772 2250 panis

391 2248 456 2296 ipse
467 2278 476 2292 ,
491 2248 559 2283 calx
572 2260 644 2282 cum
654 2260 735 2294 aqua
744 2247 874 2281 diluitur
887 2276 896 2291 ‚
913 2253 946 2284 ὃ(
960 2247 1021 2282 alia
1045 2250 1075 2283 id
1092 2262 1192 2298 genus
1211 2248 1351 2296 plurima
1363 2261 1401 2283 ex
1423 2248 1670 2285 fermentatione
1686 2248 1772 2284 odo-

388 2310 458 2333 rem
478 2297 563 2331 suum
579 2296 674 2344 longe
693 2296 823 2343 lateque
834 2295 992 2346 spargunt.
1006 2300 1127 2347 Neque
1141 2299 1172 2333 id
1184 2310 1239 2333 eos
1253 2298 1335 2347 fugit
1344 2299 1398 2345 qui
1410 2310 1570 2345 unguenta
1581 2308 1772 2346 temperant:

384 2344 496 2379 ambra
511 2348 617 2392 ignavi
628 2347 674 2380 est
692 2345 819 2381 odoris:
835 2344 991 2381 Zibetum
1004 2376 1013 2392 ‚
1037 2361 1064 2383 v.
1084 2351 1216 2390 civette,
1234 2360 1301 2395 quo
1310 2349 1416 2395 purius
1429 2348 1494 2391 est,
1509 2348 1570 2382 hoc
1581 2349 1683 2381 minus
1697 2359 1770 2395 gra-

383 2402 417 2427 te
429 2394 507 2430 olet.
524 2397 567 2431 Ex
580 2393 742 2442 utriusque
757 2405 867 2433 tamen
883 2396 1012 2434 mistura
1023 2397 1106 2433 odor
1115 2395 1304 2447 gratiffinius
1324 2398 1463 2435 exoritur
1478 2410 1486 2432 z
1501 2407 1535 2443 ut
1546 2393 1568 2432 fi
1577 2396 1689 2433 decem
1699 2407 1773 2445 gra-

1866 12 1878 70 »Ἴ
