1878 2724
345 162 402 195 134
683 145 950 181 PHYSICAE
999 142 1336 191 GENERALIS

351 198 497 234 machina
516 197 671 245 purifium
687 195 851 242 quoddam
872 192 1044 228 immobile
1061 223 1070 237 ‚
1092 193 1205 230 saltem
1226 193 1403 231 secundum
1428 194 1506 243 quid
1523 224 1533 239 ,
1552 194 1752 244 supponitur.

353 252 406 284 Sic
419 251 450 282 in
466 249 559 282 veott·
573 246 739 292 quoddam
750 244 794 278 est
811 243 945 278 fulcrum
958 245 1006 276 cui
1017 245 1177 287 innititur,
1187 246 1343 292 quodque
1359 245 1618 293 hypomochlion
1631 256 1753 280 vocant

353 298 552 334 Mcclianici.
572 299 616 329 Ac
638 295 713 328 licet
736 296 769 327 in
787 294 979 341 remigando
995 292 1136 340 palmula
1153 306 1244 340 aquae
1261 295 1411 330 nonnihil
1425 296 1553 330 cedenti
1575 297 1731 330 innitatur
1747 309 1755 331 :

355 360 439 395 aqua
454 358 564 380 tamen
581 346 671 379 vices
685 345 770 391 gerit
791 342 905 386 fulcri,
920 342 972 377 seu
987 344 1091 377 centri
1108 342 1287 378 immobilis
1300 372 1309 386 ‚
1331 356 1490 390 quatenus
1508 356 1545 379 ea
1558 344 1683 380 resistit.
1703 347 1756 379 Sic

355 398 435 432 licet
461 407 575 442 corpus
594 392 755 427 elasticum
776 393 943 427 interdum
966 405 1140 427 moveatur
1154 422 1164 436 ,
1181 404 1215 427 ut
1235 392 1399 427 folliculus
1423 397 1494 427 a'e're
1510 393 1639 431 inflatus
1655 424 1665 438 ,
1687 408 1756 429 non

355 447 512 495 premitur
543 455 655 478 tamen
678 446 751 486 aer,
773 442 825 477 uiri
857 443 968 490 aliquo
992 443 1092 477 modo
1111 444 1217 477 motui
1241 441 1335 477 totali
1349 441 1483 479 resistat.

396 508 427 536 3.
442 493 618 529 Elaterium
634 495 700 527 vim
720 492 808 527 suam
825 506 892 527 non
911 495 945 527 in
967 504 1079 528 omnes
1094 504 1200 540 partes
1221 505 1259 526 ex
1282 505 1376 540 aequo
1394 496 1498 528 exerit
1511 523 1521 537 ,
1549 493 1600 528 sed
1628 497 1660 530 in
1683 507 1763 531 eam.

354 545 496 580 maxime
511 573 519 585 ,
538 542 594 578 ubi
611 544 736 586 minor,
755 554 810 577 aut
829 541 917 577 nulla
936 543 982 576 est
1002 541 1188 577 refistentia.
1208 545 1260 577 Sic
1276 555 1392 591 corpus
1414 541 1580 578 elasticum
1596 546 1678 578 inter
1693 544 1758 578 duo

354 606 491 642 corpora
504 592 643 641 positum
659 594 726 626 vim
741 591 826 626 suam
844 594 876 626 in
889 605 1005 640 corpus
1017 622 1025 635 ‚
1045 593 1210 638 quodnon
1227 593 1309 626 adeo
1318 592 1438 636 obstat,
1455 595 1595 628 maxime
1610 593 1755 628 effundit.

356 640 499 690 Qod'fi
513 656 613 678 unum
628 654 742 690 corpus
757 641 792 676 fit
810 647 908 690 majus
926 642 1049 685 altero,
1074 642 1106 675 id
1120 643 1207 688 quod
1225 643 1331 677 minus
1355 642 1401 676 est
1422 671 1429 684 ‚
1451 642 1522 689 plus
1545 641 1759 691 impressionis

355 693 397 728 ab
411 693 545 727 elaterio
563 693 713 740 accipiet.
735 694 786 726 Sic
805 705 893 726 arcus
912 690 990 725 tenfi
1005 692 1086 726 funis
1101 694 1169 726 vim
1187 705 1322 727 omnem
1341 692 1428 726 suam
1443 691 1562 740 sagittae
1580 695 1761 741 imprimit,

356 743 437 779 nihil
455 742 525 777 fere
535 745 646 776 manui
659 770 667 784 ,
682 742 700 777 ἐι
713 754 777 789 qua
789 743 958 777 retinetur.
968 742 1088 776 Eadem
1100 742 1143 775 est
1156 745 1239 776 ratio
1257 744 1290 776 in
1307 754 1472 776 tormento
1486 739 1614 776 ‘bcllico
1630 744 1761 778 :omnis

356 795 447 828 enim
469 791 538 827 ftre
554 789 719 840 impressio
739 794 770 826 in
793 789 930 839 globum
950 790 1193 825 bombardilem
1208 791 1444 827 transmittitur.
1471 793 1517 827 Ac
1533 803 1626 826 tanto
1643 793 1760 827 fortius

356 842 528 877 elaterium
544 844 577 876 in
592 854 689 890 unam
702 853 828 890 partem
843 843 909 889 agit
927 869 935 883 ‚
956 852 1082 888 quanto
1104 843 1206 890 magis
1226 854 1263 876 ex
1286 841 1389 876 altera
1408 839 1568 878 resistitur.
1597 844 1685 877 Hinc
1704 839 1763 875 ubi

357 894 442 928 inter
460 891 681 927 incedendum
697 920 706 935 ,
722 903 777 925 aur
791 903 874 924 terra
890 890 989 925 lutosa
1005 919 1014 933 ,
1040 902 1095 924 aut
1113 890 1243 926 annosa
1264 893 1398 926 nimium
1418 890 1553 939 pedibus
1568 892 1655 926 cedit
1666 920 1676 934 ‚
1697 892 1771 926 mis

356 954 472 977 norem
490 944 650 989 impetum
664 943 697 975 in
716 939 812 975 nobis
828 939 897 989 ipsis
916 941 1120 988 producimus
1137 953 1145 974 ε
1167 939 1218 975 sed
1239 952 1323 975 totus
1341 941 1409 975 fere
1433 943 1572 989 impetus
1597 943 1630 976 in
1644 952 1761 990 corpus

358 991 459 1028 molle
476 990 669 1026 transfertur
681 1005 688 1026 ε
700 990 785 1026 unde
800 995 833 1026 ὃ(
848 1003 966 1037 magna
977 990 1051 1024 hinc
1064 992 1163 1024 oritur
1179 990 1386 1038 defatigatio.
1793 1031 1796 1034 η

391 1056 426 1088 4.
449 1043 598 1089 Corpora
617 1040 741 1075 elastica
754 1071 762 1084 ,
782 1052 977 1088 quocunque
993 1040 1094 1074 modo
1109 1040 1337 1088 impellantur,
1362 1038 1734 1075 fimiliterinflectuntur
1750 1068 1761 1083 ,

359 1097 393 1128 δε,
404 1091 632 1125 eodemmodo
651 1089 801 1125 resiliunt.
823 1092 874 1125 Sic
889 1102 1046 1136 campana
1072 1090 1214 1126 eundem
1228 1090 1341 1124 sonum
1357 1090 1444 1133 edit,
1461 1090 1762 1137 quomodocunque

357 1142 576 1190 percutiatur;
598 1145 631 1175 δέ
654 1139 733 1174 fides
749 1140 949 1175 instrumenti
968 1137 1094 1174 musici.
1113 1151 1308 1186 quacunque
1333 1142 1460 1174 ratione
1488 1139 1739 1187 perstringantur
1751 1165 1774 1182 ,vr

359 1190 499 1225 eundem
519 1189 632 1224 sonum
648 1189 797 1224 reddunt.
819 1189 971 1236 Cumque
985 1187 1103 1237 globus
1115 1200 1246 1223 manum
1260 1189 1354 1232 ferit,
1379 1187 1557 1224 discernere
1572 1201 1639 1224 non
1655 1186 1763 1235 poffu-

357 1253 428 1274 mus
439 1269 447 1282 ‚
462 1251 519 1287 per
532 1250 631 1285 quam
642 1238 762 1273 lineam
772 1238 810 1272 fit
821 1236 999 1286 impreffi0.
1013 1240 1080 1271 Res
1093 1240 1126 1272 in
1144 1236 1245 1285 figura
1260 1239 1426 1273 delineata
1449 1238 1564 1272 clarior
1580 1235 1776 1286 apparebit„

358 1292 406 1323 Sit
416 1287 572 1336 globulus
591 1288 618 1321 A
631 1316 639 1329 ,
668 1289 723 1333 qui
742 1289 775 1320 in
793 1287 886 1321 chor-
909 1288 973 1340 A⁷
1327 1295 1345 1325 1'
1663 1293 1699 1328 L

358 1340 434 1372 dam
453 1335 576 1371 tensam
599 1336 629 1370 C
642 1338 673 1370 D
694 1337 816 1370 incidat
831 1348 889 1383 per

359 1388 480 1422 lineam
502 1388 526 1420 Α
543 1387 586 1428 Β,
614 1385 698 1419 hinc
727 1398 819 1420 motu
835 1385 888 1420 suo

359 1435 506 1471 infloret
548 1433 727 1469 secundum
766 1435 887 1470 lineam

358 1484 665 1535 perpendicularem
694 1485 717 1517 B
739 1487 760 1519 F
777 1515 786 1529 ‚
815 1498 886 1532 quae

358 1536 484 1583 semper
497 1535 612 1568 eadem
621 1534 684 1578 rest,
697 1547 763 1570 non
775 1534 885 1569 secun-

358 1585 438 1620 dum
450 1585 572 1619 lineam
589 1585 639 1618 BE
648 1583 884 1631 obliquiorem:

358 1635 395 1670 fit
407 1637 497 1669 enim
513 1644 620 1667 motus
634 1632 762 1667 facilior
776 1664 784 1677 ,
801 1639 835 1670 &
847 1633 886 1668 li-
939 1655 971 1690 C
1660 1638 1699 1673 D

358 1698 418 1720 nea
438 1683 468 1718 C
485 1686 508 1718 B
521 1686 626 1717 minus
644 1682 792 1727 extensa,
810 1696 885 1718 cum

357 1736 515 1783 punitum
539 1735 563 1767 B
588 1733 759 1767 adducitur
777 1735 812 1768 in
835 1735 857 1768 F
875 1762 885 1775 ‚
1314 1752 1350 1790 F
1379 1743 1418 1777 Ε

355 1781 487 1831 quamsi
503 1792 689 1816 moveretur
709 1783 740 1815 in
766 1784 789 1816 Ε
816 1793 875 1829 per

357 1833 480 1868 lineam
500 1834 524 1865 B
540 1832 574 1866 E.
590 1831 678 1864 Hinc
695 1829 732 1865 fit
754 1842 789 1865 ut
804 1832 835 1865 in
852 1829 928 1864 ludo
943 1829 1156 1873 rudiculario‚
1178 1843 1210 1864 v-
1229 1829 1257 1861 le
1273 1827 1409 1871 billara',
1433 1840 1507 1863 cum
1528 1828 1647 1877 globus
1665 1831 1695 1864 A
1719 1843 1763 1868 ex

358 1881 498 1928 obliquo
517 1881 670 1927 impingit
689 1881 721 1914 in
736 1878 905 1929 globulum
916 1883 949 1916 in
967 1882 1090 1929 punsto
1104 1882 1128 1915 B
1141 1877 1276 1928 pofitum
1289 1907 1298 1922 ,
1318 1877 1403 1913 hunc
1413 1890 1471 1926 per
1488 1877 1608 1914 lineam
1622 1891 1763 1927 perpen-

360 1930 536 1965 dicularem
551 1931 574 1962 B
588 1931 607 1963 F
626 1932 669 1963 im
696 1929 782 1966 ellat.

384 1983 464 2030 Jam
484 1980 557 2014 hinc
576 1979 644 2013 duae
672 1978 867 2015 uboriuntur
891 1980 1085 2029 quaestiones
1101 1980 1207 2015 solutu
1226 1979 1297 2014 satis
1314 1976 1461 2013 difficiles
1481 1993 1489 2015 :
1511 1977 1654 2027 primum
1673 1981 1762 2014 enim

359 2031 511 2078 quaeritur
521 2042 561 2063 an
576 2033 683 2063 omnis
695 2028 827 2064 reflexio
837 2030 877 2064 ab
892 2031 1027 2066 elaterio
1039 2029 1255 2078 proficiscatur
1272 2044 1278 2063 :
1292 2029 1376 2063 adeo
1393 2040 1428 2062 ut
1437 2041 1552 2077 corpus
1561 2026 1761 2063 duriffimum

361 2086 395 2117 &c
413 2078 593 2114 inflexibile
611 2107 620 2121 ‚
643 2077 664 2112 si
684 2081 771 2126 quod
790 2078 886 2123 effer,
911 2083 944 2116 in
965 2080 1053 2115 aliud
1074 2092 1212 2128 quoque
1232 2080 1348 2114 itidem
1371 2077 1551 2112 inflexibile
1581 2080 1760 2126 impertitum

358 2143 426 2166 non
443 2127 584 2163 resiliret.
600 2128 748 2163 Secundo
765 2130 795 2163 id
810 2142 944 2179 quoque
953 2131 1054 2179 quaeri
1071 2130 1168 2174 solet,
1186 2142 1228 2165 an
1244 2131 1275 2165 in
1290 2129 1413 2178 pumero
1435 2128 1617 2165 reflexionis
1638 2126 1763 2174 aliquid

360 2181 478 2227 quietis
503 2178 694 2215 intercedat.
713 2180 761 2213 Sit
777 2181 874 2228 igitur

931 2231 1043 2265 Prima
1057 2230 1228 2276 Conclnfio.

395 2330 549 2374 Corporis
560 2328 694 2365 reflexio
704 2329 880 2378 plurimum
899 2330 1022 2379 pendet
1033 2327 1074 2362 ab
1088 2327 1243 2368 elaterio:
1255 2329 1306 2365 sed
1319 2328 1338 2364 fi
1350 2327 1473 2364 nullum
1485 2326 1564 2361 esset
1574 2326 1757 2371 elaterium,

361 2390 426 2411 non
442 2378 563 2412 idcirco
587 2392 692 2414 motus
709 2383 814 2414 omnis
832 2383 1072 2431 extingueretur
1090 2393 1098 2415 ε
1116 2379 1232 2418 verum
1258 2381 1400 2428 corporis
1422 2375 1609 2415 inflexibilis
1629 2375 1758 2412 occursu

362 2439 476 2474 corpus
490 2428 667 2476 impaitum
683 2428 825 2468 resiliret.
