1878 2724
118 206 174 243 sua
189 208 331 257 stagnare
345 206 381 242 (it
390 206 611 251 coactus,dum
625 207 725 242 serum
738 220 793 255 per
804 221 929 243 meatus
939 207 995 243 fibi
1007 218 1136 255 aptatos
1149 236 1158 251 ‚
1172 206 1262 242 velut
1273 206 1428 243 filttatnm
1440 176 1529 245 viani

91 290 95 293 .
120 256 180 294 fibi
191 260 320 294 muniit.
335 260 388 292 Sic
398 257 488 293 fasto
501 259 532 292 in
544 257 660 291 dextro
673 257 813 291 thoracis
827 257 926 292 latere
940 287 950 301 ,
966 257 1063 306 paulo
1078 258 1162 292 infra
1175 258 1277 292 cordis
1288 260 1455 307 regionem
1477 259 1531 294 fo-

121 310 264 351 tamine,
277 307 407 342 alterius
416 308 502 342 canis
518 318 635 342 venam
651 318 765 342 cavam
783 306 900 343 arctius
916 307 1040 356 ligavit.
1051 307 1196 342 Consum
1209 307 1343 343 vulnere
1361 309 1446 341 canis
1458 307 1527 342 lan-

122 356 275 406 guescens
287 386 296 400 ‚
310 363 344 394 &
355 355 420 391 sine
432 355 552 405 ejulatu
562 355 709 390 fatiscens
722 358 807 391 intra
821 369 936 405 paucas
950 358 1044 392 horas
1060 359 1230 405 expiravit.
1250 360 1286 391 ln
1301 357 1422 392 diffeffi
1437 361 1524 392 canis

122 405 303 441 abdomine
321 418 438 456 magna
457 405 518 441 seri
531 407 625 453 copia
642 404 708 441 visa
718 405 764 439 est
775 405 879 452 ,quali
889 408 944 441 diu
956 405 1303 454 hydropelaboraffet:
1319 407 1446 440 adeout
1457 405 1526 441 for-

126 456 158 491 te
175 456 250 490 hinc
262 456 414 505 hydropis
429 454 519 489 causa
533 467 572 488 ex
581 467 671 502 parte
681 455 753 489 duci
763 454 876 503 possit:
889 468 998 503 neque
1013 458 1102 491 enirn
1112 485 1123 500 ‚
1150 468 1187 491 ut
1201 454 1361 504 plerisque
1379 456 1526 501 videtur,

124 517 168 540 ex
182 507 282 554 ruptis
298 504 375 539 vasis
396 504 602 553 lymphaticis
618 504 762 553 hydrops
782 505 906 554 semper
932 517 1140 554 procreatur,
1164 518 1238 540 cum
1263 508 1297 540 in
1326 503 1446 539 ovibus
1465 505 1528 540 hoc

98 590 105 598 *-
124 553 246 590 morbo
264 553 486 590 laborantibus
512 552 583 589 vasa
606 553 806 603 lymphatica
827 560 860 593 &
881 557 1027 605 integra,
1051 560 1085 593 &
1111 554 1208 604 plena
1226 555 1314 590 idem
1329 556 1451 590 Austor
1475 556 1525 590 in-

126 615 266 640 venerit.
1284 614 1286 617 ·

158 654 323 688 Interdum
335 655 434 688 etiam
445 657 558 689 evenit
567 665 602 689 ut
613 652 734 701 sanguis
745 654 848 688 nimio
859 652 926 689 sero
942 683 952 697 ,
962 659 996 692 ὃς
1009 667 1049 689 eo
1059 656 1202 689 maxime
1223 656 1281 701 qui
1295 667 1364 689 non
1383 652 1527 689 concres-

124 705 171 737 cit
180 731 188 746 ‚
206 702 362 746 diluatur,
384 715 519 752 tumque
529 716 589 739 nec
601 703 703 753 pulsus
718 703 824 738 cordis
838 702 910 738 satis
925 715 1060 754 vegetus
1073 704 1120 738 est
1134 731 1144 746 ‚
1157 715 1217 738 nec
1229 704 1349 752 sanguis
1362 702 1460 738 facile
1471 715 1527 751 per

125 764 227 788 venas
240 764 372 788 remeat.
385 754 484 789 Unde
502 755 539 788 iis
551 756 657 801 quiex
671 752 790 787 morbo
805 752 1055 797 convalescunt,
1072 764 1127 787 aut
1141 751 1271 788 infirmo
1290 753 1360 787 sunt
1378 764 1528 800 corpore,

125 801 196 850 post
209 804 359 836 exercitia
371 803 468 851 pedes
477 801 558 850 saepe
573 801 800 837 intumescunt.
812 801 980 837 stantibus
991 805 1079 838 enirn
1091 802 1213 851 sanguis
1223 801 1286 837 una
1297 815 1371 836 cum
1383 800 1451 836 sero
1462 801 1528 836 sur-

128 849 193 885 sum
209 852 344 885 nitinon
356 852 471 899 potest.
488 853 551 887 Sed
568 851 660 886 illurn
680 863 770 886 venae
784 851 824 885 ad
839 863 894 885 cor
912 852 1089 895 revehent,
1108 864 1182 886 cum
1205 854 1238 886 in
1255 851 1377 886 lectum
1396 863 1478 899 aeger
1497 849 1528 885 se

127 898 299 935 demiserit.
309 899 434 935 Verum
447 902 488 935 de
497 903 676 936 nutritione
686 927 696 942 ,
708 912 768 934 nec
777 912 843 933 non
856 900 896 932 de
907 898 1066 947 sanguinis
1080 912 1191 934 natura
1206 905 1241 936 &
1252 899 1370 947 analysi
1385 899 1456 934 satis
1469 912 1528 948 pro

127 948 277 983 instituto
287 948 396 982 nostro
410 962 418 983 τ
438 949 667 997 ῐεΙίεῙιιιει,εῃίῐη
679 948 820 983 Medicis
835 947 1059 994 relinquimus,
1075 951 1133 995 qui
1144 960 1178 983 ut
1190 949 1286 983 nobis
1304 949 1444 991 videtur,
1458 960 1530 997 par-

127 1007 197 1033 tem
214 995 358 1046 Phyfices
369 1001 688 1047 praecipuam,·quam
705 997 826 1031 idcirco
841 995 1081 1046 Phyfiologiam
1089 1009 1211 1033 vocant
1223 1026 1233 1042 ,
1247 997 1444 1046 usurparunt.

483 1095 981 1137 DISSERTATIO
1015 1096 1093 1137 ΙΙΙ.

517 1231 524 1237 ,
548 1194 605 1227 De
616 1195 765 1242 partium
779 1186 1028 1238 confirmatione.

133 1290 297 1376 REstat
309 1289 387 1324 illud
401 1289 455 1325 vel
468 1292 644 1327 maximum
655 1302 689 1326 ut
701 1291 742 1325 de
751 1303 824 1327 ortu
834 1290 1023 1326 animalium
1036 1321 1045 1335 ,
1064 1296 1098 1329 ὅ(
1110 1293 1375 1329 conformatione
1385 1307 1529 1345 agamusz

216 1340 302 1387 quod
315 1342 426 1387 utique
446 1339 544 1387 quam
560 1342 740 1388 poterimus
763 1340 1009 1390 compendiose,
1034 1341 1088 1376 sed
1108 1340 1286 1377 accuratius
1309 1354 1416 1380 tamen
1433 1347 1531 1393 quum

135 1389 249 1437 vulgus
258 1387 621 1438 Philosophorumsolet
631 1418 641 1432 ,
651 1390 789 1425 :mistare
799 1389 1003 1432 conabimnr3
1019 1403 1056 1425 ac
1066 1390 1172 1438 primo
1182 1392 1222 1426 de
1231 1403 1306 1427 ortu
1322 1393 1531 1438 inse&oru‘m,

137 1450 206 1474 tum
216 1440 256 1473 de
267 1438 345 1488 pulli
360 1439 558 1474 formatione
574 1451 714 1488 agemuS.
734 1442 794 1474 His
806 1443 893 1475 enim
911 1439 1085 1475 intelleffis
1103 1453 1173 1487 quae
1192 1441 1231 1475 ad
1247 1441 1448 1491 reliquorum
1463 1446 1532 1480 ani-

135 1488 271 1524 :nahum
284 1491 543 1536 procreationem
555 1491 740 1538 pertinent,
759 1492 895 1525 minime
909 1488 1045 1525 obscura
1062 1489 1167 1525 futura
1182 1488 1259 1527 [unt.
1280 1517 1287 1522 .

647 1588 892 1624 CAPUT
959 1590 986 1624 1.

653 1683 709 1717 De
723 1684 904 1731 infestorum
917 1693 998 1719 ortu.

208 1780 347 1816 Rimum
363 1781 526 1830 itaque-ab
541 1785 579 1817 iis
592 1794 660 1829 quae
679 1781 778 1830 vulgo
794 1782 1034 1831 imperi-'eelziora
1051 1783 1229 1831 judicantur
1240 1814 1254 1827 .,
1275 1783 1425 1820 ducamus
1443 1796 1536 1820 exor-

210 1832 298 1866 dium
311 1859 320 1874 ,
331 1832 414 1867 &de
426 1831 619 1868 inferiorum
629 1843 700 1866 ortu
711 1832 1019 1881 dicamus.Jamque
1034 1834 1066 1866 in
1083 1833 1151 1881 ipso
1168 1834 1282 1869 limine
1298 1846 1415 1882 magna
1434 1837 1536 1869 oritur

136 1880 269 1926 quaestio
281 1910 291 1924 ,
309 1893 379 1928 quae
393 1879 450 1916 lint
468 1881 660 1916 inseetorum
673 1883 851 1930 primordia
864 1912 874 1926 ,
895 1893 1002 1916 utrum
1017 1894 1135 1927 magna
1152 1891 1299 1968 effante
1318 1884 1407 1918 velut
1425 1884 1537 1932 sponte

139 1928 305 1964 nascantur
317 1958 326 1973 ,
339 1942 376 1964 ut
395 1931 505 1978 stirpes
516 1931 658 1980 plurimae
669 1959 678 1975 ,
696 1942 767 1979 quae
783 1944 821 1967 ex
841 1943 923 1967 terra
939 1930 1005 1966 alte
1020 1923 1129 1967 effdffa
1143 1946 1164 1968 n
1211 1935 1231 1968 ὀ
1247 1932 1422 1969 manifesto
1442 1932 1536 1969 semi-

138 1988 186 2014 ne
205 1977 408 2015 fruticati-ur.
431 1983 479 2015 Sit
495 1983 605 2028 itaque

644 2085 648 2088 γ
686 2046 724 2078 V
719 2047 792 2079 m'ca
808 2044 982 2090 Conclnfio.

185 2123 270 2158 Illud
284 2123 546 2160 verisimillimum
557 2125 878 2168 videtnt‚animantes
889 2139 1002 2163 ornnes
1009 2139 1049 2161 ex
1060 2130 1154 2163 certis
1169 2127 1342 2165 seminibus
1353 2132 1430 2165 oriri
1439 2130 1539 2166 :adeo

146 2185 183 2208 ut
198 2185 238 2207 ne
249 2172 352 2209 musca
363 2177 495 2222 quidem
507 2187 560 2210 aut
576 2177 694 2210 vermis
707 2187 745 2210 ex
763 2175 974 2210 tumultuario
992 2177 1233 2214 elementorum
1249 2179 1414 2229 congreffu
1427 2182 1539 2229 prodi-

146 2234 180 2258 te
196 2221 290 2270 poffit
309 2239 316 2260 :
333 2224 383 2259 sed
399 2237 436 2258 ex
453 2224 573 2259 femine
588 2253 597 2268 ‚
617 2226 649 2259 in
663 2237 728 2272 quo
745 2226 794 2259 vis
816 2224 981 2261 formatrix
1009 2227 1100 2264 inest.

184 2274 278 2308 Hanc
298 2272 534 2309 conclusionem
555 2273 664 2309 multis
680 2277 876 2323 argumentis
895 2275 1015 2323 probat
1029 2278 1088 2311 Vir
1106 2279 1190 2312 inter
1215 2280 1409 2312 recentiores
1432 2279 1541 2326 magni

146 2323 288 2356 nominis
309 2322 484 2358 Franciscus
496 2324 591 2360 Redi.
609 2322 718 2359 Primo
734 2325 819 2358 enim
833 2327 1010 2359 exteriores
1020 2325 1116 2361 causae
1133 2338 1199 2361 tam
1214 2338 1397 2375 opportune
1417 2339 1541 2361 conve-

147 2372 216 2406 nire
225 2384 290 2406 non
302 2372 426 2420 potsunt
434 2401 444 2416 ,
456 2385 492 2408 ut
498 2373 687 2408 animalium
698 2372 859 2409 fabricent
870 2387 1001 2419 meana,
1012 2387 1152 2422 quorum
1164 2377 1315 2412 structura
1334 2376 1425 2412 nullo
1436 2376 1542 2423 potest

134 2420 318 2459 intelieau
327 2422 472 2461 humano
485 2423 718 2472 comprehendi
729 2437 741 2463 2
754 2421 811 2463 nisi
822 2406 931 2463 salter}
945 2426 993 2463 vis
1006 2425 1155 2475 quaedam
1178 2425 1345 2462 seminaria
1359 2431 1392 2463 &
1413 2425 1544 2476 plastica

1221 2477 1329 2513 Rtrr
1351 2477 1387 2525 iij
