1878 2724
378 125 442 160 168
751 121 1020 158 PHYSICAE
1070 121 1406 158 GENERALIS

381 187 449 209 tum
464 172 663 223 paradoxum
673 198 682 214 ,
702 173 791 217 quod
803 171 912 220 figurae
931 170 1108 206 delineatio
1121 171 1235 206 melius
1250 174 1423 221 exprimet.
1448 173 1498 208 Sit
1508 183 1563 208 vas
1575 172 1603 208 A
1614 170 1638 203 Β
1647 200 1656 214 ,
1672 181 1708 206 ut
1720 167 1779 206 do.

380 223 462 258 lium
474 223 616 268 undique
631 218 792 255 occlusum
803 249 813 263 ‚
831 219 887 255 nisi
899 219 989 267 quod
1000 232 1037 254 ex
1056 222 1179 267 punito
1190 224 1222 256 D
1240 233 1335 257 exeat
1345 219 1441 257 tubus
1454 224 1484 259 C
1494 225 1539 267 D,
1556 219 1720 271 cujussibet
1730 221 1777 258 al-

381 274 548 308 titudinis:
563 269 688 304 dolium
704 267 756 302 seu
773 281 827 303 vas
842 281 924 316 aqua
946 268 1077 316 plenum
1098 267 1303 318 supponatur.
1329 271 1433 318 Qod
1452 271 1472 309 si
1486 275 1599 322 itaque
1619 269 1732 307 tubum
1745 272 1777 308 C

381 326 416 359 D
441 334 524 368 aqua
550 319 664 353 it2dem
692 317 905 365 impleveris,
936 318 1006 353 haec
1028 317 1197 363 matera,
1215 324 1250 355 &

380 381 555 416 utrumque
585 366 663 402 vasis
683 367 821 402 fundum
836 370 952 402 eadem
968 370 1001 402 vi
1023 379 1152 416 premet
1167 396 1177 410 ‚
1213 379 1250 402 ac

381 420 403 455 fi
415 431 469 454 vas
492 417 592 467 ipsum
603 419 631 452 A
645 418 669 451 B
688 419 930 452 continuaretur
955 415 1052 464 usque
1078 417 1119 451 acl
1134 416 1206 451 tubi
1220 417 1251 452 G

381 472 416 505 D
428 468 648 515 altitudinem.
681 469 717 501 In
740 469 932 502 continuato
950 469 1036 501 enim
1055 477 1122 500 tam
1137 465 1250 514 amplo

381 517 454 554 vase
468 517 568 566 longe
579 517 710 564 quidem
727 513 830 565 major
841 514 916 552 esset
928 528 1021 563 aquae
1033 515 1136 550 moles
1151 517 1250 562 quam

381 570 417 604 in
436 566 519 602 tubo
531 567 560 601 C
575 569 624 602 D:
644 563 696 600 sed
711 578 748 600 ea
764 578 899 614 quoque
914 564 989 600 effet
1001 567 1033 601 in
1049 567 1168 600 minori
1180 578 1252 599 mo-

382 629 416 653 tu
428 619 445 660 ,'
464 627 520 651 aut
537 627 625 650 certe
649 617 754 649 miuus
773 613 851 650 effet
867 616 907 650 ad
930 627 1057 651 motum
1075 613 1221 663 dispofira
1240 643 1250 658 ,

380 667 482 716 quam
498 677 535 700 ea
554 677 624 712 quae
645 663 726 700 tubo
740 665 770 700 C
781 668 813 701 D
828 667 1012 700 continetur
1023 694 1032 707 ‚
1055 665 1151 712 idque
1169 666 1251 698 reci-

379 726 479 766 proce
496 715 537 749 ad
550 713 650 762 ipsam
660 726 752 762 aquae
766 714 901 750 molem.
913 715 1003 750 Nam
1012 713 1033 749 si
1044 726 1103 750 vas
1114 713 1252 757 amplia-

380 776 466 801 retur
479 762 575 811 usque
598 764 638 798 ad
657 764 687 798 C
704 791 714 806 ‚
731 775 817 811 aqua
837 765 871 801 in
893 776 936 799 eo
954 774 1112 799 contenta
1136 775 1254 811 parum

380 814 593 850 descenderet
612 842 622 857 ‚
642 811 700 848 ubi
726 825 853 848 tantum
885 825 979 861 aquae
1007 811 1251 855 affunderetur,

381 857 541 913 quantum
551 874 666 911 capere
679 863 782 911 potest
797 861 890 897 tubus
912 864 944 898 C
956 864 988 898 D
1015 879 1024 905 ς
1049 861 1102 896 sed
1121 860 1179 896 ubi
1195 873 1252 896 vas

382 926 450 950 non
467 914 692 955 continuatur,
708 911 848 947 multum
866 910 1031 959 descendit
1045 923 1140 959 aqua,
1153 916 1186 948 δε
1204 910 1252 945 sui

382 962 492 999 motus
505 962 733 1010 magnitudine
755 960 878 996 molem
892 960 992 1010 ipsam
1002 958 1202 1009 compensat.

419 1011 520 1049 Unde
534 1013 619 1046 inter
629 1010 693 1045 alia
714 1012 935 1058 experimenta
951 1023 1021 1058 quae
1035 1009 1116 1045 hanc
1129 1010 1161 1045 in
1179 1020 1248 1044 rem

382 1061 470 1097 fieta
483 1060 555 1096 sunt
568 1061 601 1096 in
611 1062 719 1109 Regia
741 1061 922 1109 Burgundia
934 1088 944 1104 ,
959 1059 1051 1108 quod
1066 1058 1087 1094 a
1100 1061 1146 1094 D.
1164 1060 1250 1092 Ma-
1310 1070 1378 1106 Q

383 1113 480 1145 riom
494 1112 531 1144 in
546 1110 723 1144 Academia
740 1114 804 1158 jam
818 1109 944 1157 pridem
970 1108 1097 1144 factum
1120 1107 1226 1142 fuerat
1239 1136 1249 1151 ‚
1309 1092 1567 1173 Qua&

383 1161 537 1194 iteratum
553 1158 599 1193 est
620 1172 628 1194 :
647 1159 792 1193 ereetum
813 1157 938 1193 dolium
965 1170 1051 1206 aqua
1076 1155 1251 1205 impletum
1318 1145 1580 1197 Q&

384 1208 448 1243 fuit
462 1237 471 1251 ,
497 1219 565 1243 tum
578 1219 636 1256 per
650 1205 765 1242 tubum
787 1205 856 1242 fere
869 1220 902 1244 ιι
916 1208 1012 1255 pedes
1036 1207 1138 1242 altum
1164 1207 1250 1253 aqua
1326 1204 1336 1231 ἶ

384 1257 487 1293 affusa
507 1270 514 1291 ε
530 1269 603 1291 cum
619 1267 715 1290 antea
729 1269 790 1302 500
803 1261 837 1293 &
851 1255 988 1304 amplius
1005 1254 1156 1290 librarum
1167 1268 1251 1303 pon-

385 1307 443 1340 dus
458 1305 562 1340 fundo
573 1303 654 1338 dolii
665 1302 741 1339 esset
753 1303 1072 1353 impositum.1taque
1082 1302 1157 1338 cum
1168 1315 1253 1350 aqua

385 1355 544 1403 paulatim
555 1352 777 1388 affimderetur
788 1382 797 1396 ‚
810 1354 935 1402 pondus
953 1353 1057 1389 fundo
1068 1350 1249 1400 impositum
1260 1350 1372 1387 sensim
1387 1349 1602 1387 attollebatur
1618 1365 1624 1386 :
1647 1350 1730 1386 adeo
1740 1362 1777 1387 ut

387 1404 428 1438 ad
460 1404 554 1438 unius
574 1402 645 1438 fere
676 1401 803 1451 pollicis
831 1403 1040 1438 altitudinem
1059 1402 1191 1438 tandem
1208 1400 1371 1436 sublatum
1401 1400 1520 1444 fuerit,
1539 1405 1573 1437 &
1600 1399 1683 1435 dolii
1702 1400 1778 1435 fun-

385 1453 463 1487 dum
479 1452 575 1487 valde
594 1454 786 1487 intumuerit
800 1467 808 1488 :
829 1464 904 1488 cum
916 1463 1028 1487 tamen
1040 1453 1095 1486 vix
1111 1466 1134 1498 4
1150 1463 1205 1486 aut
1216 1466 1228 1501 5
1240 1461 1333 1498 aquae
1349 1449 1437 1485 librae
1447 1448 1550 1486 affiisae
1560 1448 1690 1485 fuerint.
1713 1450 1777 1485 Sed

387 1513 544 1549 quantum
567 1500 747 1549 superficies
765 1514 856 1549 aquae
887 1501 978 1536 dolio
1004 1512 1168 1536 contentae
1182 1504 1285 1548 major
1305 1511 1374 1534 erat
1390 1498 1495 1534 tubuli
1517 1497 1664 1543 orificio,
1685 1510 1778 1535 tanto

386 1554 550 1599 reciproce
558 1550 729 1599 longitudo
745 1550 816 1585 tubi
828 1549 996 1599 superabat
1007 1549 1122 1585 sublati
1136 1550 1288 1598 ponderis
1298 1549 1517 1585 altitudinem.

423 1615 445 1645 3.
458 1602 533 1636 Hoc
545 1601 740 1649 principium
754 1599 903 1635 latiffime
914 1611 1008 1648 patet
1018 1628 1027 1642 ‚
1040 1610 1076 1634 ut
1089 1598 1156 1634 fuse
1176 1596 1324 1648 exposuit
1336 1601 1381 1634 D.
1403 1599 1518 1644 Pascal
1542 1599 1574 1632 in
1589 1598 1726 1634 tra&atu
1737 1597 1778 1633 de

387 1649 548 1697 liquorum
560 1647 751 1693 aequilibrio.
765 1652 832 1684 Vas
850 1651 974 1697 quippe
985 1650 1068 1696 aqu&
1079 1647 1210 1696 plenum
1220 1647 1266 1683 est
1282 1660 1406 1683 novum
1416 1647 1581 1695 quoddam
1594 1659 1693 1696 genus
1707 1660 1778 1682 ma-

386 1699 491 1733 chinae
502 1727 511 1741 ‚
524 1697 612 1745 quod
624 1700 707 1732 vires
725 1699 758 1732 in
768 1697 961 1733 immensum
973 1710 1090 1747 augere
1105 1697 1218 1745 potest.
1236 1699 1326 1733 Nam
1341 1709 1425 1743 aqua
1441 1695 1522 1731 tubo
1539 1695 1686 1732 conclusa
1701 1695 1777 1732 sub-

382 1749 506 1794 jectam
517 1750 549 1781 in
564 1745 655 1780 dolio
665 1775 675 1789 ,
703 1757 760 1779 aut
791 1747 865 1781 vase
890 1748 1013 1795 premit
1039 1750 1156 1793 aquam
1173 1761 1182 1788 ;
1204 1746 1274 1780 haec
1306 1744 1422 1792 preffio
1453 1756 1587 1792 propter
1611 1746 1776 1780 continui-

388 1807 490 1831 tatem
500 1824 509 1838 ,
532 1799 564 1829 δι
574 1793 768 1829 fluiditatem
782 1794 874 1841 ipsius
885 1806 977 1842 aquae
987 1791 1049 1828 sese
1061 1806 1119 1842 per
1129 1804 1232 1828 totam
1248 1805 1366 1840 aquarn
1376 1791 1531 1828 diffundit
1541 1821 1551 1836 ,
1565 1804 1666 1840 atque
1675 1796 1707 1827 in
1719 1806 1776 1828 va-

387 1843 423 1879 fis
437 1841 550 1879 occlusi
567 1843 668 1878 latera
684 1845 844 1891 impetum
865 1843 963 1878 facit:
981 1843 1065 1877 adeo
1076 1854 1112 1877 ut
1126 1841 1146 1876 fi
1157 1841 1253 1877 tubus
1265 1844 1358 1876 unius
1368 1842 1462 1890 digiti
1474 1841 1643 1877 latitudine
1654 1853 1777 1889 pateat,

387 1900 422 1930 &
434 1905 527 1940 aquae
542 1905 583 1927 eo
595 1903 757 1927 contenta:
769 1896 815 1927 vis
826 1891 862 1928 fit
871 1895 964 1928 unius
979 1890 1071 1926 librae
1085 1910 1093 1935 5
1115 1903 1169 1926 aut
1185 1890 1206 1925 fi
1226 1890 1300 1925 loco
1319 1889 1390 1925 tubi
1407 1892 1571 1938 concipias
1592 1890 1776 1939 cylindrum

387 1954 543 1991 cupreum
554 1940 693 1990 ejusdem
705 1942 856 1989 ponderis
871 1971 881 1986 ‚
898 1954 966 1977 tum
981 1940 1053 1976 sane
1061 1953 1180 1988 aquam
1189 1939 1365 1986 subjeetam
1382 1939 1422 1974 sic
1441 1951 1584 1987 premet,
1605 1942 1682 1977 &in
1695 1938 1774 1974 vafis

386 1991 488 2026 latera
498 1990 536 2026 fic
548 1992 726 2039 impinget,
736 2001 773 2025 ut
781 2003 851 2039 pars
865 2002 1000 2039 quaeque
1013 1989 1092 2024 vasis
1106 1989 1200 2039 digiti
1215 1989 1431 2038 magnitudini
1442 1989 1586 2037 aequalis‚
1598 2001 1670 2024 eam
1683 1988 1776 2024 susti.

385 2051 463 2075 neat
473 2038 667 2087 preffiontm
685 2067 694 2082 ‚
706 2052 805 2087 quam
816 2043 909 2076 unius
922 2039 1013 2075 librae
1024 2039 1150 2087 pondus
1160 2039 1264 2088 potest
1280 2037 1422 2074 efficere:
1438 2050 1474 2073 ac
1494 2037 1515 2073 fi
1533 2051 1588 2073 vas
1602 2037 1708 2085 aliqua
1732 2038 1774 2073 sui

386 2100 477 2136 parte
491 2087 526 2123 lit
544 2087 701 2132 debilius,
723 2088 823 2136 quam
841 2101 877 2126 ut
897 2102 970 2125 eam
994 2087 1234 2138 impresfionem
1258 2087 1343 2123 ferre
1360 2099 1459 2136 queat
1473 2117 1482 2132 ‚
1503 2100 1543 2124 eo
1554 2087 1688 2137 quidem
1700 2087 1774 2123 loco

386 2138 564 2185 frangetur.

418 2203 452 2234 4.
464 2190 578 2235 Qare
594 2186 616 2222 si
632 2187 718 2222 idem
734 2200 789 2223 vas
801 2216 809 2231 ‚
826 2186 880 2221 seu
893 2186 1018 2222 dolium
1029 2216 1038 2230 ‚
1058 2189 1106 2221 cui
1129 2190 1291 2226 minorem
1307 2187 1422 2223 tubum
1441 2186 1554 2236 aptasti
1566 2214 1577 2229 ‚
1600 2185 1666 2220 alio
1684 2185 1772 2220 fora-

386 2239 476 2271 mine
494 2237 649 2285 centuplo
660 2242 782 2287 majore
803 2247 912 2284 pateat
928 2266 933 2269 .
961 2238 1058 2283 eique
1075 2236 1223 2271 foramini
1238 2238 1361 2284 pondus
1382 2237 1451 2271 fere
1468 2247 1597 2270 centum
1616 2234 1773 2269 librarum

385 2286 618 2321 accommodes⁴
633 2315 636 2320 .
659 2287 720 2321 hoc
732 2286 862 2333 quidem
880 2286 1002 2333 pondus
1019 2298 1149 2333 magno,
1163 2291 1196 2323 &
1207 2287 1317 2331 amplo
1334 2285 1487 2320 foramini
1499 2283 1677 2332 impositum
1688 2295 1775 2331 aqua.

383 2334 436 2366 vel
457 2335 648 2370 uniuslibrae
666 2336 811 2383 pondere
828 2338 945 2370 minori
961 2334 1149 2369 tuboinfusa
1163 2332 1302 2371 attollet.
1330 2335 1433 2380 Qod
1451 2335 1562 2381 utique
1576 2331 1703 2367 facilius
1721 2335 1774 2367 in-

383 2381 550 2431 telligetur
562 2413 570 2428 ,
589 2384 610 2419 si
639 2385 714 2420 loco
737 2386 890 2435 ponderis
903 2397 1035 2422 centum
1054 2384 1206 2420 librarum
1222 2412 1233 2429 ,
1256 2384 1355 2421 tubus
1370 2383 1513 2432 ejusdem
1532 2381 1775 2431 amplitudinis,

1711 2443 1776 2478 qua
