1878 2724
369 183 420 220 235
751 168 1012 206 PHYSICAE
1051 169 1379 208 GENERALIS
1447 198 1450 200 v

367 234 492 259 motum
504 220 591 256 suum
603 222 842 263 communicet,
862 230 932 254 tum
943 230 981 253 ea
1003 231 1138 268 corpora
1155 219 1254 255 efficit
1277 221 1390 257 fluida.
1417 216 1489 258 Ubi
1502 228 1539 254 ea
1552 217 1596 254 est
1612 215 1759 267 pattiuffl

367 271 580 319 configuratio
592 296 603 312 ‚
618 280 653 303 ut
666 266 788 303 subtilis
802 280 856 303 aer
868 270 956 303 viam
970 266 1027 303 fibi
1049 267 1145 304 facile
1161 271 1304 317 aperiat,
1325 281 1362 305 ut
1378 272 1413 305 in
1433 281 1508 304 cera
1523 270 1636 304 evenit
1653 297 1663 311 ,
1687 279 1758 304 tum

367 331 480 367 corpus
497 316 597 352 molle
611 317 742 361 dicitur,
759 318 847 366 quod
868 319 988 366 partim
999 318 1113 352 dutum
1129 345 1139 361 ‚
1159 319 1279 366 partim
1294 318 1428 355 fluidum
1445 319 1489 354 est
1511 331 1520 353 :
1537 329 1612 352 cum
1635 316 1758 354 scilicet
1774 325 1777 329 '

365 364 550 416 corpuscula
567 365 644 402 licet
660 366 764 415 planis
783 365 1012 415 superficiebus
1027 367 1176 402 instruEta
1188 395 1198 410 ‚
1209 366 1277 401 aliis
1294 380 1364 403 non
1372 368 1560 411 immediate
1569 371 1759 417 ·junguntut;

367 429 421 451 aut
445 417 611 464 pauciores
627 445 637 460 ‚
656 427 692 451 ut
708 416 873 459 diximus,
885 414 1011 451 habe-nt
1031 415 1510 464 planasffsuperficiesc-Neque
1519 416 1594 456 jd&
1612 417 1760 455 materia:
1779 436 1781 439 .

367 467 554 513 quantitate
570 465 703 513 pendet,
722 465 776 499 [ed
788 464 957 513 apartium
968 463 1077 514 figura.
1093 467 1183 501 Nam
1198 465 1267 514 plus
1280 465 1323 500 est
1333 465 1762 514 materiaein'rhydmrgyto;

364 527 465 561 quarn
478 515 511 548 in
528 512 618 563 ligno
631 527 640 550 t
656 514 735 549 illud
748 525 860 550 tamen
871 513 1067 556 estfluidum
1078 514 1176 558 ‚ahoe
1189 527 1255 550 non
1275 516 1355 550 item
1369 528 1384 549 t>
1394 513 1674 562 vitrum'ftagilius
1686 514 1759 557 est,

365 562 419 598 sed
433 563 539 598 durius
576 562 710 599 lumbo:
731 562 821 611 quod
830 574 940 612 partes
963 566 1039 599 vitri
1059 562 1123 599 sese
1147 563 1284 599 velutin
1300 565 1427 613 punffis
1450 563 1760 611 contingant-tunde

361 617 397 649 δε
408 611 535 647 facilius
546 576 739 661 {parantum
753 614 834 648 -Fots
852 612 899 646 est
913 624 948 648 ut
961 611 1088 661 plumbi
1101 641 1111 656 ,
1137 617 1172 652 &
1190 615 1377 662 auri-partes
1395 612 1454 648 sint
1477 614 1588 660 magis
1600 611 1732 646 tamosae
1747 639 1760 656 ,

362 660 420 709 per
438 673 516 709 quas
535 659 656 697 subtilis
668 673 723 696 aet
741 689 752 705 ,
770 672 824 696 aut
839 661 938 696 aether
952 664 1040 697 viam
1059 661 1183 697 facilius
1200 661 1258 696 fibi
1280 665 1395 711 aperit.
1421 663 1510 697 Hinc
1522 662 1783 710 dur-acorpota„

363 714 432 745 vim
446 709 610 746 elasticam
629 739 640 755 ,
660 709 713 746 seu
733 710 938 759 rigiditatem·
950 710 1269 759 habent-niaJoterm
1287 712 1428 759 quodvin
1450 712 1624 758 iis-partes
1642 708 1762 747 ita-fiat

363 758 578 795 conformatae
590 788 600 804 ,
614 771 654 794 -ut
666 759 791 794 subtilis
808 770 862 794 aer
870 772 994 795 nov-um
1009 759 1066 794 fibi
1083 761 1148 794 iter
1163 761 1288 795 munire
1300 759 1482 809 nonpoffit.
1498 759 1670 796 :Unde-inv
1683 758 1778 807 *pff

363 807 531 844 ¹collisione
547 821 665 858 magna
677 808 914 853 viextruditur,
929 807 1024 846 &sua
1043 809 1156 844 itidem
1173 810 1207 843 vi
1221 809 1296 843 hinc
1315 809 1392 844 inde
1413 821 1549 857 corpora
1567 806 1694 841 elastica
1707 819 1762 843 te-
1781 820 1784 823 ·

366 857 470 905 pellit.
491 861 604 907 Itaque
621 870 653 893 m
665 857 760 893 molli
772 869 908 906 corpote
929 857 1054 893 nullum
1073 858 1120 893 est
1138 857 1327 892 elaterium:
1345 857 1434 905 quod
1456 858 1539 892 illius
1554 866 1663 905 partes
1687 854 1781 891 {ish-z

367 906 433 942 tilis
443 918 497 941 aer
517 906 614 942 facile
626 918 798 955 penetret:
813 918 920 953 neque
939 909 1026 941 enim
1047 909 1073 940 is
1092 918 1229 954 corpora
1246 904 1356 942 collisa
1371 919 1443 941 cum
1467 902 1593 955 impetu
1606 904 1760 954 repellit,

354 954 423 991 ·nifi
442 955 626 991 cumlibere
638 966 890 1003 commeare,ac
906 967 1010 991 novos
1025 953 1232 990 sibiim'eatus
1251 956 1380 1002 aperite
1397 968 1464 991 non
1485 954 1616 1003 potest..
1631 983 1637 989 .
1653 978 1655 981 .
1754 983 1759 986 c

409 1005 513 1052 Qod
531 1016 640 1042 autern
658 1017 699 1041 ex
718 1006 874 1053 pertinaci
885 1004 1037 1040 contactu
1048 1033 1057 1048 ,
1073 1015 1127 1039 aut
1137 1004 1275 1052 partium
1292 1002 1379 1038 visco
1394 1032 1403 1047 ,
1426 1014 1484 1038 aut
1496 1003 1595 1052 plexu
1614 1003 1761 1049 quodam

365 1056 505 1103 partium
520 1065 656 1102 corpora
668 1053 815 1090 divisioni
828 1052 972 1089 tefistant
987 1069 995 1090 :
1011 1053 1044 1087 id
1055 1053 1144 1088 ultro
1152 1052 1366 1088 concedimus
1377 1081 1387 1097 ‚
1401 1053 1481 1086 dum
1506 1050 1597 1086 causa
1614 1051 1763 1098 quaedam

369 1102 567 1139 extrinsecus
589 1103 723 1138 accedat
736 1131 747 1146 ,
769 1114 846 1149 quae
868 1113 975 1151 partes
1002 1102 1071 1137 illas
1089 1112 1144 1136 aut
1163 1099 1321 1149 premone
1335 1129 1346 1144 ‚
1371 1112 1428 1135 aut
1442 1113 1561 1149 magna
1583 1102 1764 1147 agitatione

368 1153 569 1200 compingat.
588 1152 682 1187 Nam
696 1150 765 1186 sola
781 1153 873 1199 quies
888 1150 1200 1190 nonestwinculum
1209 1149 1284 1185 satis
1306 1148 1435 1188 firmum
1449 1148 1676 1187 devinciendis
1691 1149 1765 1186 duri

370 1203 514 1248 corporis
541 1199 722 1248 particulis.
1348 1231 1351 1235 ,

433 1249 521 1297 Opp.
543 1263 566 1292 3.
592 1249 977 1298 Recentiotes‘Chymici
994 1276 1004 1293 ‚
1021 1251 1076 1296 qui
1095 1251 1216 1285 rectam
1235 1247 1485 1297 philosophandi
1504 1250 1763 1285 rationemcum

370 1295 432 1332 suis
449 1295 583 1332 furnulis
597 1295 721 1332 felicius
735 1302 968 1345 conjunxerunt
979 1326 988 1340 ,
1001 1310 1137 1333 omnem
1147 1297 1409 1346 coagulationem
1424 1324 1434 1340 ‚
1448 1307 1504 1330 aut
1520 1299 1763 1331 concretionem

371 1357 543 1393 corporum
554 1344 585 1383 aa
598 1344 709 1394 spiritu
726 1345 985 1395 acidoproficisci
998 1347 1115 1394 3idque
1129 1346 1238 1381 multis
1255 1375 1265 1390 ,
1282 1351 1316 1383 &
1331 1358 1399 1381 non
1417 1345 1597 1393 injucundis
1619 1343 1764 1394 probant

371 1396 599 1442 experimentis
623 1406 786 1442 :quorum
809 1395 966 1432 nonnulla
983 1397 1016 1429 in
1038 1398 1146 1442 ptimo
1172 1396 1309 1430 traoratu
1338 1399 1406 1440 jam
1424 1393 1600 1430 attulimus,
1627 1402 1658 1430 10
1673 1396 1762 1429 enim

371 1442 496 1492 spiritus
512 1443 618 1478 acidus
629 1473 638 1487 ,
651 1455 686 1479 ut
703 1446 798 1487 nitri,
809 1444 878 1479 salis
890 1446 1069 1479 communis
1083 1473 1093 1487 ‚
1108 1443 1229 1479 vitrioli
1241 1442 1375 1479 cuilibet
1388 1442 1443 1477 sali
1458 1442 1551 1477 alcali
1563 1471 1573 1486 ,
1588 1454 1623 1478 ut
1631 1441 1685 1478 sali
1700 1454 1765 1478 tar-

373 1494 434 1527 tari
446 1492 562 1527 affusus
576 1492 772 1535 concrescit3
790 1492 830 1527 sic
854 1492 978 1541 spiritus
995 1495 1070 1528 nitri
1082 1495 1114 1528 in
1132 1492 1229 1527 salem
1242 1503 1351 1541 pettae3
1367 1490 1384 1525 s
1402 1493 1490 1525 ititus
1516 1489 1584 1526 salis
1606 1494 1639 1527 in
1665 1489 1764 1530 salem

371 1553 580 1577 communem
591 1559 600 1585 3
611 1540 734 1589 spiritus
744 1571 754 1585 ,
768 1553 824 1577 aut
836 1544 942 1591 potius
963 1540 1076 1576 oleum
1089 1541 1213 1576 vitrioli
1224 1543 1259 1577 in
1280 1504 1445 1576 vitriol'um
1461 1569 1470 1582 ‚
1484 1550 1529 1574 ut
1539 1551 1657 1588 putant
1668 1569 1677 1582 ‚
1693 1543 1764 1589 post

372 1601 504 1638 magnas
519 1590 774 1626 effervescentias
792 1590 868 1625 sales
878 1590 973 1625 alcali
986 1602 1198 1627 convertunt:
1216 1590 1306 1635 quod
1318 1589 1430 1624 eadem
1443 1587 1480 1623 fit
1490 1589 1538 1622 vis
1552 1588 1694 1637 specifica
1709 1619 1718 1634 ‚
1728 1595 1764 1627 &2

373 1640 591 1674 concretionis
625 1638 728 1675 causa.
761 1641 814 1674 Sic
841 1639 951 1674 oleum
970 1641 1096 1681 tartari,
1137 1651 1190 1674 aut
1209 1638 1250 1675 sal
1269 1638 1351 1673 illius
1368 1649 1426 1686 pet
1445 1637 1622 1684 deliquium
1644 1637 1764 1674 solutus

372 1699 493 1734 aquam
510 1690 668 1724 marinam
688 1690 720 1723 in
738 1700 909 1724 momento
935 1700 1018 1736 pene
1033 1688 1192 1736 coagulat.
1231 1691 1430 1735 Aqua.veto
1450 1688 1544 1720 maris
1565 1689 1596 1721 in
1624 1687 1656 1721 id
1672 1688 1765 1722 adhi-

373 1734 484 1770 benda
496 1763 506 1777 ,
522 1747 561 1770 ex
576 1749 639 1783 qua
649 1736 690 1771 sal
708 1740 890 1772 communis
911 1742 977 1784 jam
989 1737 1096 1771 calore
1117 1737 1190 1771 solis
1201 1738 1334 1772 eductus
1350 1736 1407 1770 est.
1432 1735 1580 1770 Secundo
1594 1764 1603 1778 ‚
1627 1747 1664 1770 ex
1682 1736 1764 1771 mul-

374 1785 415 1818 tis
434 1795 504 1830 quae
515 1783 599 1818 faeta
609 1783 679 1819 sunt
695 1787 729 1819 in
742 1785 917 1819 Academia
930 1786 1036 1832 Regia
1054 1787 1285 1832 experimentis
1300 1784 1331 1817 id
1349 1795 1550 1830 compertum
1570 1783 1632 1817 fuit
1644 1811 1654 1826 ,
1672 1782 1763 1831 spiti-

376 1843 426 1866 tus
437 1831 544 1865 acidos
558 1834 750 1880 quicumque
763 1835 784 1867 ii
795 1831 894 1869 essent
909 1861 918 1875 ‚
929 1834 963 1868 in
981 1845 1078 1867 venas
1101 1833 1287 1868 animalium
1299 1833 1480 1866 viventium
1506 1831 1626 1867 infusos
1654 1832 1761 1869 statim

374 1880 558 1928 sanguinem
574 1881 848 1929 coagulaffe3imo
866 1881 1004 1917 eundem
1017 1880 1170 1917 effectum
1185 1883 1219 1916 in
1245 1881 1396 1929 sanguine
1425 1891 1536 1914 recens
1559 1879 1670 1915 emisso
1684 1893 1763 1929 pto-

374 1940 520 1964 crearunt
537 1943 632 1966 :cuni
647 1930 664 1964 ὲ
679 1943 791 1966 contra
808 1931 949 1978 liquores
964 1930 1073 1977 spiritu
1093 1930 1218 1968 volatili
1237 1960 1245 1971 ,
1263 1942 1319 1965 aut
1338 1928 1400 1963 sale
1423 1928 1515 1962 alcali
1537 1929 1760 1977 impraegnati,

375 1989 414 2025 ut
434 1975 554 2024 spiritus
569 1981 667 2014 urinae
678 2007 688 2022 ,
712 1991 767 2014 aut
785 1979 909 2026 spiritus
924 1981 992 2013 vini
1007 1979 1162 2027 sanguinis
1174 1979 1369 2014 fluiditatem
1381 1978 1540 2013 auxerint.
1562 1979 1671 2024 Atque
1685 1977 1762 2013 hinc

376 2032 413 2063 &
430 2026 622 2062 morborum
640 2026 743 2062 causas
756 2034 817 2071 ,ὃς
833 2031 957 2076 optima
981 2040 1118 2074 quaeque
1140 2029 1283 2064 remedia
1301 2029 1497 2062 recentiores
1516 2025 1640 2061 Medici
1655 2025 1761 2062 solent

375 2074 545 2111 deducere.
564 2076 599 2109 Id
609 2087 697 2110 certe
710 2078 767 2112 vix
788 2079 897 2125 negati
925 2077 1030 2123 potest
1053 2075 1229 2122 salemjeffe
1255 2077 1367 2113 saltem
1392 2076 1532 2110 maxima
1550 2087 1588 2109 ex
1604 2086 1694 2122 parte
1709 2075 1762 2110 fit-

377 2125 498 2158 mitatis
513 2129 545 2161 &
559 2127 776 2161 concretionis
792 2125 881 2162 causa
895 2127 1011 2161 :Nam
1031 2137 1070 2160 ut
1094 2140 1163 2162 non
1189 2129 1292 2163 minus
1312 2125 1438 2161 erudite
1462 2123 1563 2172 quam
1595 2122 1760 2171 eleganter

377 2174 518 2213 Huetius
535 2203 546 2218 ,

998 2227 1076 2260 Sale
1085 2225 1188 2272 fiHile
1208 2227 1332 2259 vitrum

545 2272 685 2321 Cogitur
696 2288 706 2308 .·
717 2276 847 2321 accensis
862 2276 895 2307 V
897 2275 1017 2310 ennam
1020 2273 1204 2320 fornacibus
1222 2274 1338 2308 ardens

543 2321 726 2368 Crystallns
739 2325 810 2369 fiale
837 2328 996 2371 conen-stit
1025 2340 1031 2359 ;
1054 2319 1402 2371 liquefiafflaqnefhan

544 2370 681 2416 Etfufhs
694 2373 812 2406 cineres
827 2375 904 2407 dono
913 2375 995 2420 fhlit
1012 2374 1159 2419 excoquit
1172 2373 1263 2419 ignit.

404 2419 510 2467 ΙίςΓρ.
537 2418 585 2453 his
604 2424 640 2463 ⁷¹&
652 2420 719 2456 aliis
737 2421 769 2454 id
779 2422 910 2468 quidem
930 2421 1018 2459 effici
1035 2436 1066 2456 m
1076 2432 1185 2470 ignaui
1210 2417 1269 2453 effe
1283 2418 1448 2454 acidot-uin
1465 2421 1531 2454 vin-1
1548 2422 1581 2455 in
1609 2417 1762 2467 coagula-⁴
