<?xml version="1.0" encoding="UTF-8"?>
<!DOCTYPE html PUBLIC "-//W3C//DTD XHTML 1.0 Transitional//EN"
    "http://www.w3.org/TR/xhtml1/DTD/xhtml1-transitional.dtd">
<html xmlns="http://www.w3.org/1999/xhtml" xml:lang="en" lang="en">
 <head>
  <title>
</title>
<meta http-equiv="Content-Type" content="text/html;charset=utf-8" />
  <meta name='ocr-system' content='tesseract 3.04.00' />
  <meta name='ocr-capabilities' content='ocr_page ocr_carea ocr_par ocr_line ocrx_word'/>
</head>
<body>
  <div class='ocr_page' id='page_1' title='image "./philosophiavetus02duhauoft_0402.png"; bbox 0 0 1878 2724; ppageno 0'>
   <div class='ocr_carea' id='block_1_1' title="bbox 386 123 1775 273">
    <p class='ocr_par' dir='ltr' id='par_1_1' title="bbox 386 123 1775 273">
     <span class='ocr_line' id='line_1_1' title="bbox 388 123 1473 175; baseline -0.002 -10"><span class='ocrx_word' id='word_1_1' title='bbox 388 140 444 175; x_wconf 81' lang='lat'>590</span> <span class='ocrx_word' id='word_1_2' title='bbox 708 123 976 164; x_wconf 75' lang='lat' dir='ltr'><strong>PHYSICAE</strong></span> <span class='ocrx_word' id='word_1_3' title='bbox 999 126 1143 163; x_wconf 80' lang='lat' dir='ltr'>PARS</span> <span class='ocrx_word' id='word_1_4' title='bbox 1181 124 1473 163; x_wconf 54' lang='lat' dir='ltr'>SECUNDA}</span> 
     </span>
     <span class='ocr_line' id='line_1_2' title="bbox 418 173 1775 225; baseline -0.003 -11"><span class='ocrx_word' id='word_1_5' title='bbox 418 178 505 214; x_wconf 89' lang='lat' dir='ltr'>Cum</span> <span class='ocrx_word' id='word_1_6' title='bbox 526 180 636 222; x_wconf 77' lang='lat' dir='ltr'>itaque</span> <span class='ocrx_word' id='word_1_7' title='bbox 658 186 748 210; x_wconf 83' lang='lat' dir='ltr'>extra</span> <span class='ocrx_word' id='word_1_8' title='bbox 775 176 893 223; x_wconf 62' lang='lat' dir='ltr'>pundhz</span> <span class='ocrx_word' id='word_1_9' title='bbox 917 177 938 210; x_wconf 89' lang='lat' dir='ltr'>F</span> <span class='ocrx_word' id='word_1_10' title='bbox 952 176 983 209; x_wconf 88' lang='lat' dir='ltr'><strong><em>G</em></strong></span> <span class='ocrx_word' id='word_1_11' title='bbox 998 176 1080 211; x_wconf 77' lang='lat' dir='ltr'>radii</span> <span class='ocrx_word' id='word_1_12' title='bbox 1102 177 1230 211; x_wconf 86' lang='lat' dir='ltr'>luminis</span> <span class='ocrx_word' id='word_1_13' title='bbox 1258 174 1404 223; x_wconf 83' lang='lat' dir='ltr'>paralleli</span> <span class='ocrx_word' id='word_1_14' title='bbox 1419 178 1446 211; x_wconf 87' lang='lat' dir='ltr'>A</span> <span class='ocrx_word' id='word_1_15' title='bbox 1459 178 1483 211; x_wconf 90' lang='lat' dir='ltr'>B</span> <span class='ocrx_word' id='word_1_16' title='bbox 1505 173 1546 210; x_wconf 82' lang='lat' dir='ltr'>fic</span> <span class='ocrx_word' id='word_1_17' title='bbox 1565 174 1775 225; x_wconf 83' lang='lat' dir='ltr'>frangantur,</span> 
     </span>
     <span class='ocr_line' id='line_1_3' title="bbox 386 223 1775 273; baseline -0.003 -10"><span class='ocrx_word' id='word_1_18' title='bbox 386 239 420 264; x_wconf 86' lang='lat' dir='ltr'>ut</span> <span class='ocrx_word' id='word_1_19' title='bbox 439 225 501 262; x_wconf 86' lang='lat' dir='ltr'>sese</span> <span class='ocrx_word' id='word_1_20' title='bbox 523 224 715 261; x_wconf 67' lang='lat' dir='ltr'>interfecerit</span> <span class='ocrx_word' id='word_1_21' title='bbox 739 241 749 267; x_wconf 87' lang='lat'>;</span> <span class='ocrx_word' id='word_1_22' title='bbox 795 236 857 259; x_wconf 89' lang='lat' dir='ltr'>nec</span> <span class='ocrx_word' id='word_1_23' title='bbox 890 224 1035 273; x_wconf 80' lang='lat' dir='ltr'>paralleli</span> <span class='ocrx_word' id='word_1_24' title='bbox 1053 254 1062 269; x_wconf 87' lang='lat'>‚</span> <span class='ocrx_word' id='word_1_25' title='bbox 1094 231 1128 263; x_wconf 68' lang='grc' dir='ltr'>ὃς</span> <span class='ocrx_word' id='word_1_26' title='bbox 1158 223 1298 259; x_wconf 86' lang='lat' dir='ltr'>conferti</span> <span class='ocrx_word' id='word_1_27' title='bbox 1331 226 1369 259; x_wconf 83' lang='lat' dir='ltr'>ad</span> <span class='ocrx_word' id='word_1_28' title='bbox 1402 224 1532 259; x_wconf 88' lang='lat' dir='ltr'>oculum</span> <span class='ocrx_word' id='word_1_29' title='bbox 1561 226 1775 271; x_wconf 81' lang='lat' dir='ltr'>perveniant,</span> 
     </span>
    </p>
   </div>
   <div class='ocr_carea' id='block_1_2' title="bbox 388 270 1787 370">
    <p class='ocr_par' dir='ltr' id='par_1_2' title="bbox 388 270 1787 370">
     <span class='ocr_line' id='line_1_4' title="bbox 388 270 1787 321; baseline -0.006 -7"><span class='ocrx_word' id='word_1_30' title='bbox 388 290 453 314; x_wconf 88' lang='lat' dir='ltr'>non</span> <span class='ocrx_word' id='word_1_31' title='bbox 465 273 538 310; x_wconf 75' lang='lat' dir='ltr'>satis</span> <span class='ocrx_word' id='word_1_32' title='bbox 556 271 625 310; x_wconf 81' lang='lat' dir='ltr'>sunt</span> <span class='ocrx_word' id='word_1_33' title='bbox 643 273 740 309; x_wconf 82' lang='lat' dir='ltr'>validi</span> <span class='ocrx_word' id='word_1_34' title='bbox 753 284 792 310; x_wconf 88' lang='lat' dir='ltr'>ut</span> <span class='ocrx_word' id='word_1_35' title='bbox 801 271 925 311; x_wconf 79' lang='lat' dir='ltr'>sensum</span> <span class='ocrx_word' id='word_1_36' title='bbox 936 271 1092 313; x_wconf 78' lang='lat' dir='ltr'>afficiant.</span> <span class='ocrx_word' id='word_1_37' title='bbox 1109 276 1161 311; x_wconf 86' lang='lat' dir='ltr'>Sic</span> <span class='ocrx_word' id='word_1_38' title='bbox 1177 274 1212 307; x_wconf 86' lang='lat' dir='ltr'>in</span> <span class='ocrx_word' id='word_1_39' title='bbox 1225 270 1367 321; x_wconf 76' lang='lat' dir='ltr'>apposita</span> <span class='ocrx_word' id='word_1_40' title='bbox 1382 272 1404 308; x_wconf 88' lang='lat' dir='ltr'>fi</span> <span class='ocrx_word' id='word_1_41' title='bbox 1448 286 1480 308; x_wconf 89' lang='lat' dir='ltr'>ra</span> <span class='ocrx_word' id='word_1_42' title='bbox 1494 273 1575 308; x_wconf 86' lang='lat' dir='ltr'>radii</span> <span class='ocrx_word' id='word_1_43' title='bbox 1597 275 1630 309; x_wconf 87' lang='lat' dir='ltr'>K·</span> <span class='ocrx_word' id='word_1_44' title='bbox 1639 275 1716 317; x_wconf 90' lang='lat' dir='ltr'>G,H</span> <span class='ocrx_word' id='word_1_45' title='bbox 1724 275 1750 308; x_wconf 85' lang='lat' dir='ltr'>&#39;F</span> <span class='ocrx_word' id='word_1_46' title='bbox 1764 301 1787 318; x_wconf 23' lang='lat'>,¹</span> 
     </span>
     <span class='ocr_line' id='line_1_5' title="bbox 1194 320 1782 370; baseline 0.002 -14"><span class='ocrx_word' id='word_1_47' title='bbox 1194 320 1293 370; x_wconf 77' lang='lat' dir='ltr'>longe</span> <span class='ocrx_word' id='word_1_48' title='bbox 1310 321 1394 357; x_wconf 85' lang='lat' dir='ltr'>ultra</span> <span class='ocrx_word' id='word_1_49' title='bbox 1416 320 1630 370; x_wconf 81' lang='lat' dir='ltr'>exagefimum</span> <span class='ocrx_word' id='word_1_50' title='bbox 1640 322 1782 367; x_wconf 64' lang='lat' dir='ltr'>gradum·</span> 
     </span>
    </p>
   </div>
   <div class='ocr_carea' id='block_1_3' title="bbox 385 348 1785 1828">
    <p class='ocr_par' dir='ltr' id='par_1_3' title="bbox 436 348 1782 406">
     <span class='ocr_line' id='line_1_6' title="bbox 436 348 1782 406; baseline 0.002 -3"><span class='ocrx_word' id='word_1_51' title='bbox 436 348 479 388; x_wconf 78' lang='grc' dir='ltr'>Η</span> <span class='ocrx_word' id='word_1_52' title='bbox 522 351 556 392; x_wconf 67' lang='lat' dir='ltr'><strong>K</strong></span> <span class='ocrx_word' id='word_1_53' title='bbox 1191 371 1369 405; x_wconf 78' lang='lat' dir='ltr'>incidentes</span> <span class='ocrx_word' id='word_1_54' title='bbox 1391 372 1424 405; x_wconf 91' lang='lat' dir='ltr'>in</span> <span class='ocrx_word' id='word_1_55' title='bbox 1436 372 1466 405; x_wconf 90' lang='lat' dir='ltr'>G</span> <span class='ocrx_word' id='word_1_56' title='bbox 1480 372 1500 404; x_wconf 87' lang='lat' dir='ltr'><strong>F</strong></span> <span class='ocrx_word' id='word_1_57' title='bbox 1517 370 1612 406; x_wconf 69' lang='lat' dir='ltr'>frasti</span> <span class='ocrx_word' id='word_1_58' title='bbox 1627 362 1782 406; x_wconf 67' lang='lat' dir='ltr'>incidunt</span> 
     </span>
    </p>

    <p class='ocr_par' dir='ltr' id='par_1_4' title="bbox 507 418 1785 1041">
     <span class='ocr_line' id='line_1_7' title="bbox 507 418 1770 462; baseline 0.003 -10"><span class='ocrx_word' id='word_1_59' title='bbox 507 423 510 440; x_wconf 64' lang='lat'>³</span> <span class='ocrx_word' id='word_1_60' title='bbox 1190 420 1277 454; x_wconf 84' lang='lat' dir='ltr'>inLS</span> <span class='ocrx_word' id='word_1_61' title='bbox 1288 435 1297 462; x_wconf 80' lang='lat'>3</span> <span class='ocrx_word' id='word_1_62' title='bbox 1310 418 1383 454; x_wconf 83' lang='lat' dir='ltr'>hinc</span> <span class='ocrx_word' id='word_1_63' title='bbox 1401 418 1605 455; x_wconf 60' lang='lat' dir='ltr'>reflectuntur</span> <span class='ocrx_word' id='word_1_64' title='bbox 1622 421 1654 454; x_wconf 89' lang='lat' dir='ltr'>in</span> <span class='ocrx_word' id='word_1_65' title='bbox 1670 422 1709 454; x_wconf 93' lang='lat' dir='ltr'>M</span> <span class='ocrx_word' id='word_1_66' title='bbox 1723 421 1770 456; x_wconf 86' lang='lat' dir='ltr'>N:</span> 
     </span>
     <span class='ocr_line' id='line_1_8' title="bbox 1189 469 1785 515; baseline -0.003 -13"><span class='ocrx_word' id='word_1_67' title='bbox 1189 469 1273 502; x_wconf 86' lang='lat' dir='ltr'>adeo</span> <span class='ocrx_word' id='word_1_68' title='bbox 1286 479 1322 502; x_wconf 92' lang='lat' dir='ltr'>ut</span> <span class='ocrx_word' id='word_1_69' title='bbox 1334 471 1389 515; x_wconf 90' lang='lat' dir='ltr'>qui</span> <span class='ocrx_word' id='word_1_70' title='bbox 1400 479 1470 503; x_wconf 87' lang='lat' dir='ltr'>erat</span> <span class='ocrx_word' id='word_1_71' title='bbox 1479 470 1613 503; x_wconf 82' lang='lat' dir='ltr'>interior</span> <span class='ocrx_word' id='word_1_72' title='bbox 1621 470 1698 512; x_wconf 88' lang='lat' dir='ltr'>KG,</span> <span class='ocrx_word' id='word_1_73' title='bbox 1708 471 1737 503; x_wconf 91' lang='lat' dir='ltr'>G</span> <span class='ocrx_word' id='word_1_74' title='bbox 1748 469 1785 504; x_wconf 75' lang='lat' dir='ltr'>L.</span> 
     </span>
     <span class='ocr_line' id='line_1_9' title="bbox 1191 515 1782 565; baseline 0 -13"><span class='ocrx_word' id='word_1_75' title='bbox 1191 515 1250 552; x_wconf 86' lang='lat' dir='ltr'>fiat</span> <span class='ocrx_word' id='word_1_76' title='bbox 1265 519 1406 552; x_wconf 82' lang='lat' dir='ltr'>exterior</span> <span class='ocrx_word' id='word_1_77' title='bbox 1424 519 1496 554; x_wconf 90' lang='lat' dir='ltr'>LN</span> <span class='ocrx_word' id='word_1_78' title='bbox 1510 545 1521 561; x_wconf 88' lang='lat'>‚</span> <span class='ocrx_word' id='word_1_79' title='bbox 1541 518 1576 552; x_wconf 94' lang='lat' dir='ltr'>N</span> <span class='ocrx_word' id='word_1_80' title='bbox 1587 517 1634 561; x_wconf 62' lang='lat'>1¹,</span> <span class='ocrx_word' id='word_1_81' title='bbox 1651 519 1782 565; x_wconf 80' lang='lat' dir='ltr'>quique</span> 
     </span>
     <span class='ocr_line' id='line_1_10' title="bbox 1190 565 1784 609; baseline 0.002 -8"><span class='ocrx_word' id='word_1_82' title='bbox 1190 565 1363 601; x_wconf 87' lang='lat' dir='ltr'>incidendo</span> <span class='ocrx_word' id='word_1_83' title='bbox 1382 577 1450 600; x_wconf 85' lang='lat' dir='ltr'>erat</span> <span class='ocrx_word' id='word_1_84' title='bbox 1465 566 1625 609; x_wconf 78' lang='lat' dir='ltr'>exterior,</span> <span class='ocrx_word' id='word_1_85' title='bbox 1649 571 1683 602; x_wconf 88' lang='lat'>&amp;</span> <span class='ocrx_word' id='word_1_86' title='bbox 1696 579 1784 602; x_wconf 86' lang='lat' dir='ltr'>con--</span> 
     </span>
     <span class='ocr_line' id='line_1_11' title="bbox 1193 614 1776 658; baseline 0.003 -9"><span class='ocrx_word' id='word_1_87' title='bbox 1193 626 1291 652; x_wconf 84' lang='lat' dir='ltr'>vexus</span> <span class='ocrx_word' id='word_1_88' title='bbox 1311 614 1391 658; x_wconf 84' lang='lat' dir='ltr'>HF,</span> <span class='ocrx_word' id='word_1_89' title='bbox 1411 614 1467 650; x_wconf 85' lang='lat' dir='ltr'>fiat</span> <span class='ocrx_word' id='word_1_90' title='bbox 1486 615 1776 658; x_wconf 86' lang='lat' dir='ltr'>interior,&amp;con-</span> 
     </span>
     <span class='ocr_line' id='line_1_12' title="bbox 1194 664 1777 713; baseline 0 -15"><span class='ocrx_word' id='word_1_91' title='bbox 1194 674 1288 698; x_wconf 82' lang='lat' dir='ltr'>cavus</span> <span class='ocrx_word' id='word_1_92' title='bbox 1305 664 1345 698; x_wconf 94' lang='lat' dir='ltr'>M</span> <span class='ocrx_word' id='word_1_93' title='bbox 1359 667 1402 699; x_wconf 91' lang='lat' dir='ltr'>O.</span> <span class='ocrx_word' id='word_1_94' title='bbox 1425 666 1536 713; x_wconf 83' lang='lat' dir='ltr'>Qare</span> <span class='ocrx_word' id='word_1_95' title='bbox 1544 667 1640 710; x_wconf 76' lang='lat' dir='ltr'>juxta</span> <span class='ocrx_word' id='word_1_96' title='bbox 1654 674 1777 699; x_wconf 63' lang='lat' dir='ltr'>naturas</span> 
     </span>
     <span class='ocr_line' id='line_1_13' title="bbox 1192 710 1776 762; baseline 0.003 -16"><span class='ocrx_word' id='word_1_97' title='bbox 1192 714 1385 762; x_wconf 86' lang='lat' dir='ltr'>principium</span> <span class='ocrx_word' id='word_1_98' title='bbox 1423 711 1565 761; x_wconf 81' lang='lat' dir='ltr'>superius</span> <span class='ocrx_word' id='word_1_99' title='bbox 1598 710 1776 760; x_wconf 78' lang='lat' dir='ltr'>expositum</span> 
     </span>
     <span class='ocr_line' id='line_1_14' title="bbox 1191 759 1776 811; baseline 0 -15"><span class='ocrx_word' id='word_1_100' title='bbox 1191 761 1271 797; x_wconf 87' lang='lat' dir='ltr'>nulli</span> <span class='ocrx_word' id='word_1_101' title='bbox 1296 760 1424 796; x_wconf 77' lang='lat' dir='ltr'>colores</span> <span class='ocrx_word' id='word_1_102' title='bbox 1439 759 1654 811; x_wconf 80' lang='lat' dir='ltr'>apparebunt.</span> <span class='ocrx_word' id='word_1_103' title='bbox 1677 762 1776 796; x_wconf 85' lang='lat' dir='ltr'>Acce·</span> 
     </span>
     <span class='ocr_line' id='line_1_15' title="bbox 1189 809 1780 858; baseline 0 -13"><span class='ocrx_word' id='word_1_104' title='bbox 1189 810 1239 845; x_wconf 90' lang='lat' dir='ltr'>dit</span> <span class='ocrx_word' id='word_1_105' title='bbox 1261 809 1339 845; x_wconf 85' lang='lat' dir='ltr'>illud</span> <span class='ocrx_word' id='word_1_106' title='bbox 1364 820 1498 858; x_wconf 87' lang='lat' dir='ltr'>quoque</span> <span class='ocrx_word' id='word_1_107' title='bbox 1519 810 1624 844; x_wconf 79' lang='lat' dir='ltr'>radios</span> <span class='ocrx_word' id='word_1_108' title='bbox 1645 810 1662 845; x_wconf 81' lang='grc' dir='ltr'>ὲ</span> <span class='ocrx_word' id='word_1_109' title='bbox 1684 821 1780 858; x_wconf 64' lang='lat' dir='ltr'>gutta&gt;</span> 
     </span>
     <span class='ocr_line' id='line_1_16' title="bbox 1189 859 1783 908; baseline 0.005 -15"><span class='ocrx_word' id='word_1_110' title='bbox 1189 871 1282 906; x_wconf 78' lang='lat' dir='ltr'>aquae</span> <span class='ocrx_word' id='word_1_111' title='bbox 1294 870 1346 894; x_wconf 81' lang='lat' dir='ltr'>aut</span> <span class='ocrx_word' id='word_1_112' title='bbox 1359 859 1467 908; x_wconf 81' lang='lat' dir='ltr'>phiala</span> <span class='ocrx_word' id='word_1_113' title='bbox 1480 861 1601 901; x_wconf 77' lang='lat' dir='ltr'>vitrea,</span> <span class='ocrx_word' id='word_1_114' title='bbox 1617 860 1783 902; x_wconf 80' lang='lat' dir='ltr'>NP,MO³</span> 
     </span>
     <span class='ocr_line' id='line_1_17' title="bbox 1191 906 1774 957; baseline 0.002 -16"><span class='ocrx_word' id='word_1_115' title='bbox 1191 910 1328 942; x_wconf 85' lang='lat' dir='ltr'>nimium</span> <span class='ocrx_word' id='word_1_116' title='bbox 1343 909 1547 957; x_wconf 85' lang='lat' dir='ltr'>divergentes</span> <span class='ocrx_word' id='word_1_117' title='bbox 1561 936 1571 951; x_wconf 91' lang='lat'>,</span> <span class='ocrx_word' id='word_1_118' title='bbox 1591 906 1660 942; x_wconf 85' lang='lat' dir='ltr'>fieri</span> <span class='ocrx_word' id='word_1_119' title='bbox 1679 907 1774 957; x_wconf 79' lang='lat' dir='ltr'>debi-</span> 
     </span>
     <span class='ocr_line' id='line_1_18' title="bbox 1190 953 1782 1041; baseline 0.005 -50"><span class='ocrx_word' id='word_1_120' title='bbox 1190 953 1288 1041; x_wconf 47' lang='lat' dir='ltr'>52³,stOE</span> <span class='ocrx_word' id='word_1_121' title='bbox 1299 969 1382 1001; x_wconf 80' lang='lat' dir='ltr'>,nec</span> <span class='ocrx_word' id='word_1_122' title='bbox 1396 959 1436 993; x_wconf 86' lang='lat' dir='ltr'>ad</span> <span class='ocrx_word' id='word_1_123' title='bbox 1452 957 1584 994; x_wconf 76' lang='lat' dir='ltr'>ocu-lum</span> <span class='ocrx_word' id='word_1_124' title='bbox 1600 959 1782 1006; x_wconf 62' lang='lat' dir='ltr'>pervenite&gt;</span> 
     </span>
     <span class='ocr_line' id='line_1_19' title="bbox 1190 1018 1290 1041; baseline 0.02 -6"><span class='ocrx_word' id='word_1_125' title='bbox 1190 1032 1195 1035; x_wconf 93' lang='grc'><em>,</em></span> <span class='ocrx_word' id='word_1_126' title='bbox 1265 1018 1290 1041; x_wconf 74' lang='lat' dir='ltr'>e.</span> 
     </span>
    </p>

    <p class='ocr_par' dir='ltr' id='par_1_5' title="bbox 385 1018 1778 1645">
     <span class='ocr_line' id='line_1_20' title="bbox 415 1018 1775 1106; baseline 0.003 -18"><span class='ocrx_word' id='word_1_127' title='bbox 415 1066 448 1098; x_wconf 88' lang='lat'>9.</span> <span class='ocrx_word' id='word_1_128' title='bbox 473 1055 527 1089; x_wconf 89' lang='lat' dir='ltr'>Ne</span> <span class='ocrx_word' id='word_1_129' title='bbox 547 1054 627 1089; x_wconf 82' lang='lat' dir='ltr'>illud</span> <span class='ocrx_word' id='word_1_130' title='bbox 651 1057 787 1103; x_wconf 85' lang='lat' dir='ltr'>quidem</span> <span class='ocrx_word' id='word_1_131' title='bbox 812 1058 857 1093; x_wconf 79' lang='lat' dir='ltr'>est</span> <span class='ocrx_word' id='word_1_132' title='bbox 877 1059 1164 1095; x_wconf 80' lang='lat' dir='ltr'>omittendumeos</span> <span class='ocrx_word' id='word_1_133' title='bbox 1176 1018 1320 1090; x_wconf 49' lang='lat' dir='ltr'>riliaxime</span> <span class='ocrx_word' id='word_1_134' title='bbox 1333 1054 1386 1091; x_wconf 69' lang='lat' dir='ltr'>vel</span> <span class='ocrx_word' id='word_1_135' title='bbox 1401 1056 1436 1090; x_wconf 84' lang='lat' dir='ltr'>in</span> <span class='ocrx_word' id='word_1_136' title='bbox 1448 1054 1614 1098; x_wconf 78' lang='lat' dir='ltr'>iride‚vel</span> <span class='ocrx_word' id='word_1_137' title='bbox 1631 1057 1665 1091; x_wconf 86' lang='lat' dir='ltr'>in</span> <span class='ocrx_word' id='word_1_138' title='bbox 1676 1058 1775 1106; x_wconf 80' lang='lat' dir='ltr'>trigo-</span> 
     </span>
     <span class='ocr_line' id='line_1_21' title="bbox 385 1101 1778 1153; baseline 0.005 -18"><span class='ocrx_word' id='word_1_139' title='bbox 385 1113 429 1136; x_wconf 80' lang='lat' dir='ltr'>no</span> <span class='ocrx_word' id='word_1_140' title='bbox 445 1132 453 1144; x_wconf 94' lang='lat'><strong>‚</strong></span> <span class='ocrx_word' id='word_1_141' title='bbox 472 1101 524 1137; x_wconf 88' lang='lat' dir='ltr'>seu</span> <span class='ocrx_word' id='word_1_142' title='bbox 545 1105 577 1138; x_wconf 85' lang='lat' dir='ltr'>in</span> <span class='ocrx_word' id='word_1_143' title='bbox 591 1103 744 1153; x_wconf 79' lang='lat' dir='ltr'>prismate</span> <span class='ocrx_word' id='word_1_144' title='bbox 767 1108 876 1143; x_wconf 82' lang='lat' dir='ltr'>vitreo</span> <span class='ocrx_word' id='word_1_145' title='bbox 901 1109 1006 1143; x_wconf 76' lang='lat' dir='ltr'>radios</span> <span class='ocrx_word' id='word_1_146' title='bbox 1036 1106 1200 1143; x_wconf 80' lang='lat' dir='ltr'>coloribus</span> <span class='ocrx_word' id='word_1_147' title='bbox 1235 1105 1318 1153; x_wconf 85' lang='lat' dir='ltr'>tingi</span> <span class='ocrx_word' id='word_1_148' title='bbox 1340 1106 1399 1152; x_wconf 79' lang='lat' dir='ltr'>qui</span> <span class='ocrx_word' id='word_1_149' title='bbox 1424 1103 1528 1138; x_wconf 77' lang='lat' dir='ltr'>lucem</span> <span class='ocrx_word' id='word_1_150' title='bbox 1550 1115 1684 1141; x_wconf 89' lang='lat' dir='ltr'>tenuem</span> <span class='ocrx_word' id='word_1_151' title='bbox 1717 1118 1778 1142; x_wconf 77' lang='lat' dir='ltr'>aut</span> 
     </span>
     <span class='ocr_line' id='line_1_22' title="bbox 385 1150 1774 1205; baseline 0.004 -20"><span class='ocrx_word' id='word_1_152' title='bbox 385 1151 600 1197; x_wconf 61' lang='lat' dir='ltr'>peni-:mbram</span> <span class='ocrx_word' id='word_1_153' title='bbox 633 1152 786 1191; x_wconf 76' lang='lat' dir='ltr'>efficium.</span> <span class='ocrx_word' id='word_1_154' title='bbox 820 1159 908 1192; x_wconf 83' lang='lat' dir='ltr'>Nam</span> <span class='ocrx_word' id='word_1_155' title='bbox 934 1159 972 1192; x_wconf 81' lang='lat' dir='ltr'>in</span> <span class='ocrx_word' id='word_1_156' title='bbox 1002 1156 1116 1192; x_wconf 84' lang='lat' dir='ltr'>ultima</span> <span class='ocrx_word' id='word_1_157' title='bbox 1142 1155 1242 1205; x_wconf 79' lang='lat' dir='ltr'>figura</span> <span class='ocrx_word' id='word_1_158' title='bbox 1274 1164 1431 1201; x_wconf 82' lang='lat' dir='ltr'>ponamus</span> <span class='ocrx_word' id='word_1_159' title='bbox 1463 1150 1599 1188; x_wconf 63' lang='lat' dir='ltr'>‘rubrum</span> <span class='ocrx_word' id='word_1_160' title='bbox 1628 1154 1774 1191; x_wconf 86' lang='lat' dir='ltr'>colorem</span> 
     </span>
     <span class='ocr_line' id='line_1_23' title="bbox 387 1199 1772 1254; baseline 0.004 -21"><span class='ocrx_word' id='word_1_161' title='bbox 387 1203 420 1234; x_wconf 82' lang='lat' dir='ltr'>in</span> <span class='ocrx_word' id='word_1_162' title='bbox 444 1203 468 1236; x_wconf 81' lang='lat' dir='ltr'>P</span> <span class='ocrx_word' id='word_1_163' title='bbox 482 1229 490 1243; x_wconf 85' lang='lat'>,</span> <span class='ocrx_word' id='word_1_164' title='bbox 518 1199 639 1238; x_wconf 71' lang='lat' dir='ltr'>flavum</span> <span class='ocrx_word' id='word_1_165' title='bbox 665 1205 699 1238; x_wconf 82' lang='lat' dir='ltr'>in</span> <span class='ocrx_word' id='word_1_166' title='bbox 720 1206 752 1239; x_wconf 90' lang='lat' dir='ltr'>R</span> <span class='ocrx_word' id='word_1_167' title='bbox 774 1234 785 1247; x_wconf 83' lang='lat'>‚</span> <span class='ocrx_word' id='word_1_168' title='bbox 814 1206 984 1241; x_wconf 71' lang='lat' dir='ltr'>caeruleum</span> <span class='ocrx_word' id='word_1_169' title='bbox 1012 1208 1044 1241; x_wconf 91' lang='lat' dir='ltr'>in</span> <span class='ocrx_word' id='word_1_170' title='bbox 1067 1208 1137 1254; x_wconf 71' lang='lat' dir='ltr'>Q,</span> <span class='ocrx_word' id='word_1_171' title='bbox 1168 1214 1364 1253; x_wconf 60' lang='lat' dir='ltr'>purpureum</span> <span class='ocrx_word' id='word_1_172' title='bbox 1388 1203 1423 1237; x_wconf 77' lang='lat' dir='ltr'>in</span> <span class='ocrx_word' id='word_1_173' title='bbox 1449 1203 1484 1237; x_wconf 85' lang='lat' dir='ltr'>O</span> <span class='ocrx_word' id='word_1_174' title='bbox 1508 1214 1661 1251; x_wconf 80' lang='lat' dir='ltr'>apparete</span> <span class='ocrx_word' id='word_1_175' title='bbox 1682 1217 1691 1241; x_wconf 73' lang='grc' dir='ltr'><strong><em>ε</em></strong></span> <span class='ocrx_word' id='word_1_176' title='bbox 1714 1215 1772 1252; x_wconf 59' lang='lat' dir='ltr'>pa„</span> 
     </span>
     <span class='ocr_line' id='line_1_24' title="bbox 387 1248 1770 1302; baseline 0.004 -20"><span class='ocrx_word' id='word_1_177' title='bbox 387 1248 454 1284; x_wconf 77' lang='lat' dir='ltr'>lam</span> <span class='ocrx_word' id='word_1_178' title='bbox 483 1250 526 1284; x_wconf 81' lang='lat' dir='ltr'>est</span> <span class='ocrx_word' id='word_1_179' title='bbox 550 1264 606 1286; x_wconf 86' lang='lat' dir='ltr'>eos</span> <span class='ocrx_word' id='word_1_180' title='bbox 640 1252 813 1301; x_wconf 85' lang='lat' dir='ltr'>praesertim</span> <span class='ocrx_word' id='word_1_181' title='bbox 838 1255 942 1299; x_wconf 78' lang='lat' dir='ltr'>radios</span> <span class='ocrx_word' id='word_1_182' title='bbox 967 1257 1025 1302; x_wconf 88' lang='lat' dir='ltr'>qui</span> <span class='ocrx_word' id='word_1_183' title='bbox 1055 1254 1098 1289; x_wconf 86' lang='lat' dir='ltr'>ab</span> <span class='ocrx_word' id='word_1_184' title='bbox 1120 1254 1270 1290; x_wconf 81' lang='lat' dir='ltr'>extremis</span> <span class='ocrx_word' id='word_1_185' title='bbox 1295 1250 1366 1286; x_wconf 78' lang='lat' dir='ltr'>solis</span> <span class='ocrx_word' id='word_1_186' title='bbox 1383 1248 1533 1299; x_wconf 63' lang='lat' dir='ltr'>&gt;partibus</span> <span class='ocrx_word' id='word_1_187' title='bbox 1551 1263 1688 1296; x_wconf 87' lang='lat' dir='ltr'>exeunt,</span> <span class='ocrx_word' id='word_1_188' title='bbox 1711 1254 1770 1288; x_wconf 82' lang='lat' dir='ltr'>hos</span> 
     </span>
     <span class='ocr_line' id='line_1_25' title="bbox 387 1298 1772 1350; baseline 0.004 -18"><span class='ocrx_word' id='word_1_189' title='bbox 387 1299 513 1334; x_wconf 87' lang='lat' dir='ltr'>colores</span> <span class='ocrx_word' id='word_1_190' title='bbox 553 1298 681 1336; x_wconf 88' lang='lat' dir='ltr'>efficere</span> <span class='ocrx_word' id='word_1_191' title='bbox 708 1331 719 1346; x_wconf 87' lang='lat'>,</span> <span class='ocrx_word' id='word_1_192' title='bbox 749 1303 866 1350; x_wconf 85' lang='lat' dir='ltr'>eosque</span> <span class='ocrx_word' id='word_1_193' title='bbox 891 1301 952 1338; x_wconf 77' lang='lat' dir='ltr'>effe</span> <span class='ocrx_word' id='word_1_194' title='bbox 982 1302 1158 1339; x_wconf 80' lang='lat' dir='ltr'>debiliores</span> <span class='ocrx_word' id='word_1_195' title='bbox 1196 1315 1205 1337; x_wconf 74' lang='grc' dir='ltr'><strong><em>ε</em></strong></span> <span class='ocrx_word' id='word_1_196' title='bbox 1245 1302 1304 1348; x_wconf 85' lang='lat' dir='ltr'>qui</span> <span class='ocrx_word' id='word_1_197' title='bbox 1337 1311 1416 1335; x_wconf 81' lang='lat' dir='ltr'>vero</span> <span class='ocrx_word' id='word_1_198' title='bbox 1440 1299 1520 1333; x_wconf 78' lang='lat' dir='ltr'>radii</span> <span class='ocrx_word' id='word_1_199' title='bbox 1539 1300 1661 1335; x_wconf 78' lang='lat' dir='ltr'>medias</span> <span class='ocrx_word' id='word_1_200' title='bbox 1684 1302 1772 1337; x_wconf 76' lang='lat' dir='ltr'>iridis</span> 
     </span>
     <span class='ocr_line' id='line_1_26' title="bbox 385 1348 1771 1401; baseline 0.005 -20"><span class='ocrx_word' id='word_1_201' title='bbox 385 1359 493 1396; x_wconf 83' lang='lat' dir='ltr'>partes</span> <span class='ocrx_word' id='word_1_202' title='bbox 524 1360 696 1395; x_wconf 86' lang='lat' dir='ltr'>penetrant</span> <span class='ocrx_word' id='word_1_203' title='bbox 719 1380 728 1394; x_wconf 86' lang='lat'><em>‚</em></span> <span class='ocrx_word' id='word_1_204' title='bbox 764 1365 835 1387; x_wconf 86' lang='lat' dir='ltr'>cum</span> <span class='ocrx_word' id='word_1_205' title='bbox 865 1351 924 1387; x_wconf 80' lang='lat' dir='ltr'>sint</span> <span class='ocrx_word' id='word_1_206' title='bbox 947 1352 1112 1387; x_wconf 85' lang='lat' dir='ltr'>uberiores</span> <span class='ocrx_word' id='word_1_207' title='bbox 1129 1381 1140 1397; x_wconf 79' lang='lat'>‚</span> <span class='ocrx_word' id='word_1_208' title='bbox 1177 1362 1289 1401; x_wconf 78' lang='lat' dir='ltr'>puram</span> <span class='ocrx_word' id='word_1_209' title='bbox 1323 1348 1425 1384; x_wconf 87' lang='lat' dir='ltr'>lucem</span> <span class='ocrx_word' id='word_1_210' title='bbox 1447 1359 1571 1384; x_wconf 86' lang='lat' dir='ltr'>tantum</span> <span class='ocrx_word' id='word_1_211' title='bbox 1603 1349 1771 1389; x_wconf 87' lang='lat' dir='ltr'>exhibent.</span> 
     </span>
     <span class='ocr_line' id='line_1_27' title="bbox 389 1397 1769 1447; baseline 0.003 -15"><span class='ocrx_word' id='word_1_212' title='bbox 389 1397 524 1432; x_wconf 70' lang='lat' dir='ltr'>Accedit</span> <span class='ocrx_word' id='word_1_213' title='bbox 550 1400 652 1434; x_wconf 85' lang='lat' dir='ltr'>etiam</span> <span class='ocrx_word' id='word_1_214' title='bbox 674 1400 778 1435; x_wconf 85' lang='lat' dir='ltr'>radios</span> <span class='ocrx_word' id='word_1_215' title='bbox 801 1400 844 1435; x_wconf 82' lang='lat' dir='ltr'>ab</span> <span class='ocrx_word' id='word_1_216' title='bbox 874 1403 1027 1436; x_wconf 86' lang='lat' dir='ltr'>extremis</span> <span class='ocrx_word' id='word_1_217' title='bbox 1054 1399 1125 1436; x_wconf 90' lang='lat' dir='ltr'>solis</span> <span class='ocrx_word' id='word_1_218' title='bbox 1147 1397 1290 1447; x_wconf 79' lang='lat' dir='ltr'>partibus</span> <span class='ocrx_word' id='word_1_219' title='bbox 1309 1398 1349 1432; x_wconf 84' lang='lat' dir='ltr'>ad</span> <span class='ocrx_word' id='word_1_220' title='bbox 1370 1398 1510 1432; x_wconf 79' lang='lat' dir='ltr'>mediam</span> <span class='ocrx_word' id='word_1_221' title='bbox 1532 1398 1620 1433; x_wconf 86' lang='lat' dir='ltr'>iridis</span> <span class='ocrx_word' id='word_1_222' title='bbox 1649 1412 1769 1436; x_wconf 83' lang='lat' dir='ltr'>zonam</span> 
     </span>
     <span class='ocr_line' id='line_1_28' title="bbox 385 1447 1769 1498; baseline 0.001 -19"><span class='ocrx_word' id='word_1_223' title='bbox 385 1448 557 1492; x_wconf 76' lang='lat' dir='ltr'>pervenire</span> <span class='ocrx_word' id='word_1_224' title='bbox 567 1476 577 1491; x_wconf 89' lang='lat'><strong>,</strong></span> <span class='ocrx_word' id='word_1_225' title='bbox 591 1460 730 1495; x_wconf 89' lang='lat' dir='ltr'>quorum</span> <span class='ocrx_word' id='word_1_226' title='bbox 739 1449 794 1484; x_wconf 85' lang='lat' dir='ltr'>alii</span> <span class='ocrx_word' id='word_1_227' title='bbox 803 1449 935 1485; x_wconf 88' lang='lat' dir='ltr'>rubrum</span> <span class='ocrx_word' id='word_1_228' title='bbox 946 1479 956 1494; x_wconf 92' lang='lat'><strong><em>,</em></strong></span> <span class='ocrx_word' id='word_1_229' title='bbox 970 1450 1023 1486; x_wconf 81' lang='lat' dir='ltr'>alii</span> <span class='ocrx_word' id='word_1_230' title='bbox 1033 1462 1226 1498; x_wconf 78' lang='lat' dir='ltr'>purpureum</span> <span class='ocrx_word' id='word_1_231' title='bbox 1238 1447 1382 1483; x_wconf 89' lang='lat' dir='ltr'>colorem</span> <span class='ocrx_word' id='word_1_232' title='bbox 1398 1447 1608 1484; x_wconf 84' lang='lat' dir='ltr'>inducerent:</span> <span class='ocrx_word' id='word_1_233' title='bbox 1624 1447 1676 1483; x_wconf 88' lang='lat' dir='ltr'>sed</span> <span class='ocrx_word' id='word_1_234' title='bbox 1688 1461 1769 1484; x_wconf 88' lang='lat' dir='ltr'>con-</span> 
     </span>
     <span class='ocr_line' id='line_1_29' title="bbox 386 1493 1770 1545; baseline 0.004 -17"><span class='ocrx_word' id='word_1_235' title='bbox 386 1493 444 1529; x_wconf 79' lang='lat' dir='ltr'>fusi</span> <span class='ocrx_word' id='word_1_236' title='bbox 455 1493 485 1529; x_wconf 90' lang='lat' dir='ltr'>se</span> <span class='ocrx_word' id='word_1_237' title='bbox 504 1493 533 1530; x_wconf 87' lang='lat' dir='ltr'>se</span> <span class='ocrx_word' id='word_1_238' title='bbox 552 1498 692 1532; x_wconf 87' lang='lat' dir='ltr'>invicem</span> <span class='ocrx_word' id='word_1_239' title='bbox 713 1500 959 1545; x_wconf 77' lang='lat' dir='ltr'>quodammodo</span> <span class='ocrx_word' id='word_1_240' title='bbox 969 1500 1144 1543; x_wconf 86' lang='lat' dir='ltr'>destruunt,</span> <span class='ocrx_word' id='word_1_241' title='bbox 1156 1505 1194 1541; x_wconf 61' lang='grc' dir='ltr'>δέ,</span> <span class='ocrx_word' id='word_1_242' title='bbox 1213 1497 1336 1533; x_wconf 87' lang='lat' dir='ltr'>nullum</span> <span class='ocrx_word' id='word_1_243' title='bbox 1353 1499 1489 1545; x_wconf 80' lang='lat' dir='ltr'>gignunt</span> <span class='ocrx_word' id='word_1_244' title='bbox 1505 1496 1661 1533; x_wconf 88' lang='lat' dir='ltr'>colorem.</span> <span class='ocrx_word' id='word_1_245' title='bbox 1687 1497 1770 1533; x_wconf 86' lang='lat' dir='ltr'>Illud</span> 
     </span>
     <span class='ocr_line' id='line_1_30' title="bbox 388 1544 1769 1597; baseline 0.004 -20"><span class='ocrx_word' id='word_1_246' title='bbox 388 1556 520 1591; x_wconf 85' lang='lat' dir='ltr'>quoque</span> <span class='ocrx_word' id='word_1_247' title='bbox 534 1545 735 1582; x_wconf 81' lang='lat' dir='ltr'>manifestum</span> <span class='ocrx_word' id='word_1_248' title='bbox 746 1547 788 1582; x_wconf 83' lang='lat' dir='ltr'>est</span> <span class='ocrx_word' id='word_1_249' title='bbox 800 1549 937 1583; x_wconf 85' lang='lat' dir='ltr'>viridem</span> <span class='ocrx_word' id='word_1_250' title='bbox 951 1548 1094 1584; x_wconf 85' lang='lat' dir='ltr'>colorem</span> <span class='ocrx_word' id='word_1_251' title='bbox 1112 1551 1144 1583; x_wconf 88' lang='lat' dir='ltr'>in</span> <span class='ocrx_word' id='word_1_252' title='bbox 1156 1545 1250 1590; x_wconf 73' lang='lat' dir='ltr'>flavi,</span> <span class='ocrx_word' id='word_1_253' title='bbox 1265 1551 1300 1584; x_wconf 78' lang='grc' dir='ltr'>δε</span> <span class='ocrx_word' id='word_1_254' title='bbox 1322 1545 1445 1580; x_wconf 82' lang='lat' dir='ltr'>caerulei</span> <span class='ocrx_word' id='word_1_255' title='bbox 1457 1544 1600 1582; x_wconf 80' lang='lat' dir='ltr'>confinio</span> <span class='ocrx_word' id='word_1_256' title='bbox 1617 1545 1698 1595; x_wconf 81' lang='lat' dir='ltr'>saepe</span> <span class='ocrx_word' id='word_1_257' title='bbox 1709 1559 1769 1597; x_wconf 80' lang='lat' dir='ltr'>ap-</span> 
     </span>
     <span class='ocr_line' id='line_1_31' title="bbox 388 1595 1477 1645; baseline 0.005 -19"><span class='ocrx_word' id='word_1_258' title='bbox 388 1605 499 1641; x_wconf 85' lang='lat' dir='ltr'>parere</span> <span class='ocrx_word' id='word_1_259' title='bbox 511 1608 519 1630; x_wconf 71' lang='grc' dir='ltr'>ε</span> <span class='ocrx_word' id='word_1_260' title='bbox 532 1595 619 1642; x_wconf 89' lang='lat' dir='ltr'>quod</span> <span class='ocrx_word' id='word_1_261' title='bbox 633 1597 656 1629; x_wconf 83' lang='lat' dir='ltr'>is</span> <span class='ocrx_word' id='word_1_262' title='bbox 671 1596 762 1631; x_wconf 89' lang='lat' dir='ltr'>color</span> <span class='ocrx_word' id='word_1_263' title='bbox 781 1610 819 1632; x_wconf 85' lang='lat' dir='ltr'>ex</span> <span class='ocrx_word' id='word_1_264' title='bbox 835 1597 925 1641; x_wconf 74' lang='lat' dir='ltr'>flavi,</span> <span class='ocrx_word' id='word_1_265' title='bbox 941 1603 974 1634; x_wconf 72' lang='grc' dir='ltr'>ὃ(</span> <span class='ocrx_word' id='word_1_266' title='bbox 987 1597 1112 1632; x_wconf 82' lang='lat' dir='ltr'>caerulei</span> <span class='ocrx_word' id='word_1_267' title='bbox 1136 1597 1337 1645; x_wconf 84' lang='lat' dir='ltr'>permistione</span> <span class='ocrx_word' id='word_1_268' title='bbox 1348 1596 1477 1631; x_wconf 81' lang='lat' dir='ltr'>oriatur.</span> 
     </span>
    </p>

    <p class='ocr_par' dir='ltr' id='par_1_6' title="bbox 387 1642 1768 1828">
     <span class='ocr_line' id='line_1_32' title="bbox 414 1642 1767 1695; baseline 0.004 -19"><span class='ocrx_word' id='word_1_269' title='bbox 414 1643 477 1677; x_wconf 90' lang='lat' dir='ltr'>Sed</span> <span class='ocrx_word' id='word_1_270' title='bbox 495 1655 549 1677; x_wconf 89' lang='lat' dir='ltr'>cur</span> <span class='ocrx_word' id='word_1_271' title='bbox 562 1644 614 1678; x_wconf 89' lang='lat' dir='ltr'>iris</span> <span class='ocrx_word' id='word_1_272' title='bbox 626 1646 662 1679; x_wconf 88' lang='lat' dir='ltr'>in</span> <span class='ocrx_word' id='word_1_273' title='bbox 673 1657 781 1681; x_wconf 78' lang='lat' dir='ltr'>arcum</span> <span class='ocrx_word' id='word_1_274' title='bbox 794 1675 803 1688; x_wconf 85' lang='lat'>,</span> <span class='ocrx_word' id='word_1_275' title='bbox 815 1658 868 1681; x_wconf 85' lang='lat' dir='ltr'>aut</span> <span class='ocrx_word' id='word_1_276' title='bbox 882 1648 914 1682; x_wconf 90' lang='lat' dir='ltr'>in</span> <span class='ocrx_word' id='word_1_277' title='bbox 933 1645 1168 1681; x_wconf 79' lang='lat' dir='ltr'>semicirculum</span> <span class='ocrx_word' id='word_1_278' title='bbox 1180 1646 1249 1680; x_wconf 86' lang='lat' dir='ltr'>fere</span> <span class='ocrx_word' id='word_1_279' title='bbox 1266 1654 1413 1679; x_wconf 82' lang='lat' dir='ltr'>curvatur</span> <span class='ocrx_word' id='word_1_280' title='bbox 1432 1654 1442 1680; x_wconf 72' lang='grc' dir='ltr'>Ξ</span> <span class='ocrx_word' id='word_1_281' title='bbox 1471 1644 1522 1678; x_wconf 85' lang='lat' dir='ltr'>An</span> <span class='ocrx_word' id='word_1_282' title='bbox 1535 1642 1640 1689; x_wconf 85' lang='lat' dir='ltr'>forte,</span> <span class='ocrx_word' id='word_1_283' title='bbox 1653 1656 1690 1681; x_wconf 89' lang='lat' dir='ltr'>ut</span> <span class='ocrx_word' id='word_1_284' title='bbox 1699 1651 1767 1695; x_wconf 82' lang='lat' dir='ltr'>jam</span> 
     </span>
     <span class='ocr_line' id='line_1_33' title="bbox 387 1690 1768 1743; baseline 0.005 -19"><span class='ocrx_word' id='word_1_285' title='bbox 387 1690 442 1725; x_wconf 79' lang='lat' dir='ltr'>alii</span> <span class='ocrx_word' id='word_1_286' title='bbox 454 1691 663 1728; x_wconf 53' lang='lat' dir='ltr'>observarunt</span> <span class='ocrx_word' id='word_1_287' title='bbox 678 1722 687 1734; x_wconf 95' lang='lat'><strong>‚</strong></span> <span class='ocrx_word' id='word_1_288' title='bbox 711 1694 821 1730; x_wconf 84' lang='lat' dir='ltr'>oculus</span> <span class='ocrx_word' id='word_1_289' title='bbox 840 1694 927 1730; x_wconf 83' lang='lat' dir='ltr'>velut</span> <span class='ocrx_word' id='word_1_290' title='bbox 945 1697 977 1729; x_wconf 88' lang='lat' dir='ltr'>in</span> <span class='ocrx_word' id='word_1_291' title='bbox 988 1697 1079 1743; x_wconf 75' lang='lat' dir='ltr'>apice</span> <span class='ocrx_word' id='word_1_292' title='bbox 1099 1697 1173 1730; x_wconf 86' lang='lat' dir='ltr'>coni</span> <span class='ocrx_word' id='word_1_293' title='bbox 1188 1724 1197 1737; x_wconf 84' lang='lat'>‚</span> <span class='ocrx_word' id='word_1_294' title='bbox 1213 1693 1264 1729; x_wconf 88' lang='lat' dir='ltr'>seu</span> <span class='ocrx_word' id='word_1_295' title='bbox 1277 1693 1453 1742; x_wconf 85' lang='lat' dir='ltr'>pyramidis</span> <span class='ocrx_word' id='word_1_296' title='bbox 1473 1693 1659 1729; x_wconf 82' lang='lat' dir='ltr'>constitutus</span> <span class='ocrx_word' id='word_1_297' title='bbox 1670 1724 1679 1739; x_wconf 90' lang='lat'>‚</span> <span class='ocrx_word' id='word_1_298' title='bbox 1694 1707 1768 1743; x_wconf 80' lang='lat' dir='ltr'>quae</span> 
     </span>
     <span class='ocr_line' id='line_1_34' title="bbox 388 1740 1767 1791; baseline 0.001 -16"><span class='ocrx_word' id='word_1_299' title='bbox 388 1742 420 1775; x_wconf 76' lang='lat' dir='ltr'>in</span> <span class='ocrx_word' id='word_1_300' title='bbox 442 1741 556 1776; x_wconf 84' lang='lat' dir='ltr'>eadem</span> <span class='ocrx_word' id='word_1_301' title='bbox 572 1740 737 1790; x_wconf 86' lang='lat' dir='ltr'>superficie</span> <span class='ocrx_word' id='word_1_302' title='bbox 755 1755 924 1779; x_wconf 77' lang='lat' dir='ltr'>contuetur</span> <span class='ocrx_word' id='word_1_303' title='bbox 939 1742 1068 1791; x_wconf 70' lang='lat' dir='ltr'>objeCka</span> <span class='ocrx_word' id='word_1_304' title='bbox 1082 1772 1091 1787; x_wconf 89' lang='lat'>,</span> <span class='ocrx_word' id='word_1_305' title='bbox 1107 1745 1140 1779; x_wconf 85' lang='lat' dir='ltr'>in</span> <span class='ocrx_word' id='word_1_306' title='bbox 1157 1743 1271 1777; x_wconf 83' lang='lat' dir='ltr'>eadem</span> <span class='ocrx_word' id='word_1_307' title='bbox 1294 1754 1425 1789; x_wconf 88' lang='lat' dir='ltr'>quoque</span> <span class='ocrx_word' id='word_1_308' title='bbox 1439 1741 1696 1778; x_wconf 83' lang='lat' dir='ltr'>circumferentia</span> <span class='ocrx_word' id='word_1_309' title='bbox 1714 1747 1767 1781; x_wconf 84' lang='lat' dir='ltr'>in-</span> 
     </span>
     <span class='ocr_line' id='line_1_35' title="bbox 389 1789 1768 1828; baseline 0.003 -5"><span class='ocrx_word' id='word_1_310' title='bbox 389 1800 495 1823; x_wconf 83' lang='lat' dir='ltr'>tuetur</span> <span class='ocrx_word' id='word_1_311' title='bbox 507 1804 515 1825; x_wconf 90' lang='lat'><strong>:</strong></span> <span class='ocrx_word' id='word_1_312' title='bbox 526 1789 747 1826; x_wconf 82' lang='lat' dir='ltr'>maximefiad</span> <span class='ocrx_word' id='word_1_313' title='bbox 762 1804 871 1826; x_wconf 82' lang='lat' dir='ltr'>eorum</span> <span class='ocrx_word' id='word_1_314' title='bbox 888 1793 1066 1826; x_wconf 79' lang='lat' dir='ltr'>distantiam</span> <span class='ocrx_word' id='word_1_315' title='bbox 1081 1805 1145 1827; x_wconf 83' lang='lat' dir='ltr'>non</span> <span class='ocrx_word' id='word_1_316' title='bbox 1158 1791 1311 1826; x_wconf 81' lang='lat' dir='ltr'>attendat.</span> <span class='ocrx_word' id='word_1_317' title='bbox 1335 1791 1388 1826; x_wconf 89' lang='lat' dir='ltr'>Est</span> <span class='ocrx_word' id='word_1_318' title='bbox 1403 1800 1512 1825; x_wconf 78' lang='lat' dir='ltr'>autem</span> <span class='ocrx_word' id='word_1_319' title='bbox 1528 1790 1637 1826; x_wconf 89' lang='lat' dir='ltr'>oculus</span> <span class='ocrx_word' id='word_1_320' title='bbox 1659 1794 1690 1826; x_wconf 88' lang='lat' dir='ltr'>in</span> <span class='ocrx_word' id='word_1_321' title='bbox 1712 1795 1768 1828; x_wconf 85' lang='lat' dir='ltr'>tri-</span> 
     </span>
    </p>
   </div>
   <div class='ocr_carea' id='block_1_4' title="bbox 441 410 1148 1039">
    <p class='ocr_par' dir='ltr' id='par_1_7' title="bbox 441 410 1148 1039">
     <span class='ocr_line' id='line_1_36' title="bbox 441 410 1148 1039; baseline 0 1685"><span class='ocrx_word' id='word_1_322' title='bbox 441 410 1148 1039; x_wconf 95' lang='lat' dir='ltr'> </span> 
     </span>
    </p>
   </div>
   <div class='ocr_carea' id='block_1_5' title="bbox 384 1837 1766 2374">
    <p class='ocr_par' dir='ltr' id='par_1_8' title="bbox 384 1837 1766 2374">
     <span class='ocr_line' id='line_1_37' title="bbox 387 1837 1766 1888; baseline 0.004 -18"><span class='ocrx_word' id='word_1_323' title='bbox 387 1837 477 1885; x_wconf 86' lang='lat' dir='ltr'>plicis</span> <span class='ocrx_word' id='word_1_324' title='bbox 492 1837 584 1873; x_wconf 87' lang='lat' dir='ltr'>velut</span> <span class='ocrx_word' id='word_1_325' title='bbox 595 1841 666 1873; x_wconf 80' lang='lat' dir='ltr'>coni</span> <span class='ocrx_word' id='word_1_326' title='bbox 677 1839 820 1888; x_wconf 77' lang='lat' dir='ltr'>apicibus</span> <span class='ocrx_word' id='word_1_327' title='bbox 840 1840 1016 1874; x_wconf 80' lang='lat' dir='ltr'>collocatus</span> <span class='ocrx_word' id='word_1_328' title='bbox 1029 1869 1037 1881; x_wconf 81' lang='lat'>,</span> <span class='ocrx_word' id='word_1_329' title='bbox 1052 1846 1085 1876; x_wconf 89' lang='lat'>&amp;</span> <span class='ocrx_word' id='word_1_330' title='bbox 1101 1841 1179 1873; x_wconf 77' lang='lat' dir='ltr'>radii</span> <span class='ocrx_word' id='word_1_331' title='bbox 1193 1838 1323 1874; x_wconf 81' lang='lat' dir='ltr'>visuales</span> <span class='ocrx_word' id='word_1_332' title='bbox 1341 1850 1396 1872; x_wconf 85' lang='lat' dir='ltr'>eos</span> <span class='ocrx_word' id='word_1_333' title='bbox 1416 1850 1497 1884; x_wconf 89' lang='lat' dir='ltr'>quos</span> <span class='ocrx_word' id='word_1_334' title='bbox 1520 1838 1655 1875; x_wconf 84' lang='lat' dir='ltr'>diximus</span> <span class='ocrx_word' id='word_1_335' title='bbox 1667 1869 1677 1884; x_wconf 87' lang='lat'><strong>,</strong></span> <span class='ocrx_word' id='word_1_336' title='bbox 1694 1840 1766 1876; x_wconf 88' lang='lat' dir='ltr'>effi-</span> 
     </span>
     <span class='ocr_line' id='line_1_38' title="bbox 386 1885 1765 1935; baseline 0.004 -16"><span class='ocrx_word' id='word_1_337' title='bbox 386 1886 617 1930; x_wconf 60' lang='lat' dir='ltr'>ciuntanqulos</span> <span class='ocrx_word' id='word_1_338' title='bbox 637 1900 646 1922; x_wconf 90' lang='lat'>:</span> <span class='ocrx_word' id='word_1_339' title='bbox 667 1889 753 1922; x_wconf 90' lang='lat' dir='ltr'>unde</span> <span class='ocrx_word' id='word_1_340' title='bbox 775 1901 841 1924; x_wconf 90' lang='lat' dir='ltr'>non</span> <span class='ocrx_word' id='word_1_341' title='bbox 861 1891 976 1922; x_wconf 81' lang='lat' dir='ltr'>mirum</span> <span class='ocrx_word' id='word_1_342' title='bbox 999 1889 1041 1922; x_wconf 84' lang='lat' dir='ltr'>est</span> <span class='ocrx_word' id='word_1_343' title='bbox 1066 1887 1086 1922; x_wconf 83' lang='lat' dir='ltr'>si</span> <span class='ocrx_word' id='word_1_344' title='bbox 1106 1892 1112 1897; x_wconf 85' lang='lat'><strong><em>‘</em></strong></span> <span class='ocrx_word' id='word_1_345' title='bbox 1138 1899 1192 1923; x_wconf 80' lang='lat' dir='ltr'>xta</span> <span class='ocrx_word' id='word_1_346' title='bbox 1205 1899 1366 1935; x_wconf 86' lang='lat' dir='ltr'>quemque</span> <span class='ocrx_word' id='word_1_347' title='bbox 1383 1885 1533 1934; x_wconf 81' lang='lat' dir='ltr'>angulum</span> <span class='ocrx_word' id='word_1_348' title='bbox 1556 1899 1645 1923; x_wconf 89' lang='lat' dir='ltr'>certo</span> <span class='ocrx_word' id='word_1_349' title='bbox 1663 1889 1765 1925; x_wconf 84' lang='lat' dir='ltr'>colori</span> 
     </span>
     <span class='ocr_line' id='line_1_39' title="bbox 386 1901 1764 1985; baseline 0.005 -17"><span class='ocrx_word' id='word_1_350' title='bbox 386 1933 610 1982; x_wconf 86' lang='lat' dir='ltr'>conspiciendo</span> <span class='ocrx_word' id='word_1_351' title='bbox 626 1947 786 1982; x_wconf 72' lang='lat' dir='ltr'>aptatum,</span> <span class='ocrx_word' id='word_1_352' title='bbox 803 1936 931 1971; x_wconf 88' lang='lat' dir='ltr'>rubrum</span> <span class='ocrx_word' id='word_1_353' title='bbox 945 1950 975 1973; x_wconf 77' lang='grc' dir='ltr'>ν.</span> <span class='ocrx_word' id='word_1_354' title='bbox 1020 1949 1043 1973; x_wconf 89' lang='lat' dir='ltr'>r.</span> <span class='ocrx_word' id='word_1_355' title='bbox 1058 1901 1199 1971; x_wconf 55' lang='lat' dir='ltr'>migrem</span> <span class='ocrx_word' id='word_1_356' title='bbox 1220 1938 1252 1971; x_wconf 85' lang='lat' dir='ltr'>in</span> <span class='ocrx_word' id='word_1_357' title='bbox 1273 1937 1397 1971; x_wconf 86' lang='lat' dir='ltr'>extimo</span> <span class='ocrx_word' id='word_1_358' title='bbox 1410 1935 1547 1978; x_wconf 87' lang='lat' dir='ltr'>circulo,</span> <span class='ocrx_word' id='word_1_359' title='bbox 1568 1949 1764 1985; x_wconf 82' lang='lat' dir='ltr'>purpureum</span> 
     </span>
     <span class='ocr_line' id='line_1_40' title="bbox 385 1950 1765 2032; baseline 0.006 -16"><span class='ocrx_word' id='word_1_360' title='bbox 385 1995 440 2017; x_wconf 81' lang='lat' dir='ltr'>aut</span> <span class='ocrx_word' id='word_1_361' title='bbox 455 1983 620 2017; x_wconf 75' lang='lat' dir='ltr'>czeruleum</span> <span class='ocrx_word' id='word_1_362' title='bbox 630 1985 663 2018; x_wconf 88' lang='lat' dir='ltr'>in</span> <span class='ocrx_word' id='word_1_363' title='bbox 680 1985 923 2020; x_wconf 85' lang='lat' dir='ltr'>circulointimo</span> <span class='ocrx_word' id='word_1_364' title='bbox 932 1950 1112 2031; x_wconf 50' lang='lat' dir='ltr'>conspiciat·</span> <span class='ocrx_word' id='word_1_365' title='bbox 1127 1987 1213 2020; x_wconf 85' lang='lat' dir='ltr'>Cum</span> <span class='ocrx_word' id='word_1_366' title='bbox 1225 1997 1335 2019; x_wconf 85' lang='lat' dir='ltr'>autem</span> <span class='ocrx_word' id='word_1_367' title='bbox 1354 1997 1444 2031; x_wconf 83' lang='lat' dir='ltr'>aquae</span> <span class='ocrx_word' id='word_1_368' title='bbox 1459 1983 1588 2032; x_wconf 84' lang='lat' dir='ltr'>guttulae</span> <span class='ocrx_word' id='word_1_369' title='bbox 1597 1987 1631 2021; x_wconf 87' lang='lat' dir='ltr'>in</span> <span class='ocrx_word' id='word_1_370' title='bbox 1648 1985 1765 2024; x_wconf 87' lang='lat' dir='ltr'>orbem</span> 
     </span>
     <span class='ocr_line' id='line_1_41' title="bbox 386 2031 1763 2081; baseline 0.004 -16"><span class='ocrx_word' id='word_1_371' title='bbox 386 2031 592 2080; x_wconf 78' lang='lat' dir='ltr'>disponantur</span> <span class='ocrx_word' id='word_1_372' title='bbox 605 2034 687 2067; x_wconf 78' lang='lat' dir='ltr'>circa</span> <span class='ocrx_word' id='word_1_373' title='bbox 703 2032 828 2067; x_wconf 75' lang='lat' dir='ltr'>visionis</span> <span class='ocrx_word' id='word_1_374' title='bbox 843 2047 937 2068; x_wconf 81' lang='lat' dir='ltr'>axem</span> <span class='ocrx_word' id='word_1_375' title='bbox 955 2063 963 2074; x_wconf 79' lang='grc'>,</span> <span class='ocrx_word' id='word_1_376' title='bbox 984 2033 1072 2081; x_wconf 83' lang='lat' dir='ltr'>ipfius</span> <span class='ocrx_word' id='word_1_377' title='bbox 1093 2035 1181 2069; x_wconf 78' lang='lat' dir='ltr'>iridis</span> <span class='ocrx_word' id='word_1_378' title='bbox 1193 2033 1317 2069; x_wconf 81' lang='lat' dir='ltr'>colores</span> <span class='ocrx_word' id='word_1_379' title='bbox 1333 2034 1446 2068; x_wconf 81' lang='lat' dir='ltr'>itidem</span> <span class='ocrx_word' id='word_1_380' title='bbox 1458 2045 1489 2067; x_wconf 88' lang='lat' dir='ltr'>m</span> <span class='ocrx_word' id='word_1_381' title='bbox 1502 2032 1616 2070; x_wconf 73' lang='lat' dir='ltr'>orbem</span> <span class='ocrx_word' id='word_1_382' title='bbox 1634 2034 1763 2081; x_wconf 66' lang='lat' dir='ltr'>disposi-</span> 
     </span>
     <span class='ocr_line' id='line_1_42' title="bbox 387 2082 1763 2131; baseline 0.004 -17"><span class='ocrx_word' id='word_1_383' title='bbox 387 2082 410 2114; x_wconf 88' lang='lat' dir='ltr'>ti</span> <span class='ocrx_word' id='word_1_384' title='bbox 420 2092 602 2116; x_wconf 86' lang='lat' dir='ltr'>cernuntur.</span> <span class='ocrx_word' id='word_1_385' title='bbox 621 2083 673 2116; x_wconf 80' lang='lat' dir='ltr'>sic</span> <span class='ocrx_word' id='word_1_386' title='bbox 695 2082 750 2116; x_wconf 90' lang='lat' dir='ltr'>ubi</span> <span class='ocrx_word' id='word_1_387' title='bbox 769 2095 884 2127; x_wconf 77' lang='lat' dir='ltr'>aquam</span> <span class='ocrx_word' id='word_1_388' title='bbox 902 2095 958 2117; x_wconf 85' lang='lat' dir='ltr'>ore</span> <span class='ocrx_word' id='word_1_389' title='bbox 983 2082 1154 2131; x_wconf 66' lang='lat' dir='ltr'>spargimus</span> <span class='ocrx_word' id='word_1_390' title='bbox 1182 2082 1245 2118; x_wconf 90' lang='lat' dir='ltr'>sole</span> <span class='ocrx_word' id='word_1_391' title='bbox 1267 2082 1398 2124; x_wconf 81' lang='lat' dir='ltr'>averso,</span> <span class='ocrx_word' id='word_1_392' title='bbox 1417 2093 1485 2116; x_wconf 86' lang='lat' dir='ltr'>tum</span> <span class='ocrx_word' id='word_1_393' title='bbox 1509 2083 1580 2117; x_wconf 88' lang='lat' dir='ltr'>irim</span> <span class='ocrx_word' id='word_1_394' title='bbox 1610 2083 1763 2120; x_wconf 81' lang='lat' dir='ltr'>artificia·</span> 
     </span>
     <span class='ocr_line' id='line_1_43' title="bbox 386 2128 1762 2182; baseline 0.001 -19"><span class='ocrx_word' id='word_1_395' title='bbox 386 2129 451 2163; x_wconf 86' lang='lat' dir='ltr'>lem</span> <span class='ocrx_word' id='word_1_396' title='bbox 461 2159 470 2172; x_wconf 85' lang='lat'>‚</span> <span class='ocrx_word' id='word_1_397' title='bbox 484 2135 517 2166; x_wconf 91' lang='lat'>&amp;</span> <span class='ocrx_word' id='word_1_398' title='bbox 528 2128 616 2164; x_wconf 91' lang='lat' dir='ltr'>nullo</span> <span class='ocrx_word' id='word_1_399' title='bbox 635 2131 733 2164; x_wconf 88' lang='lat' dir='ltr'>modo</span> <span class='ocrx_word' id='word_1_400' title='bbox 745 2130 764 2165; x_wconf 72' lang='grc' dir='ltr'>ξι</span> <span class='ocrx_word' id='word_1_401' title='bbox 775 2131 908 2165; x_wconf 80' lang='lat' dir='ltr'>naturali</span> <span class='ocrx_word' id='word_1_402' title='bbox 923 2130 1078 2166; x_wconf 55' lang='lat' dir='ltr'>diversum</span> <span class='ocrx_word' id='word_1_403' title='bbox 1090 2131 1246 2167; x_wconf 84' lang='lat' dir='ltr'>efficimus</span> <span class='ocrx_word' id='word_1_404' title='bbox 1258 2161 1266 2172; x_wconf 85' lang='grc'>,</span> <span class='ocrx_word' id='word_1_405' title='bbox 1281 2137 1366 2181; x_wconf 85' lang='lat' dir='ltr'>cujus</span> <span class='ocrx_word' id='word_1_406' title='bbox 1379 2130 1501 2165; x_wconf 73' lang='lat' dir='ltr'>colores</span> <span class='ocrx_word' id='word_1_407' title='bbox 1513 2133 1544 2164; x_wconf 90' lang='lat' dir='ltr'>in</span> <span class='ocrx_word' id='word_1_408' title='bbox 1563 2131 1636 2166; x_wconf 58' lang='lat' dir='ltr'>nub=</span> <span class='ocrx_word' id='word_1_409' title='bbox 1651 2147 1683 2167; x_wconf 88' lang='lat' dir='ltr'>m</span> <span class='ocrx_word' id='word_1_410' title='bbox 1699 2146 1762 2182; x_wconf 85' lang='lat' dir='ltr'>op-</span> 
     </span>
     <span class='ocr_line' id='line_1_44' title="bbox 385 2176 1761 2227; baseline 0.003 -15"><span class='ocrx_word' id='word_1_411' title='bbox 385 2176 519 2227; x_wconf 73' lang='lat' dir='ltr'>politam</span> <span class='ocrx_word' id='word_1_412' title='bbox 533 2178 817 2214; x_wconf 71' lang='lat' dir='ltr'>transferimus.&lt;.ic</span> <span class='ocrx_word' id='word_1_413' title='bbox 836 2182 921 2214; x_wconf 83' lang='lat' dir='ltr'>euim</span> <span class='ocrx_word' id='word_1_414' title='bbox 936 2193 983 2214; x_wconf 87' lang='lat' dir='ltr'>res</span> <span class='ocrx_word' id='word_1_415' title='bbox 1000 2184 1098 2216; x_wconf 59' lang='lat' dir='ltr'>etiam</span> <span class='ocrx_word' id='word_1_416' title='bbox 1117 2181 1266 2227; x_wconf 75' lang='lat' dir='ltr'>inaequali</span> <span class='ocrx_word' id='word_1_417' title='bbox 1277 2183 1296 2215; x_wconf 74' lang='grc' dir='ltr'>ἐι</span> <span class='ocrx_word' id='word_1_418' title='bbox 1314 2179 1406 2215; x_wconf 83' lang='lat' dir='ltr'>nobis</span> <span class='ocrx_word' id='word_1_419' title='bbox 1423 2178 1595 2214; x_wconf 76' lang='lat' dir='ltr'>intervallo</span> <span class='ocrx_word' id='word_1_420' title='bbox 1606 2193 1761 2226; x_wconf 79' lang='lat' dir='ltr'>remotas,</span> 
     </span>
     <span class='ocr_line' id='line_1_45' title="bbox 384 2225 1759 2277; baseline 0.003 -16"><span class='ocrx_word' id='word_1_421' title='bbox 384 2226 469 2275; x_wconf 59' lang='lat' dir='ltr'>quasi</span> <span class='ocrx_word' id='word_1_422' title='bbox 482 2227 647 2272; x_wconf 67' lang='lat' dir='ltr'>:equaliter</span> <span class='ocrx_word' id='word_1_423' title='bbox 663 2228 683 2263; x_wconf 73' lang='grc' dir='ltr'>ἓι</span> <span class='ocrx_word' id='word_1_424' title='bbox 696 2228 790 2262; x_wconf 83' lang='lat' dir='ltr'>nobis</span> <span class='ocrx_word' id='word_1_425' title='bbox 807 2229 957 2263; x_wconf 52' lang='lat' dir='ltr'>distaerent</span> <span class='ocrx_word' id='word_1_426' title='bbox 971 2258 980 2272; x_wconf 91' lang='lat'><em>‚</em></span> <span class='ocrx_word' id='word_1_427' title='bbox 997 2235 1031 2266; x_wconf 64' lang='grc' dir='ltr'>ὃς</span> <span class='ocrx_word' id='word_1_428' title='bbox 1049 2232 1080 2264; x_wconf 84' lang='lat' dir='ltr'>iu</span> <span class='ocrx_word' id='word_1_429' title='bbox 1099 2231 1214 2264; x_wconf 61' lang='lat' dir='ltr'>eadem</span> <span class='ocrx_word' id='word_1_430' title='bbox 1237 2228 1333 2264; x_wconf 42' lang='lat' dir='ltr'>‘Ast-nt</span> <span class='ocrx_word' id='word_1_431' title='bbox 1351 2225 1512 2275; x_wconf 75' lang='lat' dir='ltr'>superficie</span> <span class='ocrx_word' id='word_1_432' title='bbox 1528 2228 1759 2277; x_wconf 67' lang='lat' dir='ltr'>conspicimus,</span> 
     </span>
     <span class='ocr_line' id='line_1_46' title="bbox 384 2276 1759 2323; baseline 0.004 -13"><span class='ocrx_word' id='word_1_433' title='bbox 384 2277 468 2310; x_wconf 86' lang='lat' dir='ltr'>unde</span> <span class='ocrx_word' id='word_1_434' title='bbox 479 2282 510 2312; x_wconf 62' lang='grc' dir='ltr'>ὃς</span> <span class='ocrx_word' id='word_1_435' title='bbox 523 2280 655 2311; x_wconf 81' lang='lat' dir='ltr'>turrium</span> <span class='ocrx_word' id='word_1_436' title='bbox 672 2277 791 2323; x_wconf 68' lang='lat' dir='ltr'>fastigia</span> <span class='ocrx_word' id='word_1_437' title='bbox 803 2306 811 2320; x_wconf 87' lang='lat'>‚</span> <span class='ocrx_word' id='word_1_438' title='bbox 826 2282 942 2313; x_wconf 77' lang='lat' dir='ltr'>&amp;aves</span> <span class='ocrx_word' id='word_1_439' title='bbox 962 2278 1038 2321; x_wconf 67' lang='lat' dir='ltr'>ipsis</span> <span class='ocrx_word' id='word_1_440' title='bbox 1054 2281 1083 2313; x_wconf 77' lang='lat' dir='ltr'>iu</span> <span class='ocrx_word' id='word_1_441' title='bbox 1099 2278 1270 2312; x_wconf 69' lang='lat' dir='ltr'>ffiblimiori</span> <span class='ocrx_word' id='word_1_442' title='bbox 1286 2291 1358 2313; x_wconf 75' lang='lat' dir='ltr'>aere</span> <span class='ocrx_word' id='word_1_443' title='bbox 1377 2276 1522 2310; x_wconf 57' lang='lat' dir='ltr'>volantes</span> <span class='ocrx_word' id='word_1_444' title='bbox 1536 2306 1544 2319; x_wconf 89' lang='lat'><em>‚</em></span> <span class='ocrx_word' id='word_1_445' title='bbox 1559 2280 1603 2312; x_wconf 90' lang='lat' dir='ltr'>uti</span> <span class='ocrx_word' id='word_1_446' title='bbox 1620 2285 1651 2315; x_wconf 84' lang='lat'>&amp;</span> <span class='ocrx_word' id='word_1_447' title='bbox 1669 2278 1759 2315; x_wconf 83' lang='lat' dir='ltr'>colo·</span> 
     </span>
     <span class='ocr_line' id='line_1_47' title="bbox 384 2323 1759 2374; baseline 0.004 -17"><span class='ocrx_word' id='word_1_448' title='bbox 384 2337 432 2357; x_wconf 86' lang='lat' dir='ltr'>res</span> <span class='ocrx_word' id='word_1_449' title='bbox 447 2326 531 2359; x_wconf 84' lang='lat' dir='ltr'>iridis</span> <span class='ocrx_word' id='word_1_450' title='bbox 543 2326 580 2359; x_wconf 81' lang='lat' dir='ltr'>ad</span> <span class='ocrx_word' id='word_1_451' title='bbox 594 2325 782 2372; x_wconf 78' lang='lat' dir='ltr'>nubesipsas</span> <span class='ocrx_word' id='word_1_452' title='bbox 802 2325 970 2360; x_wconf 81' lang='lat' dir='ltr'>referimus</span> <span class='ocrx_word' id='word_1_453' title='bbox 990 2341 996 2361; x_wconf 91' lang='lat'>:</span> <span class='ocrx_word' id='word_1_454' title='bbox 1016 2329 1102 2374; x_wconf 73' lang='lat' dir='ltr'>quor}</span> <span class='ocrx_word' id='word_1_455' title='bbox 1122 2327 1204 2361; x_wconf 73' lang='lat' dir='ltr'>ultr-t</span> <span class='ocrx_word' id='word_1_456' title='bbox 1220 2339 1341 2361; x_wconf 64' lang='lat' dir='ltr'>cattum</span> <span class='ocrx_word' id='word_1_457' title='bbox 1367 2331 1397 2361; x_wconf 66' lang='lat' dir='ltr'>&amp;c</span> <span class='ocrx_word' id='word_1_458' title='bbox 1424 2323 1593 2361; x_wconf 72' lang='lat' dir='ltr'>definitum</span> <span class='ocrx_word' id='word_1_459' title='bbox 1625 2327 1759 2374; x_wconf 80' lang='lat' dir='ltr'>spatium</span> 
     </span>
    </p>
   </div>
   <div class='ocr_carea' id='block_1_6' title="bbox 381 2372 1758 2427">
    <p class='ocr_par' dir='ltr' id='par_1_9' title="bbox 381 2372 1758 2427">
     <span class='ocr_line' id='line_1_48' title="bbox 381 2372 1758 2427; baseline 0.006 -21"><span class='ocrx_word' id='word_1_460' title='bbox 381 2372 589 2421; x_wconf 62' lang='lat' dir='ltr'>objedtorum</span> <span class='ocrx_word' id='word_1_461' title='bbox 603 2375 766 2412; x_wconf 78' lang='lat' dir='ltr'>distantias</span> <span class='ocrx_word' id='word_1_462' title='bbox 781 2374 867 2423; x_wconf 80' lang='lat' dir='ltr'>quasi</span> <span class='ocrx_word' id='word_1_463' title='bbox 880 2377 1016 2412; x_wconf 87' lang='lat' dir='ltr'>omnino</span> <span class='ocrx_word' id='word_1_464' title='bbox 1032 2377 1168 2425; x_wconf 76' lang='lat' dir='ltr'>aequales</span> <span class='ocrx_word' id='word_1_465' title='bbox 1177 2378 1363 2424; x_wconf 75' lang='lat' dir='ltr'>judicemus,</span> <span class='ocrx_word' id='word_1_466' title='bbox 1382 2374 1480 2414; x_wconf 80' lang='lat' dir='ltr'>Unde</span> <span class='ocrx_word' id='word_1_467' title='bbox 1503 2376 1665 2413; x_wconf 85' lang='lat' dir='ltr'>interdurn</span> <span class='ocrx_word' id='word_1_468' title='bbox 1683 2376 1758 2427; x_wconf 23' lang='lat' dir='ltr'>plu-⁴</span> 
     </span>
    </p>
   </div>
   <div class='ocr_carea' id='block_1_7' title="bbox 1827 0 1878 2724">
    <p class='ocr_par' dir='ltr' id='par_1_10' title="bbox 1827 0 1878 2724">
     <span class='ocr_line' id='line_1_49' title="bbox 1827 0 1878 2724; baseline 0 0"><span class='ocrx_word' id='word_1_469' title='bbox 1827 0 1878 2724; x_wconf 95' lang='lat' dir='ltr'> </span> 
     </span>
    </p>
   </div>
  </div>
 </body>
</html>
