1878 2724
121 166 205 212 ‘Qo
214 167 310 215 igitur
324 165 388 201 haec
401 165 560 202 notiffima
578 168 618 200 ad
632 167 664 201 id
677 169 765 214 quod
1053 157 1060 165 ¹
1411 148 1457 183 ῃ)

80 213 282 263 'propofitum
292 215 336 248 est
348 244 358 259 ,
366 215 576 263 applicentur,
588 214 624 250 sit
636 227 718 249 terra
732 219 765 251 in

82 280 84 283 >
113 265 208 298 uncto
229 265 250 297 S
269 262 326 297 suae
347 264 461 299 orbitae
482 267 502 298 S
517 266 546 297 G
560 266 580 298 S
596 292 605 307 ‚
625 277 702 299 unus
724 276 763 298 ex

85 275 296 359 &perietibus
311 312 445 360 planetis
463 314 495 347 in
513 315 632 361 puncto
656 313 698 355 L,
718 311 764 346 sol

81 360 119 393 rin
128 360 237 395 medio
256 362 283 394 A
297 374 304 396 :
316 363 519 410 tumJupiter
530 375 558 396 v.
573 373 619 409 gr.
633 359 688 395 soli
701 373 762 408 op-

83 406 202 456 pofitus
217 438 226 452 ‚
255 413 289 445 δε
308 420 395 444 tetrae
411 412 573 457 proximus
591 408 761 452 videbitur,

83 458 207 504 eritque
229 456 450 505 vespertinus:
481 470 555 493 nam
579 457 643 491 sole
662 459 762 492 Occi·-

81 504 180 539 dente
215 508 341 542 orietur.
366 507 452 541 Cum
484 518 592 540 autern
619 517 702 540 terra
727 511 760 541 ἃ

82 553 216 599 planetae
242 556 274 589 in
308 554 432 590 easdem
462 566 564 602 partes
593 554 737 589 ferantur
751 581 760 596 ,

80 602 185 636 versus
212 604 385 638 Orientem
401 631 411 646 ‚
440 601 492 637 sed
514 614 594 637 terta
619 602 759 636 velocius

79 650 185 684 versus
203 652 237 685 H
255 652 477 699 progrediatur
491 680 500 694 ,
516 663 615 698 quam
627 652 759 698 jupiter

77 698 112 732 in
124 697 250 733 easdem
268 711 372 746 partes
388 700 516 734 incedat
527 729 535 743 ,
549 710 614 734 tum
625 700 695 733 [ane
705 699 755 734 hic

69 745 169 780 {iobis
192 749 225 782 in
247 757 329 781 terra
348 749 531 782 constitutis
555 777 564 792 ‚
582 747 601 783 ἐι
614 748 754 796 pumero,

74 793 126 829 seu
142 794 162 830 ὲ
183 794 270 830 stella
290 796 341 839 C,
368 797 406 830 ad
426 796 552 833 stellam
574 797 752 846 Qegredi

74 842 259 883 videbitur:
275 857 349 880 nam
367 857 450 880 terra
469 848 550 881 circa
569 847 721 893 punctum
733 860 751 890 9

71 892 223 928 existente
240 893 418 929 intuebitur
446 896 559 940 jovem
578 896 604 928 L
622 906 677 940 per
701 906 751 927 ra..

69 938 188 986 dium'9
205 943 297 990 LQ
311 942 397 989 quafi
413 940 588 978 retrantus
609 940 872 991 fuisset2Jupitet
893 934 1058 984 paululum
1090 938 1263 987 ptogteffus
1281 946 1316 979 δε
1334 943 1440 979 adhuc

68 990 191 1024 vicinus
230 993 327 1025 uncto
343 993 368 1025 L
384 990 579 1040 supponitur.

117 1039 184 1084 Jam
199 1003 355 1086 fingamus
379 1052 496 1074 terram
515 1040 555 1074 ad
572 1041 728 1088 puanum
747 1041 776 1072 G
795 1034 974 1071 transsatam
991 1047 998 1067 :
1014 1034 1095 1068 adeo
1107 1046 1142 1070 ut
1158 1036 1204 1071 sol
1220 1040 1248 1072 A
1266 1041 1436 1088 &Jupiter

62 1085 94 1119 -L
109 1097 165 1133 per
182 1088 322 1121 eundem
338 1088 462 1122 radium
482 1088 652 1122 videantur
667 1105 676 1132 ·‚
690 1099 757 1123 turn
775 1084 846 1120 sane
855 1085 981 1133 Jupiter
995 1082 1051 1115 soli
1069 1088 1256 1131 corjunEtus
1270 1116 1280 1130 ‚
1300 1094 1334 1124 δε
1352 1089 1435 1122 dire-

65 1135 153 1178 ctus,
167 1135 200 1168 id
218 1136 260 1169 est
271 1138 359 1170 citius
378 1139 503 1171 moveri
515 1138 549 1171 in
568 1138 744 1173 Orientem
763 1131 939 1182 apparebit.
965 1131 1052 1165 Cum
1068 1133 1154 1166 enim
1167 1145 1247 1168 tetra
1266 1135 1369 1170 versus
1391 1139 1434 1173 M

62 1183 266 1230 progreditur
279 1213 290 1227 ,
305 1189 337 1221 &
355 1186 485 1232 Jupiter
502 1186 535 1219 in
552 1187 723 1219 contrarias
738 1193 842 1230 partes
855 1209 864 1224 ‚
879 1192 947 1214 tum
960 1182 985 1213 is
1014 1179 1180 1215 celerrime
1204 1181 1306 1220 versus
1324 1195 1434 1220 ortum

62 1229 141 1264 ferri
158 1243 298 1280 apparet.
325 1235 412 1267 Huic
427 1235 516 1267 enim
535 1245 591 1267 nos
604 1234 661 1280 qui
681 1236 712 1266 in
729 1242 811 1266 terra
825 1228 928 1263 sumus
942 1257 952 1271 ‚
970 1232 1003 1264 &
1026 1240 1150 1263 motum
1166 1241 1256 1265 terrae
1274 1244 1341 1268 non
1357 1245 1433 1280 per..

59 1280 195 1326 cipimus
207 1309 218 1324 ‚
234 1281 456 1330 eundemJovi
478 1292 534 1316 aut
552 1281 620 1315 aliis
639 1280 772 1328 planetis
787 1275 985 1325 affingimus,
1001 1278 1088 1311 Tum
1101 1279 1196 1324 igitur
1209 1291 1316 1314 motus
1341 1283 1430 1330 Jovis

59 1327 199 1363 directus
209 1357 219 1371 ‚
232 1334 264 1365 &
276 1329 408 1363 celerior
419 1342 515 1377 quam
538 1342 594 1378 par
604 1329 639 1364 sit
651 1330 819 1376 judicatur.
837 1329 873 1360 In
887 1326 996 1359 medio
1011 1325 1077 1359 fere
1097 1328 1179 1361 inter
1193 1340 1363 1377 utrumque
1388 1329 1428 1364 li-

59 1377 171 1411 mitem
186 1377 357 1412 intervallo
368 1407 377 1421 ‚
393 1377 442 1412 seu
466 1380 548 1412 inter
566 1379 828 1426 conjunctionem
841 1403 850 1417 ‚
863 1379 897 1410 &
910 1372 1141 1421 oppofitionem
1159 1388 1232 1411 cum
1247 1376 1311 1411 sole
1322 1406 1332 1420 ‚
1347 1378 1428 1413 scili-

55 1434 109 1458 cet
122 1426 152 1458 in
166 1426 359 1472 quadraturis
376 1427 491 1460 eodem
505 1427 581 1460 stare
598 1426 670 1460 loco
684 1425 819 1473 planetae
828 1433 1001 1457 cernuntur
1012 1436 1020 1457 ε
1033 1423 1115 1456 unde
1132 1429 1165 1459 &
1179 1425 1355 1460 stationarii
1377 1428 1428 1460 di-

56 1483 192 1509 cuntur:
223 1486 297 1509 nam
321 1473 376 1509 sub
394 1474 505 1508 iisdem
531 1473 626 1508 stellis
641 1483 806 1521 apparent.
826 1473 910 1506 Hinc
924 1473 1041 1505 merito
1053 1469 1170 1506 Plinius
1184 1475 1314 1508 miratur
1334 1477 1426 1509 Mar-

55 1531 121 1555 tem
143 1522 252 1557 multis
270 1522 424 1558 mensibus
436 1525 470 1557 in
480 1523 595 1557 eodem
605 1523 730 1558 zodiaci
741 1520 827 1568 [iguo
837 1522 1051 1562 commorati,
1071 1521 1158 1566 quod
1177 1522 1309 1558 duorum
1331 1536 1425 1559 men-

51 1566 128 1604 fium
146 1569 247 1617 spatio
261 1571 361 1605 debet
373 1583 564 1618 percurrere.

83 1620 126 1651 Ex
143 1621 180 1651 iis
192 1618 294 1664 liquet
304 1632 357 1653 cur
368 1622 454 1653 Mars
471 1618 565 1667 ionge
576 1618 709 1666 amplius
723 1616 848 1661 regredi
871 1616 1016 1651 videatur
1031 1645 1039 1659 ,
1054 1618 1296 1664 quamJupirer,
1312 1623 1344 1655 δε
1369 1619 1422 1654 hic

51 1667 150 1713 magis
165 1678 261 1712 quam
276 1670 434 1702 SaturnuS.
453 1668 532 1714 Qo
546 1669 630 1701 enirn
649 1657 775 1714 planet}
789 1663 953 1699 sublimior
964 1665 1007 1699 est
1017 1694 1025 1707 ‚
1040 1676 1132 1699 tanto
1145 1678 1302 1700 minorem
1312 1679 1419 1703 arcum

48 1715 327 1762 retrograditionis
343 1728 395 1758 ,ut
410 1727 528 1750 vocant
539 1744 548 1757 ‚
560 1715 719 1750 describit.
744 1714 823 1759 Qo
839 1715 924 1748 enim
938 1715 1093 1760 punitum
1117 1714 1143 1746 L
1157 1714 1202 1746 est
1220 1713 1313 1748 nobis
1337 1719 1418 1750 vici-

47 1764 133 1805 nius,
153 1764 182 1798 C
195 1764 248 1811 Q
266 1766 319 1811 qui
333 1762 499 1812 regreisum
512 1763 648 1812 planetae
662 1774 834 1808 utcumque
860 1762 978 1796 indicat
990 1790 999 1803 ,
1019 1766 1118 1808 major
1135 1761 1181 1795 est
1197 1773 1204 1794 :
1219 1762 1289 1797 fere
1314 1776 1348 1797 ut
1375 1765 1416 1799 de

48 1811 361 1857 parallaxidix³musz
381 1818 414 1849 &
431 1824 516 1846 certe
535 1813 598 1846 haec
617 1822 724 1847 motus
746 1810 943 1857 inaequalitas
975 1810 1017 1844 est
1028 1812 1160 1844 omnino
1179 1813 1286 1859 optica
1304 1817 1336 1848 δε
1361 1826 1418 1862 ap-

47 1870 162 1905 parens
176 1888 185 1902 ,
202 1873 266 1894 non
281 1860 410 1908 Physica
425 1865 457 1896 &
472 1861 575 1896 realis.

82 1909 191 1953 Qare
202 1910 349 1943 Saturnus
361 1911 464 1943 minus
473 1909 602 1954 quidem
614 1909 752 1956 retroagi
764 1907 889 1941 videtur
909 1905 1006 1953 quam
1017 1909 1138 1955 Jupiter
1148 1936 1157 1951 ‚
1175 1907 1225 1942 sed
1235 1908 1342 1956 saepius
1358 1923 1364 1945 :
1383 1915 1418 1946 &

38 1955 169 2002 jupiter
183 1954 289 2002 saepius
301 1956 399 2003 quz‘tm
415 1958 503 1990 Mars
514 1957 750 2004 retrograditur.
774 1957 857 1991 Cum
877 1957 963 1990 enim
986 1958 1137 1991 Saturnus
1152 1970 1185 1992 12
1201 1958 1312 2004 gradus
1328 1986 1336 1999 ‚
1356 1960 1416 2006 Ju-

46 2004 178 2048 piter-30
196 2005 229 2036 in
241 2003 291 2037 sua
304 2007 423 2050 quique
433 2003 539 2039 orbita
552 2017 744 2051 unoquoque
757 2017 842 2039 anno
857 2004 1030 2039 conficiant
1043 2019 1049 2039 :
1063 2016 1145 2038 terra
1156 2003 1327 2049 utrumque
1345 2005 1417 2040 bre.

46 2052 77 2083 vi
99 2048 283 2097 affe-quitur,
300 2057 332 2087 &
344 2052 439 2099 longe
448 2051 580 2086 celerius
594 2053 691 2098 quam
710 2054 863 2089 Martem.
882 2055 968 2087 Inter
986 2056 1161 2088 maximam
1189 2060 1222 2091 δε
1244 2057 1409 2090 minimam

45 2100 197 2134 Saturni&
210 2098 302 2133 nobis
313 2100 626 2137 distantiammenfes
640 2099 707 2134 sunt
717 2100 766 2135 sex
777 2130 787 2144 ‚
807 2108 840 2138 &
859 2102 953 2150 paulo
966 2102 1098 2149 amplius
1107 2131 1117 2145 ,
1137 2104 1169 2137 in
1177 2105 1263 2150 Jove
1276 2102 1324 2136 sex
1336 2115 1408 2137 cum

43 2147 197 2190 dimidio,
216 2150 251 2182 in
274 2150 383 2182 Marte
401 2148 561 2181 tredecim.

77 2194 133 2229 Sol
147 2209 306 2243 nunquam
321 2195 443 2243 regredi
463 2197 605 2231 videtur:
620 2208 693 2230 nam
700 2201 788 2242 juxta
800 2197 1017 2242 Copernicum
1036 2210 1126 2232 terrse
1140 2208 1262 2230 motum
1282 2198 1313 2230 in
1333 2209 1407 2231 eum

42 2243 268 2280 transferimus,
284 2244 544 2291 lnTychoniana
561 2256 692 2290 quoque
704 2245 869 2292 hypothesi
889 2258 958 2292 quae
973 2245 1041 2279 satis
1056 2244 1227 2279 commode
1241 2244 1307 2277 hcec
1322 2244 1407 2290 phae-

39 2303 180 2326 nomena
191 2293 328 2340 explicat
343 2320 353 2334 ,
363 2294 504 2339 quinque
515 2291 650 2339 planetae
660 2294 739 2325 circa
749 2292 846 2327 solem
859 2305 1009 2340 tanquam
1025 2303 1167 2327 centrum
1184 2303 1307 2338 gyrant.
1332 2294 1407 2326 Nec

39 2337 112 2373 luna
126 2352 268 2386 unquam
288 2341 461 2389 regreditur
479 2369 488 2384 ‚
505 2342 581 2388 quia
596 2342 676 2374 circa
693 2351 808 2375 terram
830 2344 971 2376 vertitur.
991 2343 1063 2377 Nec
1080 2340 1211 2421 demuIm
1226 2339 1316 2394 ste¹5¹³³
1333 2339 1401 2375 ἧκε

1126 2390 1146 2421 S
1194 2388 1243 2432 'iij
1401 2393 1404 2396 ’
