1878 2724
447 135 515 170 DE
555 134 726 172 Moru
769 134 1033 174 smERUM.
1401 155 1458 188 309

81 196 138 235 per
162 195 236 219 auca
245 194 413 233 excerpere
422 196 431 219 t
441 195 479 218 ea
493 184 615 233 quippe
628 183 776 220 nonnihil
785 183 863 219 lucis
880 183 950 220 sunt
961 185 1095 220 allatura
1105 185 1141 219 iis
1151 197 1223 233 quae
1238 186 1306 224 fuse
1315 191 1381 236 jam
1395 202 1455 226 ex-

78 196 253 283 possimus.

115 284 256 318 Primum
276 283 387 329 itaque
398 293 433 318 ut
452 285 487 318 in
507 281 648 326 tellum,
667 281 706 317 fic
723 284 755 317 in
771 281 854 318 lunae
875 281 978 331 globo
990 285 1057 319 axis
1078 285 1221 332 proprius
1237 288 1270 321 δι
1298 286 1361 321 duo
1386 288 1452 336 poli

81 341 170 366 terra:
188 331 271 379 polis
291 331 418 379 analogi
429 361 437 375 ‚
452 344 590 379 quorum
607 344 687 367 unus
703 330 749 365 est
772 330 909 367 borealis
922 359 932 374 ‚
950 331 1032 367 alter
1047 332 1188 367 australis
1207 333 1360 383 distingui
1383 336 1454 385 pos-

75 378 145 415 fimt
153 407 163 423 ,
186 381 270 427 iique
289 393 356 416 non
366 380 478 415 iisdem
487 383 622 416 omnino
630 381 755 428 punctis
768 385 801 417 &
814 379 924 415 iisdem
935 380 1066 415 maculis
1077 379 1146 415 sunt
1154 379 1254 419 affixi.

109 441 136 465 2.
170 430 219 465 Ut
229 430 340 464 diurna
357 428 522 464 revolutio
535 429 695 464 stellarum
711 433 800 477 juxta
819 429 1042 477 Copernicurn
1065 427 1106 462 ab
1118 440 1189 464 ortu
1203 431 1236 465 in
1249 430 1395 468 occasum
1412 446 1451 470 ex

75 476 189 514 diurna
207 488 299 512 terrae
318 479 476 526 vertigine
489 476 531 513 ab
548 476 658 512 occasu
667 479 699 512 in
707 488 818 513 ortum
828 476 1058 526 proficiscitur:
1075 475 1169 512 fimili
1188 479 1310 526 prorsus
1324 484 1452 517 ratione

75 526 172 561 oculo
183 529 216 561 in
229 529 377 574 quamvis
391 527 471 562 lunae
485 538 608 575 partem
620 525 771 561 transsato
783 553 794 569 ,
807 525 967 561 revolutio
978 526 1126 573 quaedam
1145 527 1306 562 stellarum
1323 529 1364 564 ab
1377 543 1451 568 ortu

75 575 110 609 in
126 575 270 610 occasum
282 574 467 624 apparebit,
484 572 631 623 figlobus
649 573 766 610 lunaris
790 577 874 609 circa
888 577 1055 623 proprium
1075 587 1171 611 axem
1184 588 1336 613 vertatur.

114 637 139 667 3.
176 627 224 661 Ut
244 624 344 658 iidem
357 623 423 659 sunt
440 626 472 659 in
490 623 564 659 luna
574 622 659 671 poli,
674 623 761 658 idem
778 625 935 658 maximus
946 623 1080 658 circulus
1095 626 1151 671 qui
1172 624 1261 661 estin
1272 624 1380 660 medio
1400 629 1450 661 in-

74 681 122 706 ter
139 683 310 719 utrumque
323 672 433 719 polum
444 671 635 707 intervallo:
651 670 690 706 fic
701 673 800 707 iidem
814 672 884 706 sunt
899 671 1044 719 paralleli
1062 672 1133 706 huic
1150 675 1294 709 maximo
1310 675 1447 719 circulo,

71 722 127 767 qui
139 722 294 768 aequatori
309 731 396 755 terrae
408 721 451 754 est
461 720 554 756 analo
577 732 630 763 υς,
652 720 752 755 iidem
769 720 840 763 sunt
852 721 1021 758 meridiani
1036 723 1091 768 qui
1110 733 1167 769 per
1184 720 1317 771 singulas
1339 735 1449 759 macu-

70 767 115 803 las
135 767 355 818 pertranseunt
374 786 383 813 3
401 781 536 816 cumque
572 772 676 804 unaris
690 768 807 812 sedtio,
820 782 891 817 quae
915 780 1040 818 partem
1060 769 1249 806 luminosam
1262 769 1303 805 ab
1317 770 1448 807 obscura

70 816 199 862 dividit,
216 819 309 852 variis
321 817 520 866 temporibus
535 830 592 866 per
602 817 738 852 diversas
754 818 892 854 maculas
904 817 1097 867 pertranseat
1107 847 1117 862 ‚
1133 824 1166 855 ὅ(
1179 821 1210 854 in
1221 819 1445 869 hemisphaerio

69 864 165 900 nobis
184 865 326 915 exposito
337 865 379 901 ab
399 866 510 902 occasu
524 869 557 902 in
565 878 672 901 ortum
689 867 838 915 progredi
848 868 1015 910 videatur,
1029 866 1125 901 oculo
1139 869 1172 902 in
1186 867 1265 903 lunae
1280 867 1446 917 superficie

68 916 239 951 constituto
264 914 306 949 ab
324 927 395 950 ortu
418 917 449 950 in
459 914 603 950 occasum
623 916 735 950 eadem
747 916 845 950 tectio
861 915 938 950 ferri
957 914 1130 952 videbitur.
1140 918 1229 952 Nam
1244 928 1348 964 partes
1364 917 1445 953 lunae

68 974 139 1009 quae
152 963 245 998 nobis
262 963 330 998 sunt
340 963 589 1007 Occidentales‚
607 963 703 998 oculo
715 966 747 999 in
766 963 848 999 lunae
865 962 1028 1012 superficie
1042 962 1147 1012 pofito
1167 976 1282 1000 terram
1310 966 1442 1002 coelum-

66 1022 132 1057 que
147 1010 307 1060 aspicienti
318 1012 505 1049 Orientales
519 1012 631 1047 futurae
641 1012 719 1049 sunt.
747 1013 1033 1060 Quemadmodum
1045 1025 1148 1059 partes
1158 1025 1246 1048 terrae
1259 1026 1329 1062 quae
1347 1014 1442 1050 nobis

67 1060 109 1093 ad
123 1061 339 1096 Occidentem
353 1060 458 1110 pofitae
472 1060 555 1104 sunt,
570 1063 748 1109 Antipodes
765 1062 805 1095 ad
823 1063 998 1097 Orientem
1018 1060 1087 1095 siras
1100 1063 1257 1109 judicant.
1293 1064 1403 1111 Qare
1421 1063 1442 1098 si

67 1110 141 1153 quis
160 1107 235 1143 effet
247 1111 279 1144 in
294 1109 366 1144 luna
375 1109 565 1144 constitutus
580 1138 590 1153 ‚
611 1112 635 1143 is
651 1109 844 1157 progressum
861 1109 990 1144 luminis
1001 1109 1108 1144 solaris
1128 1123 1185 1158 per
1206 1110 1288 1146 lunae
1299 1111 1440 1146 maculas

67 1155 109 1189 ab
120 1168 190 1191 ortu
203 1159 236 1192 in
247 1157 391 1192 occasum
408 1158 486 1192 ferri
501 1186 510 1200 ,
526 1170 662 1206 eamque
684 1157 766 1192 lunae
781 1157 1053 1192 illuminationem
1076 1156 1277 1197 successivam
1289 1159 1389 1207 spatio
1400 1174 1439 1203 29

66 1204 189 1239 dierum
199 1218 271 1241 cum
282 1205 400 1241 semilse
419 1205 529 1253 perfici
548 1205 702 1252 judicaret
719 1220 727 1242 :
744 1206 826 1243 adeo
841 1217 876 1243 ut
893 1206 959 1241 dies
971 1205 1119 1241 naturalis
1136 1208 1170 1241 in
1187 1207 1261 1242 luua
1278 1207 1331 1242 seu
1351 1208 1440 1242 resti-

65 1254 148 1287 tutio
159 1252 263 1288 solaris
276 1255 405 1289 luminis
415 1255 456 1288 ad
467 1253 591 1289 easdem
603 1253 682 1288 lunre
693 1253 830 1289 maculas
840 1253 902 1289 hoc
914 1253 1036 1289 dierum
1047 1266 1086 1297 29
1105 1253 1208 1303 spatio
1229 1268 1303 1291 curn
1320 1255 1439 1292 semiffe

64 1299 255 1339 absolvatur.

99 1364 134 1396 4.
163 1352 287 1386 Lunam
305 1351 515 1399 conspicimus
530 1363 568 1387 ex
580 1363 661 1387 terra
671 1360 729 1400 per
742 1350 843 1386 stellas
856 1350 934 1387 fixas
948 1364 1006 1399 pro
1031 1351 1098 1386 redi
1111 1379 1130 1396 ,h
1140 1356 1174 1389 &
1193 1352 1233 1386 ad
1250 1351 1376 1387 easdem
1393 1365 1439 1388 re-

64 1399 148 1432 verti
162 1398 262 1447 spatio
274 1399 342 1434 fere
359 1413 397 1443 27
407 1401 529 1435 dierum
547 1413 618 1435 cum
625 1403 757 1449 Jriente.
777 1404 888 1449 Qare
902 1403 958 1447 qui
969 1405 997 1435 ei
1013 1412 1069 1434 ent
1082 1403 1113 1434 in
1126 1400 1255 1435 maculis
1266 1411 1378 1435 centro
1389 1405 1438 1436 vi-

63 1447 142 1480 cinis
152 1475 162 1489 ,
172 1459 227 1482 aut
242 1450 321 1483 iniis
331 1461 399 1495 quae
411 1448 479 1483 sunt
492 1451 524 1483 in
533 1447 685 1496 superiori
703 1447 779 1483 lunae
789 1448 1012 1496 hemisphaerio
1021 1447 1188 1496 oppositae,
1199 1448 1325 1483 easdem
1335 1449 1436 1485 stellas

63 1495 264 1531 revolutione
283 1499 412 1544 peracta
423 1496 603 1533 verticibus
620 1499 825 1532 imminentes
844 1496 1071 1544 conspicerent.
1101 1497 1251 1545 Cumque
1268 1497 1434 1533 videamus

62 1541 172 1578 lunam
184 1557 241 1592 per
263 1544 339 1580 fixas
354 1549 478 1582 moveri
488 1544 529 1580 ab
540 1544 649 1580 occasu
663 1548 694 1580 in
711 1557 819 1581 ortum
835 1544 873 1582 :fi
884 1549 941 1593 qui
959 1541 1056 1580 effent
1076 1547 1108 1580 in
1127 1545 1276 1593 supremis
1301 1546 1434 1580 maculis

60 1592 227 1627 constituti
243 1623 252 1637 ‚
265 1595 362 1628 iidem
381 1594 485 1628 stellas
498 1593 540 1628 ab
553 1605 628 1628 ortu
638 1597 670 1628 in
680 1593 822 1629 occasum
832 1593 932 1642 spatio
943 1607 982 1634 27
999 1594 1122 1628 dierum
1132 1606 1205 1628 cum
1221 1596 1337 1628 triente
1360 1594 1435 1629 ferri

61 1640 286 1678 existimarent.
310 1644 394 1677 Cum
407 1655 484 1690 ergo
495 1643 617 1676 eaedem
641 1641 720 1676 lunae
743 1654 846 1690 patres
866 1641 992 1676 diversis
1017 1641 1215 1688 temporibus
1235 1643 1275 1675 ad
1296 1641 1433 1676 diversas

62 1685 139 1721 fixas
159 1691 190 1723 in
213 1690 362 1727 circulum
373 1689 530 1738 dispositas
547 1701 772 1725 convertantur
783 1719 792 1733 ,
805 1696 837 1727 δε
847 1690 965 1725 exdem
983 1689 1112 1724 maculae
1126 1701 1214 1724 terrae
1232 1688 1356 1737 semper
1369 1689 1432 1724 ob-

60 1747 226 1772 vertantur
238 1767 246 1781 ‚
258 1738 362 1786 palam
376 1740 417 1774 est
429 1751 480 1773 eas
495 1738 575 1777 lunae
592 1737 730 1773 maculas
743 1740 825 1773 cirea
843 1741 1007 1787 proprium
1022 1737 1103 1772 lunae
1119 1750 1212 1772 axem
1229 1740 1388 1784 torqueri,
1400 1744 1434 1775 ἃς

60 1785 212 1820 circulum
223 1799 327 1835 agere.
345 1789 397 1822 Sic
412 1799 494 1822 terra
506 1787 527 1823 a
540 1787 611 1822 luna
628 1785 795 1834 conspecta
812 1785 940 1821 diversis
961 1785 1159 1834 temporibus
1180 1789 1212 1820 in
1233 1786 1368 1820 diversas
1382 1789 1433 1822 in-

59 1832 139 1867 cidit
151 1834 250 1868 stellas
263 1864 272 1878 ‚
288 1849 359 1883 quae
371 1838 406 1871 iis
427 1847 634 1884 opponuntur
646 1863 656 1878 ,
673 1847 752 1882 quas
767 1847 805 1870 ex
819 1846 903 1869 terra
920 1834 1124 1869 observamus
1149 1834 1232 1870 lunae
1262 1833 1432 1882 oppositas

59 1881 107 1913 Fit
120 1893 227 1919 autem
242 1883 308 1918 baec
323 1884 401 1919 lunae
419 1883 579 1918 revolutio
599 1885 681 1928 circa
699 1895 792 1918 axem
806 1885 972 1931 proprium
990 1882 1032 1916 ab
1051 1881 1162 1917 occasu
1193 1885 1226 1917 in
1247 1894 1355 1918 ortum
1368 1883 1432 1918 ref..

58 1930 154 1974 pean
165 1929 302 1974 fixarum
315 1932 415 1980 spatio
432 1946 469 1976 ²7
481 1932 605 1967 dierum
618 1931 689 1969 fere
703 1944 776 1968 cum
795 1934 929 1967 triente:
943 1943 978 1966 ut
987 1931 1153 1970 revolutio
1165 1941 1256 1965 terrae
1263 1936 1352 1978 juxta
1363 1932 1432 1968 Co-

60 1978 224 2022 pernicum
236 1978 271 2013 fit
279 1983 361 2014 circa
375 1982 537 2029 proprium
549 1992 642 2020 axem
657 1979 758 2028 spatio
772 1994 789 2015 2
799 1996 818 2026 ς.
833 1980 984 2016 horarum
993 1993 1065 2016 cum
1076 1981 1205 2015 minutis
1226 1987 1267 2025 56
1275 2008 1285 2024 ‚
1301 1991 1360 2014 aut
1372 1983 1431 2015 cir-

57 2026 152 2061 citer.
167 2027 286 2061 Motus.
294 2027 347 2061 ille
356 2031 497 2076 corporis
507 2027 622 2067 lunaris
632 2031 715 2065 cirea
726 2032 891 2076 proprium
900 2041 993 2067 axem
1005 2041 1044 2064 ex
1054 2041 1094 2063 eo
1107 2039 1239 2075 quoque
1253 2026 1358 2077 colligi
1370 2041 1429 2076 po-

56 2073 119 2107 test
133 2075 240 2122 ,quod
255 2074 300 2109 sol
313 2088 423 2114 omnes
439 2076 521 2110 illius
529 2088 633 2122 partes
646 2079 728 2111 iutra
738 2076 872 2126 spatium
885 2079 1074 2116 menstruum
1086 2076 1253 2112 illuminet.
1263 2076 1350 2111 Cum
1366 2079 1428 2111 ita-

57 2133 124 2167 que
134 2134 247 2157 ornnes
261 2123 340 2158 lunae
349 2135 456 2171 partes
475 2123 519 2158 sol
536 2125 680 2167 irradiet,
693 2124 789 2160 sweis
803 2129 834 2161 in
852 2138 963 2162 centro
977 2128 1107 2161 vorticis
1122 2154 1131 2169 ,
1148 2124 1211 2160 five
1227 2127 1260 2160 in
1272 2124 1327 2159 suo
1345 2124 1425 2160 orbe

58 2170 263 2207 constituatur
277 2200 286 2214 ,
304 2171 424 2207 necesse
436 2173 478 2207 est
495 2183 531 2205 ut
544 2171 618 2209 luna
630 2175 713 2206 circa
721 2178 890 2222 proprium
900 2186 1046 2209 centrum
1059 2185 1166 2222 gyret,
1182 2173 1315 2208 Accedit
1328 2174 1427 2208 etiam

58 2218 146 2262 quod
159 2220 287 2254 maculae
301 2219 380 2268 polis
392 2219 481 2269 hujus
493 2231 599 2255 morus
610 2221 719 2255 vicinae
732 2235 846 2270 parvos
864 2223 1001 2259 circulos
1013 2215 1211 2263 describant,
1230 2231 1265 2254 ut
1284 2223 1326 2255 D.
1345 2220 1424 2255 Cas.

57 2264 137 2301 smus
146 2268 177 2301 in
188 2269 305 2302 eodem
315 2280 414 2316 opere
423 2270 541 2302 demon
547 2268 628 2302 strat.

97 2327 128 2361 5·
142 2318 176 2350 ln
187 2316 262 2352 luna
273 2328 307 2352 ut
324 2319 356 2353 in
375 2328 456 2352 terra
468 2345 478 2361 ‚
493 2316 563 2351 solis
576 2327 679 2352 motus
692 2328 810 2353 annuus
830 2323 863 2355 ὃς
885 2330 1037 2368 apparens
1052 2317 1229 2370 comparari
1249 2317 1354 2364 potest
1371 2317 1424 2352 vel

1109 2367 1175 2411 Q
1208 2369 1240 2411 111'
