1878 2724
484 146 845 187 TRACTATUS
883 146 1145 185 PR1MU5.'
1455 166 1489 180 v«

95 205 197 254 quiin
212 212 286 237 aere
302 198 422 236 sursum
441 202 608 249 projeetus
626 229 636 244 ‚
653 199 678 234 st
691 197 844 248 exquisite
861 197 898 233 sit
911 196 1105 233 re&ificauis
1121 203 1156 236 ἃ
1168 177 1494 248 putissirnusssvane‘fi

95 258 142 290 cit
154 283 165 298 ‚
181 263 358 298 antequam
369 250 511 286 decidat.
527 254 641 298 ltaque
653 251 779 298 argenti
789 250 857 284 vivi
873 247 1006 298 guttulae
1024 247 1112 283 forte
1130 247 1321 284 ab2cxterno
1334 261 1408 283 aere
1427 260 1494 284 tor-

99 313 229 347 nantur,
245 305 278 337 &
289 310 423 349 propter
440 300 621 349 angustiam
632 311 800 335 meatuum
813 300 900 333 intus
912 310 978 333 non
999 295 1108 334 subit:
1125 296 1178 333 sed
1205 297 1400 334 extrinsecus
1427 301 1496 334 vim

98 351 348 399 suamapplicat.
370 350 500 384 Contra
513 351 544 385 in
559 348 666 397 spiriru
685 351 754 385 vini
767 361 841 383 cum
855 347 956 395 ampli
967 345 1029 382 sint
1045 349 1118 396 pori
1129 360 1201 391 ,aer
1217 350 1303 383 intus
1320 346 1425 392 subit,
1436 347 1499 383 huc

104 404 110 410 '
137 405 139 407 ’
192 410 300 449 partes
312 409 425 434 movet
439 403 471 435 ὃ(
490 396 606 448 spargit
624 397 697 435 :sed
709 399 749 433 de
763 398 813 433 his
823 397 1003 433 identidem
1017 395 1140 432 redibit
1154 395 1266 432 sermo.
1283 405 1287 407 ·

146 449 226 494 lnst.
251 453 352 496 Aquae
364 459 457 496 gutta
473 459 548 483 cum
565 448 662 483 aliam
678 449 782 496 tangit
796 475 806 490 ‚
818 447 1011 482 statimcum
1031 457 1069 480 ea
1081 449 1311 495 conjungitur:
1330 448 1399 481 imo
1413 444 1433 481 si
1451 449 1499 481 vi-

98 512 181 537 num
197 500 345 546 attigerit
363 499 467 532 statim
482 497 707 538 effunditur&
722 495 963 544 complanatur:
985 495 1179 543 ergopalam
1191 497 1238 530 est
1249 508 1315 531 non
1328 495 1390 529 alia
1401 498 1501 531 ratio,

99 561 144 586 ne
153 559 273 595 aquam
295 545 489 594 conglobari
509 547 577 580 aeri
589 543 781 592 expositam,
794 556 894 591 quam
910 546 987 590 quia
1003 545 1087 578 inter
1101 556 1208 579 aerem
1229 550 1263 582 &
1277 556 1396 591 aquam
1414 557 1504 591 quae-

102 595 397 635 dasnestnamralis
410 593 552 630 dissensio
562 624 573 639 ,
587 593 642 629 vel
657 593 840 642 antipathia
857 593 967 629 :unde
981 597 1015 630 &
1031 590 1161 641 seipsam
1184 594 1330 643 colligit,
1344 604 1380 628 ut
1397 595 1503 630 minus

101 647 186 682 aeris
197 655 308 693 pateat
319 645 455 691 injuriis.
468 670 469 674 ,
590 683 593 686 ἱ

153 695 247 742 Resp..
257 692 394 727 morales
407 692 500 740 hujus
513 693 639 742 generis
650 689 755 726 causas
769 690 789 726 a
805 693 894 727 recta
913 691 1163 741 philosophandi
1177 694 1304 727 ratione
1317 721 1327 735 ,
1349 704 1504 741 quantum

103 743 175 780 fieri
188 741 292 790 potest
302 770 312 785 ,
324 739 386 777 else
398 742 636 778 removendas:
651 740 827 790 praestrtim
842 754 915 775 cum
929 742 1090 776 naturales
1103 753 1272 776 occurrunt
1292 756 1300 777 :
1319 753 1354 776 ut
1376 743 1411 778 in
1431 754 1505 790 pro-

101 789 207 842 posito
221 790 376 839 exemplo
389 792 550 827 evenit.1d
565 792 656 826 enim
666 802 842 825 commune
854 791 897 825 est
907 793 999 826 omni
1016 790 1216 839 liquori2imo
1226 795 1258 827 δε
1275 790 1379 826 fluido
1390 804 1506 839 corpo-

105 843 137 877 ri
150 869 161 884 ‚
181 851 217 876 ut
228 840 400 876 rotundam
418 839 555 891 figuram
572 841 704 883 induat,
720 839 823 875 cuma
835 839 1030 875 circumfuso
1053 852 1190 888 corpore
1211 839 1416 887 aequabiliter
1435 853 1508 890 pre-

105 892 274 926 mitur-:ut
291 900 426 925 cernere
436 891 483 926 est
496 892 529 925 in
544 891 626 924 aeris
637 888 726 938 ipsius
740 888 891 933 bullulis,
911 902 984 937 quae
1004 901 1042 925 ex
1060 901 1144 937 aqua
1163 900 1336 937 erumpunt
1352 906 1361 933 3
1385 892 1419 925 in
1443 890 1508 925 olei

104 938 237 989 guttulis
253 951 312 987 per
328 951 447 986 aquam
460 937 590 975 diffhfis.
616 939 717 987 Qod
728 950 840 974 autem
851 951 936 987 aqua
953 939 1086 987 liquoris
1102 940 1257 974 contactu
1270 968 1279 982 ,
1296 952 1370 974 cum
1389 953 1430 975 eo
1448 939 1511 974 sta.

107 991 306 1028 &muniatur
321 1017 330 1032 ‚
343 1000 399 1023 aut
413 988 507 1024 alteri
525 1000 624 1038 guttoe
643 990 789 1038 proxima
810 991 843 1024 in
857 994 1016 1036 majorem
1030 999 1159 1039 guttam
1181 988 1353 1033 confluat,
1375 991 1459 1024 ratio
1473 992 1508 1024 in

105 1037 314 1086 procliviest.
330 1038 416 1074 Cum
431 1040 520 1074 enim
545 1040 579 1074 in
611 1039 732 1087 puncsto
751 1040 918 1074 contastus
938 1038 1023 1074 nulla
1037 1038 1073 1074 fit
1089 1040 1172 1073 aeris
1189 1037 1364 1073 ambientis
1381 1037 1509 1087 preffio,

104 1090 232 1124 ineam
244 1099 372 1134 partem
384 1099 476 1136 gutta
486 1087 681 1136 propellitur
696 1088 716 1124 ὲ
726 1087 919 1122 circumfuso
933 1100 1007 1123 aere
1019 1118 1028 1132 ,
1045 1088 1098 1123 vel
1117 1087 1248 1132 aethere,
1259 1087 1315 1122 ubi
1336 1090 1446 1124 minor
1460 1088 1507 1122 est

107 1134 280 1172 resistentia
293 1136 405 1180 ;,forre
418 1136 468 1171 his
480 1135 653 1173 effeaibus
664 1137 743 1172 alias
753 1136 859 1171 causas
878 1137 962 1172 infra
977 1138 1148 1173 reddemus
1162 1136 1297 1184 ‚easque
1320 1140 1470 1185 aptiores

550 1235 719 1284 Praepruc
729 1246 817 1282 aquae
833 1233 1027 1280 affefflsomrt

141 1333 255 1370 Primo
263 1330 296 1366 id
306 1329 418 1378 liquet
429 1343 548 1380 aquam
567 1343 680 1367 namra
700 1330 749 1366 sua
765 1329 917 1380 frigidam
930 1329 991 1366 effe
1012 1336 1045 1369 δέ
1066 1331 1241 1370 humidam.
1264 1335 1354 1370 Nam
1371 1344 1513 1382 corpora

110 1394 181 1430 quae
191 1381 261 1417 sunt
271 1379 438 1428 aquosiora
453 1410 463 1425 ,
481 1381 596 1416 eadem
611 1381 683 1418 sunt
693 1386 726 1418 δε
740 1379 906 1429 frigidiora
918 1379 975 1417 :fic
991 1381 1124 1417 humida
1139 1383 1180 1417 est
1193 1413 1202 1426 ,
1213 1396 1287 1419 cum
1301 1382 1507 1426 madefaciat,

111 1437 153 1468 ὃς.
169 1429 226 1475 suis
253 1432 400 1465 terminis
422 1443 493 1466 non
516 1433 729 1466 contineatur.
753 1432 843 1465 Hinc
863 1430 1036 1479 disjunfibis
1056 1442 1146 1466 terrae
1171 1443 1300 1468 atomos
1319 1433 1509 1467 connectit:

112 1492 222 1516 utrum
235 1491 344 1515 autem
356 1477 477 1516 summe
492 1479 606 1529 frigida
622 1478 658 1515 sit
668 1509 676 1523 ,
690 1478 743 1514 vel
760 1479 893 1514 humida
903 1508 912 1522 ,
925 1482 1024 1526 quaeri
1038 1479 1130 1517 soler.

148 1529 307 1576 Qandiu
320 1526 507 1572 fluida-est,
527 1529 670 1577 impense
688 1529 729 1564 fri
754 1529 810 1563 ida
821 1526 883 1563 effe
908 1542 975 1564 non
994 1531 1124 1578 potest:
1147 1543 1222 1565 cum
1240 1529 1365 1579 frigore
1384 1530 1510 1566 intenso

65 1608 67 1611 ⁴
112 1590 223 1627 partes
236 1590 325 1625 aquae
335 1579 548 1623 rigeant..Sed
561 1579 709 1614 nondum
722 1543 794 1612 &tis
813 1576 919 1624 liquet
931 1580 964 1612 in
976 1591 1043 1624 quo
1061 1578 1161 1626 posita
1183 1577 1220 1613 fit
1235 1578 1363 1627 frigoris
1386 1592 1511 1623 natura,

114 1627 275 1674 quodque*
290 1626 325 1660 fit
339 1618 424 1660 illius
435 1628 575 1674 primum
590 1626 770 1674 subjeetum
784 1641 793 1668 3
805 1637 845 1661 an
856 1624 891 1660 fit
903 1625 1041 1672 qualitas
1053 1628 1194 1670 realis,&
1206 1626 1342 1674 positiva
1355 1644 1363 1670 ·‚
1374 1642 1415 1663 an
1425 1629 1512 1662 calo-

116 1678 158 1710 tis
177 1676 334 1710 duntaxat
352 1676 508 1724 privatio.
539 1676 590 1709 Sic
604 1675 781 1710 humiditas
791 1686 862 1709 cum
885 1673 971 1709 forte
994 1689 1062 1710 non
1084 1674 1119 1711 fit
1137 1676 1295 1723 qualium,
1322 1675 1373 1711 sed
1397 1678 1509 1712 modus

114 1726 257 1772 corporis
268 1753 277 1766 ‚
287 1724 427 1759 necdum
438 1726 522 1758 inter
535 1723 750 1772 Philosophos
762 1725 922 1758 convenit
938 1753 947 1767 ‚
961 1725 1038 1771 quid
1056 1724 1256 1760 humiditatis
1271 1728 1404 1760 nomine
1414 1726 1512 1761 intel-

115 1772 221 1822 ligant
237 1789 246 1816 ·,
263 1785 304 1807 an
318 1773 405 1820 quod
425 1773 615 1816 humectat,
633 1785 670 1808 ut
687 1773 884 1820 loquuntur,
897 1769 949 1807 seu
961 1774 1137 1810 madefacit
1151 1785 1161 1811 ξ
1174 1776 1226 1809 Sic
1242 1775 1329 1808 enim
1348 1787 1432 1821 aqua
1448 1778 1510 1810 im-

116 1820 213 1871 pense
229 1824 289 1857 erit
308 1822 458 1857 humida:
475 1835 515 1857 an
533 1823 622 1870 quod
635 1835 716 1871 :egre
733 1821 791 1857 suis
805 1821 917 1857 alienis
933 1835 1012 1857 vero
1030 1826 1175 1859 terminis
1193 1822 1289 1859 facile
1306 1826 1510 1861 continetur?

118 1873 172 1907 Sic
181 1883 236 1905 aer
246 1871 406 1905 humidior
420 1883 505 1919 aqua
516 1871 639 1906 futurus
655 1873 717 1907 est:
729 1883 764 1906 ut
779 1876 845 1919 jam
858 1872 1036 1907 identidem
1047 1875 1242 1909 monuimus.

141 1921 299 1955 Secundo
309 1950 318 1963 ‚
333 1933 417 1967 aqua
436 1933 510 1955 cum
520 1920 652 1968 reliquis
667 1921 839 1957 elementis
857 1926 889 1957 &
900 1921 1139 1970 Chymicorurn
1148 1923 1312 1972 principiis
1327 1951 1337 1965 ,
1362 1921 1382 1957 fi
1402 1935 1512 1958 tamen

120 1969 229 2004 oleum
240 1998 249 2013 ‚
266 1970 319 2004 vel
331 1969 457 2017 sulphur
471 1972 635 2018 exceperis
648 1999 659 2014 ,
672 1970 769 2006 facile
779 1970 1016 2008 commiscetur.
1035 1973 1124 2008 Nam
1135 2002 1143 2016 ‚
1155 1984 1192 2007 ut
1209 1971 1286 2020 saepe
1303 1972 1424 2007 dietum
1444 1973 1489 2006 est
1502 2002 1511 2014 ‚

122 2017 188 2053 olei
200 2017 253 2051 vel
270 2017 423 2066 sulphuris
434 2017 620 2066 corpuscula
632 2019 750 2055 viscosa
765 2019 835 2055 sunt
846 2049 856 2063 ‚
874 2024 907 2056 &
919 2023 1045 2056 tenacia
1055 2049 1064 2065 ‚
1075 2034 1136 2056 nec
1150 2020 1276 2070 possunt
1291 2033 1327 2055 ea
1343 2021 1458 2056 molles
1478 2028 1512 2058 &

122 2076 244 2103 tenerae
258 2078 347 2113 aquae
365 2067 525 2114 patticulae
541 2080 760 2118 perrumpere.
779 2070 842 2103 Sed
858 2081 970 2104 tenues
992 2068 1115 2118 spiritus
1139 2070 1238 2106 facile
1264 2070 1432 2113 dividunt3
1451 2070 1513 2105 dis-

122 2114 227 2164 persas
246 2120 280 2151 δεῖ
300 2114 385 2150 male
394 2115 469 2150 colli
494 2128 562 2151 atas
582 2128 673 2153 terrae
690 2131 820 2155 atomos
842 2131 923 2166 aqua
940 2119 1113 2155 conciliat:
1129 2120 1182 2155 sed
1199 2133 1270 2155 cum
1290 2119 1352 2154 sale
1376 2119 1513 2154 arctissi-

124 2176 178 2200 me
188 2167 411 2212 conjungitur,
429 2170 462 2201 δ(
485 2165 535 2199 ale
544 2165 672 2202 imbuta.
690 2171 743 2204 vix
755 2181 830 2202 eum
844 2168 990 2206 dimittit.
1005 2171 1065 2204 Seu
1082 2181 1174 2217 aquae
1185 2168 1341 2218 plicatiles
1362 2167 1450 2203 fibrae
1467 2168 1511 2202 sa*

127 2213 166 2248 lis
176 2212 292 2261 spicula
312 2212 486 2249 involvant
498 2242 506 2252 ‚
520 2225 557 2249 ut
571 2215 699 2251 videtur
716 2216 861 2253 Cartefio
873 2235 881 2261 3
891 2215 1006 2254 seuilla
1016 2218 1186 2254 sustineant
1196 2248 1205 2262 ‚
1218 2218 1286 2252 fere
1301 2229 1336 2252 ut
1355 2217 1510 2252 aciculam

124 2261 320 2310 chalybeam
339 2275 427 2310 aquae
455 2265 599 2298 innatare
618 2268 786 2302 cernimus.
823 2269 912 2303 Nam
931 2270 1037 2303 minus
1049 2268 1096 2302 est
1111 2266 1283 2316 probabile
1296 2265 1363 2300 salis
1382 2268 1511 2314 corpus.

125 2311 198 2345 cula
212 2313 297 2346 inter
307 2325 395 2361 aquae
409 2311 542 2360 spatiola
556 2315 692 2350 omnino
711 2327 810 2351 vacua
819 2316 928 2361 condi,
943 2329 979 2352 ut
996 2318 1125 2354 videtur
1149 2314 1329 2351 Galsendo:
1349 2326 1421 2350 cum
1438 2315 1510 2350 salis

127 2359 309 2396 accessione
322 2375 403 2410 aqua
421 2362 628 2399 intumescat..

291 2412 384 2450 Tom.
396 2413 451 2447 ll..
1294 2416 1330 2450 K
