<?xml version="1.0" encoding="UTF-8"?>
<!DOCTYPE html PUBLIC "-//W3C//DTD XHTML 1.0 Transitional//EN"
    "http://www.w3.org/TR/xhtml1/DTD/xhtml1-transitional.dtd">
<html xmlns="http://www.w3.org/1999/xhtml" xml:lang="en" lang="en">
 <head>
  <title>
</title>
<meta http-equiv="Content-Type" content="text/html;charset=utf-8" />
  <meta name='ocr-system' content='tesseract 3.04.00' />
  <meta name='ocr-capabilities' content='ocr_page ocr_carea ocr_par ocr_line ocrx_word'/>
</head>
<body>
  <div class='ocr_page' id='page_1' title='image "./philosophiavetus02duhauoft_0284.png"; bbox 0 0 1878 2724; ppageno 0'>
   <div class='ocr_carea' id='block_1_1' title="bbox 368 119 1782 765">
    <p class='ocr_par' dir='ltr' id='par_1_1' title="bbox 370 119 1196 173">
     <span class='ocr_line' id='line_1_1' title="bbox 370 119 1196 173; baseline -0.012 -9"><span class='ocrx_word' id='word_1_1' title='bbox 370 141 425 173; x_wconf 81' lang='lat'>272</span> <span class='ocrx_word' id='word_1_2' title='bbox 881 121 907 157; x_wconf 82' lang='grc' dir='ltr'>Ρ</span> <span class='ocrx_word' id='word_1_3' title='bbox 929 121 964 156; x_wconf 87' lang='lat' dir='ltr'><strong>H</strong></span> <span class='ocrx_word' id='word_1_4' title='bbox 983 120 1013 156; x_wconf 81' lang='lat' dir='ltr'><strong>Y</strong></span> <span class='ocrx_word' id='word_1_5' title='bbox 1032 121 1053 156; x_wconf 91' lang='lat' dir='ltr'>S</span> <span class='ocrx_word' id='word_1_6' title='bbox 1071 121 1087 155; x_wconf 85' lang='lat'>1</span> <span class='ocrx_word' id='word_1_7' title='bbox 1104 119 1136 156; x_wconf 94' lang='lat' dir='ltr'>C</span> <span class='ocrx_word' id='word_1_8' title='bbox 1157 122 1196 155; x_wconf 80' lang='grc' dir='ltr'>ΑΞ</span> 
     </span>
    </p>

    <p class='ocr_par' dir='ltr' id='par_1_2' title="bbox 368 166 1782 765">
     <span class='ocr_line' id='line_1_2' title="bbox 372 166 1766 220; baseline -0.004 -8"><span class='ocrx_word' id='word_1_9' title='bbox 372 177 472 212; x_wconf 84' lang='lat' dir='ltr'>fuerit</span> <span class='ocrx_word' id='word_1_10' title='bbox 481 202 490 220; x_wconf 90' lang='lat'>,</span> <span class='ocrx_word' id='word_1_11' title='bbox 508 174 540 209; x_wconf 88' lang='lat' dir='ltr'>id</span> <span class='ocrx_word' id='word_1_12' title='bbox 551 182 637 207; x_wconf 87' lang='lat' dir='ltr'>certe</span> <span class='ocrx_word' id='word_1_13' title='bbox 650 183 716 206; x_wconf 85' lang='lat' dir='ltr'>non</span> <span class='ocrx_word' id='word_1_14' title='bbox 729 167 878 205; x_wconf 77' lang='lat' dir='ltr'>dabimus</span> <span class='ocrx_word' id='word_1_15' title='bbox 893 169 1039 204; x_wconf 81' lang='lat' dir='ltr'>Cartefio</span> <span class='ocrx_word' id='word_1_16' title='bbox 1057 168 1125 203; x_wconf 86' lang='lat' dir='ltr'>haec</span> <span class='ocrx_word' id='word_1_17' title='bbox 1136 168 1306 218; x_wconf 79' lang='lat' dir='ltr'>systemata</span> <span class='ocrx_word' id='word_1_18' title='bbox 1316 181 1328 212; x_wconf 48' lang='lat'>¹,</span> <span class='ocrx_word' id='word_1_19' title='bbox 1339 176 1438 216; x_wconf 75' lang='lat' dir='ltr'>atq‘ue</span> <span class='ocrx_word' id='word_1_20' title='bbox 1448 177 1483 203; x_wconf 87' lang='lat' dir='ltr'>ut</span> <span class='ocrx_word' id='word_1_21' title='bbox 1492 166 1651 216; x_wconf 84' lang='lat' dir='ltr'>loquitur,</span> <span class='ocrx_word' id='word_1_22' title='bbox 1662 170 1766 206; x_wconf 73' lang='lat' dir='ltr'>vorti:</span> 
     </span>
     <span class='ocr_line' id='line_1_3' title="bbox 372 217 1769 270; baseline -0.005 -10"><span class='ocrx_word' id='word_1_23' title='bbox 372 238 426 260; x_wconf 88' lang='lat' dir='ltr'>ces</span> <span class='ocrx_word' id='word_1_24' title='bbox 439 236 479 258; x_wconf 86' lang='lat' dir='ltr'>eo</span> <span class='ocrx_word' id='word_1_25' title='bbox 498 219 647 270; x_wconf 81' lang='lat' dir='ltr'>prodiisse</span> <span class='ocrx_word' id='word_1_26' title='bbox 656 219 757 254; x_wconf 85' lang='lat' dir='ltr'>modo</span> <span class='ocrx_word' id='word_1_27' title='bbox 769 248 779 262; x_wconf 89' lang='lat'>,</span> <span class='ocrx_word' id='word_1_28' title='bbox 795 230 895 266; x_wconf 87' lang='lat' dir='ltr'>quem</span> <span class='ocrx_word' id='word_1_29' title='bbox 908 218 973 267; x_wconf 85' lang='lat' dir='ltr'>ipse</span> <span class='ocrx_word' id='word_1_30' title='bbox 983 228 1189 253; x_wconf 79' lang='lat' dir='ltr'>commentus</span> <span class='ocrx_word' id='word_1_31' title='bbox 1201 217 1257 251; x_wconf 88' lang='lat' dir='ltr'>est.</span> <span class='ocrx_word' id='word_1_32' title='bbox 1280 217 1378 261; x_wconf 87' lang='lat' dir='ltr'>Quod</span> <span class='ocrx_word' id='word_1_33' title='bbox 1391 218 1539 252; x_wconf 87' lang='lat' dir='ltr'>nimirum</span> <span class='ocrx_word' id='word_1_34' title='bbox 1552 220 1650 252; x_wconf 90' lang='lat' dir='ltr'>totius</span> <span class='ocrx_word' id='word_1_35' title='bbox 1659 228 1769 253; x_wconf 78' lang='lat' dir='ltr'>mate.·</span> 
     </span>
     <span class='ocr_line' id='line_1_4' title="bbox 371 265 1782 316; baseline -0.005 -7"><span class='ocrx_word' id='word_1_36' title='bbox 371 276 423 309; x_wconf 85' lang='lat' dir='ltr'>riae</span> <span class='ocrx_word' id='word_1_37' title='bbox 438 272 540 307; x_wconf 85' lang='lat' dir='ltr'>moles</span> <span class='ocrx_word' id='word_1_38' title='bbox 556 272 589 303; x_wconf 90' lang='lat' dir='ltr'>in</span> <span class='ocrx_word' id='word_1_39' title='bbox 601 280 705 316; x_wconf 86' lang='lat' dir='ltr'>partes</span> <span class='ocrx_word' id='word_1_40' title='bbox 717 270 859 316; x_wconf 88' lang='lat' dir='ltr'>primum</span> <span class='ocrx_word' id='word_1_41' title='bbox 867 266 997 303; x_wconf 86' lang='lat' dir='ltr'>cubicas</span> <span class='ocrx_word' id='word_1_42' title='bbox 1008 267 1177 302; x_wconf 55' lang='lat' dir='ltr'>confracta</span> <span class='ocrx_word' id='word_1_43' title='bbox 1188 265 1286 301; x_wconf 87' lang='lat' dir='ltr'>fuerit</span> <span class='ocrx_word' id='word_1_44' title='bbox 1295 295 1304 309; x_wconf 95' lang='lat'>,</span> <span class='ocrx_word' id='word_1_45' title='bbox 1313 279 1384 314; x_wconf 85' lang='lat' dir='ltr'>quae</span> <span class='ocrx_word' id='word_1_46' title='bbox 1397 268 1481 302; x_wconf 86' lang='lat' dir='ltr'>circa</span> <span class='ocrx_word' id='word_1_47' title='bbox 1496 278 1640 302; x_wconf 81' lang='lat' dir='ltr'>centrum</span> <span class='ocrx_word' id='word_1_48' title='bbox 1650 269 1782 315; x_wconf 83' lang='lat' dir='ltr'>cuique·</span> 
     </span>
     <span class='ocr_line' id='line_1_5' title="bbox 370 314 1768 371; baseline -0.002 -15"><span class='ocrx_word' id='word_1_49' title='bbox 370 323 538 371; x_wconf 88' lang='lat' dir='ltr'>proprium</span> <span class='ocrx_word' id='word_1_50' title='bbox 553 319 626 353; x_wconf 67' lang='lat' dir='ltr'>aeta</span> <span class='ocrx_word' id='word_1_51' title='bbox 641 320 781 366; x_wconf 88' lang='lat' dir='ltr'>primum</span> <span class='ocrx_word' id='word_1_52' title='bbox 801 317 1001 353; x_wconf 84' lang='lat' dir='ltr'>elementum</span> <span class='ocrx_word' id='word_1_53' title='bbox 1014 320 1049 353; x_wconf 83' lang='lat' dir='ltr'>in</span> <span class='ocrx_word' id='word_1_54' title='bbox 1065 328 1179 352; x_wconf 82' lang='lat' dir='ltr'>centro</span> <span class='ocrx_word' id='word_1_55' title='bbox 1195 314 1344 364; x_wconf 82' lang='lat' dir='ltr'>cujusque</span> <span class='ocrx_word' id='word_1_56' title='bbox 1371 318 1501 350; x_wconf 82' lang='lat' dir='ltr'>vorticis</span> <span class='ocrx_word' id='word_1_57' title='bbox 1517 316 1681 351; x_wconf 76' lang='lat' dir='ltr'>accensum</span> <span class='ocrx_word' id='word_1_58' title='bbox 1695 345 1705 360; x_wconf 88' lang='lat'>,</span> <span class='ocrx_word' id='word_1_59' title='bbox 1732 321 1768 353; x_wconf 79' lang='grc' dir='ltr'>δε</span> 
     </span>
     <span class='ocr_line' id='line_1_6' title="bbox 370 362 1768 417; baseline -0.004 -11"><span class='ocrx_word' id='word_1_60' title='bbox 370 370 545 406; x_wconf 87' lang='lat' dir='ltr'>secundum</span> <span class='ocrx_word' id='word_1_61' title='bbox 558 380 597 402; x_wconf 88' lang='lat' dir='ltr'>ex</span> <span class='ocrx_word' id='word_1_62' title='bbox 608 366 752 417; x_wconf 78' lang='lat' dir='ltr'>globulis</span> <span class='ocrx_word' id='word_1_63' title='bbox 777 367 967 403; x_wconf 81' lang='lat' dir='ltr'>confecerit.</span> <span class='ocrx_word' id='word_1_64' title='bbox 991 368 1081 404; x_wconf 77' lang='lat' dir='ltr'>Nam</span> <span class='ocrx_word' id='word_1_65' title='bbox 1098 377 1137 400; x_wconf 89' lang='lat' dir='ltr'>ut</span> <span class='ocrx_word' id='word_1_66' title='bbox 1155 367 1282 413; x_wconf 86' lang='lat' dir='ltr'>optime</span> <span class='ocrx_word' id='word_1_67' title='bbox 1295 362 1337 398; x_wconf 83' lang='lat' dir='ltr'>ab</span> <span class='ocrx_word' id='word_1_68' title='bbox 1354 363 1424 399; x_wconf 85' lang='lat' dir='ltr'>aliis</span> <span class='ocrx_word' id='word_1_69' title='bbox 1447 369 1513 413; x_wconf 83' lang='lat' dir='ltr'>jam</span> <span class='ocrx_word' id='word_1_70' title='bbox 1530 364 1593 399; x_wconf 85' lang='lat' dir='ltr'>fuit</span> <span class='ocrx_word' id='word_1_71' title='bbox 1609 364 1768 401; x_wconf 76' lang='lat' dir='ltr'>observa·-</span> 
     </span>
     <span class='ocr_line' id='line_1_7' title="bbox 371 411 1769 465; baseline -0.006 -11"><span class='ocrx_word' id='word_1_72' title='bbox 371 430 443 455; x_wconf 86' lang='lat' dir='ltr'>tum</span> <span class='ocrx_word' id='word_1_73' title='bbox 453 447 464 462; x_wconf 86' lang='lat'>,</span> <span class='ocrx_word' id='word_1_74' title='bbox 484 416 506 453; x_wconf 78' lang='lat' dir='ltr'>{i</span> <span class='ocrx_word' id='word_1_75' title='bbox 520 429 570 452; x_wconf 87' lang='lat' dir='ltr'>res</span> <span class='ocrx_word' id='word_1_76' title='bbox 580 419 627 452; x_wconf 86' lang='lat' dir='ltr'>ita</span> <span class='ocrx_word' id='word_1_77' title='bbox 639 415 716 452; x_wconf 67' lang='lat' dir='ltr'>efflet</span> <span class='ocrx_word' id='word_1_78' title='bbox 726 446 736 460; x_wconf 91' lang='lat'>‚</span> <span class='ocrx_word' id='word_1_79' title='bbox 751 416 848 465; x_wconf 84' lang='lat' dir='ltr'>longe</span> <span class='ocrx_word' id='word_1_80' title='bbox 859 415 989 452; x_wconf 62' lang='lat' dir='ltr'>uberior</span> <span class='ocrx_word' id='word_1_81' title='bbox 1007 411 1083 451; x_wconf 80' lang='lat' dir='ltr'>effer</span> <span class='ocrx_word' id='word_1_82' title='bbox 1093 417 1188 463; x_wconf 82' lang='lat' dir='ltr'>primi</span> <span class='ocrx_word' id='word_1_83' title='bbox 1205 414 1360 448; x_wconf 85' lang='lat' dir='ltr'>elementi</span> <span class='ocrx_word' id='word_1_84' title='bbox 1373 415 1466 462; x_wconf 85' lang='lat' dir='ltr'>copia</span> <span class='ocrx_word' id='word_1_85' title='bbox 1475 442 1485 458; x_wconf 83' lang='lat'>‚</span> <span class='ocrx_word' id='word_1_86' title='bbox 1497 412 1596 461; x_wconf 62' lang='lat' dir='ltr'>quizm</span> <span class='ocrx_word' id='word_1_87' title='bbox 1608 427 1681 462; x_wconf 83' lang='lat' dir='ltr'>quae</span> <span class='ocrx_word' id='word_1_88' title='bbox 1698 426 1769 448; x_wconf 82' lang='lat' dir='ltr'>cer-</span> 
     </span>
     <span class='ocr_line' id='line_1_8' title="bbox 369 462 1781 515; baseline -0.003 -12"><span class='ocrx_word' id='word_1_89' title='bbox 369 470 458 506; x_wconf 86' lang='lat' dir='ltr'>nitur</span> <span class='ocrx_word' id='word_1_90' title='bbox 473 495 484 510; x_wconf 90' lang='lat'><strong>,</strong></span> <span class='ocrx_word' id='word_1_91' title='bbox 501 479 564 503; x_wconf 82' lang='lat' dir='ltr'>nec</span> <span class='ocrx_word' id='word_1_92' title='bbox 583 465 689 501; x_wconf 88' lang='lat' dir='ltr'>multo</span> <span class='ocrx_word' id='word_1_93' title='bbox 707 468 812 502; x_wconf 85' lang='lat' dir='ltr'>minus</span> <span class='ocrx_word' id='word_1_94' title='bbox 828 465 966 515; x_wconf 82' lang='lat' dir='ltr'>spatium</span> <span class='ocrx_word' id='word_1_95' title='bbox 987 465 1031 500; x_wconf 86' lang='lat' dir='ltr'>sol</span> <span class='ocrx_word' id='word_1_96' title='bbox 1050 463 1184 512; x_wconf 85' lang='lat' dir='ltr'>quisque</span> <span class='ocrx_word' id='word_1_97' title='bbox 1199 465 1232 498; x_wconf 92' lang='lat' dir='ltr'>in</span> <span class='ocrx_word' id='word_1_98' title='bbox 1250 462 1305 498; x_wconf 90' lang='lat' dir='ltr'>suo</span> <span class='ocrx_word' id='word_1_99' title='bbox 1324 464 1448 498; x_wconf 81' lang='lat' dir='ltr'>vortice</span> <span class='ocrx_word' id='word_1_100' title='bbox 1463 474 1653 511; x_wconf 82' lang='lat' dir='ltr'>occuparet,</span> <span class='ocrx_word' id='word_1_101' title='bbox 1668 464 1781 511; x_wconf 47' lang='lat' dir='ltr'>quium</span> 
     </span>
     <span class='ocr_line' id='line_1_9' title="bbox 368 510 1777 564; baseline -0.004 -11"><span class='ocrx_word' id='word_1_102' title='bbox 368 528 486 553; x_wconf 79' lang='lat' dir='ltr'>vortex</span> <span class='ocrx_word' id='word_1_103' title='bbox 503 516 578 552; x_wconf 84' lang='lat' dir='ltr'>huic</span> <span class='ocrx_word' id='word_1_104' title='bbox 590 514 796 551; x_wconf 82' lang='lat' dir='ltr'>circumfusus</span> <span class='ocrx_word' id='word_1_105' title='bbox 806 528 844 550; x_wconf 86' lang='lat' dir='ltr'>ex</span> <span class='ocrx_word' id='word_1_106' title='bbox 861 513 1003 564; x_wconf 78' lang='lat' dir='ltr'>globulis</span> <span class='ocrx_word' id='word_1_107' title='bbox 1021 514 1149 549; x_wconf 87' lang='lat' dir='ltr'>secundi</span> <span class='ocrx_word' id='word_1_108' title='bbox 1163 512 1321 548; x_wconf 84' lang='lat' dir='ltr'>elementi</span> <span class='ocrx_word' id='word_1_109' title='bbox 1339 510 1534 560; x_wconf 70' lang='lat' dir='ltr'>compositus</span> <span class='ocrx_word' id='word_1_110' title='bbox 1545 540 1554 555; x_wconf 86' lang='lat'>‚</span> <span class='ocrx_word' id='word_1_111' title='bbox 1572 522 1608 546; x_wconf 90' lang='lat' dir='ltr'>ut</span> <span class='ocrx_word' id='word_1_112' title='bbox 1618 511 1777 548; x_wconf 56' lang='lat' dir='ltr'>failed--</span> 
     </span>
     <span class='ocr_line' id='line_1_10' title="bbox 370 559 1780 611; baseline -0.004 -9"><span class='ocrx_word' id='word_1_113' title='bbox 370 578 419 602; x_wconf 84' lang='lat' dir='ltr'>tra</span> <span class='ocrx_word' id='word_1_114' title='bbox 438 565 751 601; x_wconf 80' lang='lat' dir='ltr'>demonstrationem</span> <span class='ocrx_word' id='word_1_115' title='bbox 805 566 1015 600; x_wconf 76' lang='lat' dir='ltr'>eometricam</span> <span class='ocrx_word' id='word_1_116' title='bbox 1040 562 1202 611; x_wconf 84' lang='lat' dir='ltr'>intelliget</span> <span class='ocrx_word' id='word_1_117' title='bbox 1216 591 1225 605; x_wconf 86' lang='lat'>‚</span> <span class='ocrx_word' id='word_1_118' title='bbox 1239 564 1294 609; x_wconf 85' lang='lat' dir='ltr'>qui</span> <span class='ocrx_word' id='word_1_119' title='bbox 1313 560 1414 609; x_wconf 81' lang='lat' dir='ltr'>paulo</span> <span class='ocrx_word' id='word_1_120' title='bbox 1429 559 1534 596; x_wconf 69' lang='lat' dir='ltr'>acrius</span> <span class='ocrx_word' id='word_1_121' title='bbox 1567 562 1744 596; x_wconf 85' lang='lat' dir='ltr'>attenderit</span> <span class='ocrx_word' id='word_1_122' title='bbox 1756 586 1780 606; x_wconf 65' lang='lat'>‚›</span> 
     </span>
     <span class='ocr_line' id='line_1_11' title="bbox 368 608 1777 693; baseline -0.004 -43"><span class='ocrx_word' id='word_1_123' title='bbox 368 627 528 664; x_wconf 82' lang='lat' dir='ltr'>quantum</span> <span class='ocrx_word' id='word_1_124' title='bbox 537 614 680 664; x_wconf 84' lang='lat' dir='ltr'>pulveris</span> <span class='ocrx_word' id='word_1_125' title='bbox 699 626 756 649; x_wconf 88' lang='lat' dir='ltr'>aut</span> <span class='ocrx_word' id='word_1_126' title='bbox 785 613 875 648; x_wconf 83' lang='lat' dir='ltr'>cobis</span> <span class='ocrx_word' id='word_1_127' title='bbox 888 626 928 649; x_wconf 88' lang='lat' dir='ltr'>ex</span> <span class='ocrx_word' id='word_1_128' title='bbox 943 612 1026 659; x_wconf 82' lang='lat' dir='ltr'>cubo</span> <span class='ocrx_word' id='word_1_129' title='bbox 1042 612 1152 661; x_wconf 83' lang='lat' dir='ltr'>ligneo</span> <span class='ocrx_word' id='word_1_130' title='bbox 1163 613 1352 660; x_wconf 82' lang='lat' dir='ltr'>decerpatur</span> <span class='ocrx_word' id='word_1_131' title='bbox 1366 640 1376 654; x_wconf 93' lang='lat'>‚</span> <span class='ocrx_word' id='word_1_132' title='bbox 1394 623 1466 645; x_wconf 89' lang='lat' dir='ltr'>cum</span> <span class='ocrx_word' id='word_1_133' title='bbox 1489 613 1524 645; x_wconf 90' lang='lat' dir='ltr'>in</span> <span class='ocrx_word' id='word_1_134' title='bbox 1540 608 1680 693; x_wconf 36' lang='lat' dir='ltr'>&amp;lobium</span> <span class='ocrx_word' id='word_1_135' title='bbox 1701 622 1777 646; x_wconf 86' lang='lat' dir='ltr'>tor-·</span> 
     </span>
     <span class='ocr_line' id='line_1_12' title="bbox 369 658 1776 708; baseline -0.004 -7"><span class='ocrx_word' id='word_1_136' title='bbox 369 677 473 701; x_wconf 84' lang='lat' dir='ltr'>natur·</span> <span class='ocrx_word' id='word_1_137' title='bbox 497 663 626 701; x_wconf 70' lang='lat' dir='ltr'>Verum</span> <span class='ocrx_word' id='word_1_138' title='bbox 644 664 713 699; x_wconf 83' lang='lat' dir='ltr'>haec</span> <span class='ocrx_word' id='word_1_139' title='bbox 731 665 844 699; x_wconf 85' lang='lat' dir='ltr'>omnia</span> <span class='ocrx_word' id='word_1_140' title='bbox 857 662 962 698; x_wconf 88' lang='lat' dir='ltr'>multo</span> <span class='ocrx_word' id='word_1_141' title='bbox 982 662 1062 698; x_wconf 80' lang='lat' dir='ltr'>fient</span> <span class='ocrx_word' id='word_1_142' title='bbox 1082 661 1256 696; x_wconf 84' lang='lat' dir='ltr'>illustriora</span> <span class='ocrx_word' id='word_1_143' title='bbox 1268 689 1277 704; x_wconf 88' lang='lat'><strong>,</strong></span> <span class='ocrx_word' id='word_1_144' title='bbox 1296 659 1352 695; x_wconf 90' lang='lat' dir='ltr'>ubi</span> <span class='ocrx_word' id='word_1_145' title='bbox 1375 659 1537 707; x_wconf 86' lang='lat' dir='ltr'>uniuscuju</span> <span class='ocrx_word' id='word_1_146' title='bbox 1552 670 1616 706; x_wconf 89' lang='lat' dir='ltr'>que</span> <span class='ocrx_word' id='word_1_147' title='bbox 1629 658 1776 708; x_wconf 59' lang='lat' dir='ltr'>planeta</span> 
     </span>
     <span class='ocr_line' id='line_1_13' title="bbox 370 711 1623 765; baseline -0.006 -14"><span class='ocrx_word' id='word_1_148' title='bbox 370 725 500 751; x_wconf 83' lang='lat' dir='ltr'>motum</span> <span class='ocrx_word' id='word_1_149' title='bbox 510 713 759 765; x_wconf 82' lang='lat' dir='ltr'>persequemur:</span> <span class='ocrx_word' id='word_1_150' title='bbox 776 724 865 751; x_wconf 84' lang='lat' dir='ltr'>nunc</span> <span class='ocrx_word' id='word_1_151' title='bbox 879 711 999 748; x_wconf 85' lang='lat' dir='ltr'>summa</span> <span class='ocrx_word' id='word_1_152' title='bbox 1018 722 1145 757; x_wconf 82' lang='lat' dir='ltr'>tanturn</span> <span class='ocrx_word' id='word_1_153' title='bbox 1161 721 1269 745; x_wconf 80' lang='lat' dir='ltr'>terum</span> <span class='ocrx_word' id='word_1_154' title='bbox 1285 711 1391 758; x_wconf 76' lang='lat' dir='ltr'>capita</span> <span class='ocrx_word' id='word_1_155' title='bbox 1403 711 1623 758; x_wconf 45' lang='lat' dir='ltr'>attingimus,-</span> 
     </span>
    </p>
   </div>
   <div class='ocr_carea' id='block_1_2' title="bbox 845 809 1287 860">
    <p class='ocr_par' dir='ltr' id='par_1_3' title="bbox 845 809 1287 860">
     <span class='ocr_line' id='line_1_14' title="bbox 845 809 1287 860; baseline -0.011 -13"><span class='ocrx_word' id='word_1_156' title='bbox 845 809 989 860; x_wconf 75' lang='lat' dir='ltr'>Systema</span> <span class='ocrx_word' id='word_1_157' title='bbox 1006 809 1287 860; x_wconf 77' lang='lat' dir='ltr'>Copernicanum‚-</span> 
     </span>
    </p>
   </div>
   <div class='ocr_carea' id='block_1_3' title="bbox 367 904 1777 2271">
    <p class='ocr_par' dir='ltr' id='par_1_4' title="bbox 1406 904 1774 955">
     <span class='ocr_line' id='line_1_15' title="bbox 1406 904 1774 955; baseline -0.003 -12"><span class='ocrx_word' id='word_1_158' title='bbox 1406 917 1438 952; x_wconf 85' lang='lat'>30</span> <span class='ocrx_word' id='word_1_159' title='bbox 1452 905 1539 943; x_wconf 87' lang='lat' dir='ltr'>Cum</span> <span class='ocrx_word' id='word_1_160' title='bbox 1561 904 1681 955; x_wconf 54' lang='lat' dir='ltr'>‘ry‘vcho</span> <span class='ocrx_word' id='word_1_161' title='bbox 1690 909 1774 943; x_wconf 56' lang='lat' dir='ltr'>Bra«-</span> 
     </span>
    </p>

    <p class='ocr_par' dir='ltr' id='par_1_5' title="bbox 367 955 1777 2271">
     <span class='ocr_line' id='line_1_16' title="bbox 1365 955 1767 992; baseline -0.005 -2"><span class='ocrx_word' id='word_1_162' title='bbox 1365 955 1449 991; x_wconf 80' lang='lat' dir='ltr'>haeus</span> <span class='ocrx_word' id='word_1_163' title='bbox 1465 955 1582 991; x_wconf 86' lang='lat' dir='ltr'>nobilis</span> <span class='ocrx_word' id='word_1_164' title='bbox 1593 960 1705 992; x_wconf 86' lang='lat' dir='ltr'>Danus</span> <span class='ocrx_word' id='word_1_165' title='bbox 1714 958 1767 990; x_wconf 87' lang='lat' dir='ltr'>vi-</span> 
     </span>
     <span class='ocr_line' id='line_1_17' title="bbox 1363 1004 1775 1052; baseline -0.002 -13"><span class='ocrx_word' id='word_1_166' title='bbox 1363 1004 1456 1040; x_wconf 84' lang='lat' dir='ltr'>deret</span> <span class='ocrx_word' id='word_1_167' title='bbox 1478 1004 1646 1041; x_wconf 84' lang='lat' dir='ltr'>Ptolemaei</span> <span class='ocrx_word' id='word_1_168' title='bbox 1665 1004 1775 1052; x_wconf 57' lang='lat' dir='ltr'>syrte-1</span> 
     </span>
     <span class='ocr_line' id='line_1_18' title="bbox 1363 1052 1777 1089; baseline -0.002 -1"><span class='ocrx_word' id='word_1_169' title='bbox 1363 1064 1417 1088; x_wconf 80' lang='lat' dir='ltr'>ma</span> <span class='ocrx_word' id='word_1_170' title='bbox 1432 1066 1504 1089; x_wconf 89' lang='lat' dir='ltr'>cum</span> <span class='ocrx_word' id='word_1_171' title='bbox 1526 1052 1777 1088; x_wconf 59' lang='lat' dir='ltr'>observationi-1</span> 
     </span>
     <span class='ocr_line' id='line_1_19' title="bbox 1364 1101 1772 1150; baseline 0.005 -14"><span class='ocrx_word' id='word_1_172' title='bbox 1364 1101 1426 1137; x_wconf 79' lang='lat' dir='ltr'>b&#39;us</span> <span class='ocrx_word' id='word_1_173' title='bbox 1444 1131 1455 1146; x_wconf 87' lang='lat'>‚</span> <span class='ocrx_word' id='word_1_174' title='bbox 1486 1108 1521 1139; x_wconf 89' lang='lat'>&amp;</span> <span class='ocrx_word' id='word_1_175' title='bbox 1544 1102 1772 1150; x_wconf 57' lang='lat' dir='ltr'>phaenomenis</span> 
     </span>
     <span class='ocr_line' id='line_1_20' title="bbox 1362 1151 1765 1194; baseline -0.007 -7"><span class='ocrx_word' id='word_1_176' title='bbox 1362 1164 1431 1187; x_wconf 84' lang='lat' dir='ltr'>non</span> <span class='ocrx_word' id='word_1_177' title='bbox 1444 1151 1765 1194; x_wconf 78' lang='lat' dir='ltr'>consentire3acMar.</span> 
     </span>
     <span class='ocr_line' id='line_1_21' title="bbox 1364 1198 1770 1248; baseline 0 -13"><span class='ocrx_word' id='word_1_178' title='bbox 1364 1211 1430 1235; x_wconf 86' lang='lat' dir='ltr'>tem</span> <span class='ocrx_word' id='word_1_179' title='bbox 1440 1201 1606 1236; x_wconf 87' lang='lat' dir='ltr'>interdum</span> <span class='ocrx_word' id='word_1_180' title='bbox 1616 1199 1681 1235; x_wconf 85' lang='lat' dir='ltr'>sole</span> <span class='ocrx_word' id='word_1_181' title='bbox 1693 1198 1770 1248; x_wconf 89' lang='lat' dir='ltr'>ipso·</span> 
     </span>
     <span class='ocr_line' id='line_1_22' title="bbox 1359 1248 1767 1285; baseline 0.002 -2"><span class='ocrx_word' id='word_1_182' title='bbox 1359 1248 1456 1284; x_wconf 90' lang='lat' dir='ltr'>nobis</span> <span class='ocrx_word' id='word_1_183' title='bbox 1487 1248 1549 1284; x_wconf 80' lang='lat' dir='ltr'>effe</span> <span class='ocrx_word' id='word_1_184' title='bbox 1569 1251 1767 1285; x_wconf 83' lang='lat' dir='ltr'>viciniorem·</span> 
     </span>
     <span class='ocr_line' id='line_1_23' title="bbox 1358 1296 1768 1346; baseline 0.002 -15"><span class='ocrx_word' id='word_1_185' title='bbox 1358 1296 1556 1333; x_wconf 75' lang='lat' dir='ltr'>observasset</span> <span class='ocrx_word' id='word_1_186' title='bbox 1582 1314 1592 1341; x_wconf 68' lang='grc' dir='ltr'>ς</span> <span class='ocrx_word' id='word_1_187' title='bbox 1621 1310 1768 1346; x_wconf 68' lang='lat' dir='ltr'>cumque·</span> 
     </span>
     <span class='ocr_line' id='line_1_24' title="bbox 1360 1347 1764 1395; baseline 0.007 -15"><span class='ocrx_word' id='word_1_188' title='bbox 1360 1358 1468 1381; x_wconf 89' lang='lat' dir='ltr'>motus</span> <span class='ocrx_word' id='word_1_189' title='bbox 1484 1349 1629 1395; x_wconf 86' lang='lat' dir='ltr'>quinque</span> <span class='ocrx_word' id='word_1_190' title='bbox 1648 1347 1764 1394; x_wconf 85' lang='lat' dir='ltr'>plane-</span> 
     </span>
     <span class='ocr_line' id='line_1_25' title="bbox 1358 1395 1768 1445; baseline 0.01 -17"><span class='ocrx_word' id='word_1_191' title='bbox 1358 1406 1478 1439; x_wconf 85' lang='lat' dir='ltr'>tarum,</span> <span class='ocrx_word' id='word_1_192' title='bbox 1489 1395 1566 1432; x_wconf 85' lang='lat' dir='ltr'>luna</span> <span class='ocrx_word' id='word_1_193' title='bbox 1578 1407 1723 1445; x_wconf 84' lang='lat' dir='ltr'>excepta,</span> <span class='ocrx_word' id='word_1_194' title='bbox 1741 1396 1768 1432; x_wconf 63' lang='grc' dir='ltr'>ὲ*</span> 
     </span>
     <span class='ocr_line' id='line_1_26' title="bbox 1307 1443 1763 1494; baseline 0.004 -16"><span class='ocrx_word' id='word_1_195' title='bbox 1307 1469 1309 1471; x_wconf 31' lang='lat' dir='ltr'>v</span> <span class='ocrx_word' id='word_1_196' title='bbox 1355 1443 1422 1479; x_wconf 90' lang='lat' dir='ltr'>fole</span> <span class='ocrx_word' id='word_1_197' title='bbox 1454 1447 1595 1481; x_wconf 28' lang='lat' dir='ltr'>omnino(</span> <span class='ocrx_word' id='word_1_198' title='bbox 1618 1445 1763 1494; x_wconf 85' lang='lat' dir='ltr'>pendere</span> 
     </span>
     <span class='ocr_line' id='line_1_27' title="bbox 1353 1504 1762 1537; baseline 0.005 -10"><span class='ocrx_word' id='word_1_199' title='bbox 1353 1504 1502 1528; x_wconf 87' lang='lat' dir='ltr'>cerneret</span> <span class='ocrx_word' id='word_1_200' title='bbox 1524 1511 1534 1537; x_wconf 90' lang='lat'>;</span> <span class='ocrx_word' id='word_1_201' title='bbox 1567 1505 1631 1528; x_wconf 90' lang='lat' dir='ltr'>nec</span> <span class='ocrx_word' id='word_1_202' title='bbox 1651 1505 1762 1530; x_wconf 83' lang='lat' dir='ltr'>tamen</span> 
     </span>
     <span class='ocr_line' id='line_1_28' title="bbox 1355 1544 1761 1578; baseline -0.002 -3"><span class='ocrx_word' id='word_1_203' title='bbox 1355 1551 1474 1577; x_wconf 85' lang='lat' dir='ltr'>terram</span> <span class='ocrx_word' id='word_1_204' title='bbox 1496 1544 1626 1577; x_wconf 90' lang='lat' dir='ltr'>moveri</span> <span class='ocrx_word' id='word_1_205' title='bbox 1642 1544 1675 1578; x_wconf 88' lang='lat' dir='ltr'>in</span> <span class='ocrx_word' id='word_1_206' title='bbox 1687 1544 1761 1578; x_wconf 81' lang='lat' dir='ltr'>ani-</span> 
     </span>
     <span class='ocr_line' id='line_1_29' title="bbox 1354 1591 1764 1636; baseline 0.002 -11"><span class='ocrx_word' id='word_1_207' title='bbox 1354 1603 1444 1626; x_wconf 85' lang='lat' dir='ltr'>mum</span> <span class='ocrx_word' id='word_1_208' title='bbox 1462 1591 1548 1626; x_wconf 88' lang='lat' dir='ltr'>suum</span> <span class='ocrx_word' id='word_1_209' title='bbox 1568 1592 1764 1636; x_wconf 39' lang='lat' dir='ltr'>induceretff</span> 
     </span>
     <span class='ocr_line' id='line_1_30' title="bbox 1354 1640 1763 1688; baseline 0.002 -14"><span class='ocrx_word' id='word_1_210' title='bbox 1354 1640 1499 1676; x_wconf 82' lang='lat' dir='ltr'>mediam</span> <span class='ocrx_word' id='word_1_211' title='bbox 1511 1640 1674 1688; x_wconf 79' lang='lat' dir='ltr'>quandam</span> <span class='ocrx_word' id='word_1_212' title='bbox 1686 1642 1763 1676; x_wconf 77' lang='lat' dir='ltr'>iniit</span> 
     </span>
     <span class='ocr_line' id='line_1_31' title="bbox 1354 1688 1763 1739; baseline 0.005 -17"><span class='ocrx_word' id='word_1_213' title='bbox 1354 1690 1446 1725; x_wconf 82' lang='lat' dir='ltr'>viam</span> <span class='ocrx_word' id='word_1_214' title='bbox 1476 1702 1575 1737; x_wconf 85' lang='lat' dir='ltr'>quarn</span> <span class='ocrx_word' id='word_1_215' title='bbox 1611 1688 1763 1739; x_wconf 76' lang='lat' dir='ltr'>plerique</span> 
     </span>
     <span class='ocr_line' id='line_1_32' title="bbox 1351 1736 1763 1786; baseline 0.002 -14"><span class='ocrx_word' id='word_1_216' title='bbox 1351 1736 1542 1786; x_wconf 77' lang='lat' dir='ltr'>Philosophi</span> <span class='ocrx_word' id='word_1_217' title='bbox 1556 1738 1763 1786; x_wconf 61' lang='lat' dir='ltr'>amplectun-</span> 
     </span>
     <span class='ocr_line' id='line_1_33' title="bbox 1351 1785 1761 1824; baseline 0.015 -7"><span class='ocrx_word' id='word_1_218' title='bbox 1351 1794 1415 1822; x_wconf 81' lang='lat' dir='ltr'>tur.</span> <span class='ocrx_word' id='word_1_219' title='bbox 1443 1785 1556 1821; x_wconf 83' lang='lat' dir='ltr'>Placet</span> <span class='ocrx_word' id='word_1_220' title='bbox 1577 1786 1625 1820; x_wconf 84' lang='lat' dir='ltr'>illi</span> <span class='ocrx_word' id='word_1_221' title='bbox 1642 1797 1761 1824; x_wconf 81' lang='lat' dir='ltr'>terram</span> 
     </span>
     <span class='ocr_line' id='line_1_34' title="bbox 1353 1833 1761 1871; baseline 0.01 -4"><span class='ocrx_word' id='word_1_222' title='bbox 1353 1833 1388 1867; x_wconf 91' lang='lat' dir='ltr'>in</span> <span class='ocrx_word' id='word_1_223' title='bbox 1407 1834 1520 1868; x_wconf 87' lang='lat' dir='ltr'>medio</span> <span class='ocrx_word' id='word_1_224' title='bbox 1543 1834 1659 1869; x_wconf 85' lang='lat' dir='ltr'>mundi</span> <span class='ocrx_word' id='word_1_225' title='bbox 1680 1836 1761 1871; x_wconf 85' lang='lat' dir='ltr'>stare</span> 
     </span>
     <span class='ocr_line' id='line_1_35' title="bbox 369 1875 1760 1926; baseline 0.001 -12"><span class='ocrx_word' id='word_1_226' title='bbox 369 1876 579 1916; x_wconf 79' lang='lat' dir='ltr'>immobilem</span> <span class='ocrx_word' id='word_1_227' title='bbox 590 1906 601 1922; x_wconf 91' lang='lat'>‚</span> <span class='ocrx_word' id='word_1_228' title='bbox 624 1888 724 1926; x_wconf 80' lang='lat' dir='ltr'>atque</span> <span class='ocrx_word' id='word_1_229' title='bbox 735 1876 778 1911; x_wconf 80' lang='lat' dir='ltr'>ab</span> <span class='ocrx_word' id='word_1_230' title='bbox 794 1876 878 1912; x_wconf 82' lang='lat' dir='ltr'>illius</span> <span class='ocrx_word' id='word_1_231' title='bbox 897 1887 1010 1912; x_wconf 86' lang='lat' dir='ltr'>centro</span> <span class='ocrx_word' id='word_1_232' title='bbox 1028 1875 1110 1913; x_wconf 82' lang='lat' dir='ltr'>lunae</span> <span class='ocrx_word' id='word_1_233' title='bbox 1123 1875 1243 1914; x_wconf 84' lang='lat' dir='ltr'>&amp;solis</span> <span class='ocrx_word' id='word_1_234' title='bbox 1257 1875 1370 1925; x_wconf 85' lang='lat' dir='ltr'>orbes,</span> <span class='ocrx_word' id='word_1_235' title='bbox 1388 1894 1426 1917; x_wconf 79' lang='lat' dir='ltr'>ac</span> <span class='ocrx_word' id='word_1_236' title='bbox 1442 1881 1683 1920; x_wconf 81' lang='lat' dir='ltr'>firmamentum</span> <span class='ocrx_word' id='word_1_237' title='bbox 1702 1885 1760 1919; x_wconf 86' lang='lat' dir='ltr'>de.-</span> 
     </span>
     <span class='ocr_line' id='line_1_36' title="bbox 370 1925 1760 1975; baseline 0.001 -12"><span class='ocrx_word' id='word_1_238' title='bbox 370 1928 488 1971; x_wconf 86' lang='lat' dir='ltr'>scribi,</span> <span class='ocrx_word' id='word_1_239' title='bbox 506 1927 560 1963; x_wconf 87' lang='lat' dir='ltr'>sed</span> <span class='ocrx_word' id='word_1_240' title='bbox 573 1926 674 1962; x_wconf 81' lang='lat' dir='ltr'>solem</span> <span class='ocrx_word' id='word_1_241' title='bbox 682 1926 784 1974; x_wconf 88' lang='lat' dir='ltr'>ipsum</span> <span class='ocrx_word' id='word_1_242' title='bbox 797 1928 942 1974; x_wconf 83' lang='lat' dir='ltr'>quinque</span> <span class='ocrx_word' id='word_1_243' title='bbox 959 1925 1096 1962; x_wconf 86' lang='lat' dir='ltr'>aliorum</span> <span class='ocrx_word' id='word_1_244' title='bbox 1111 1927 1312 1975; x_wconf 81' lang='lat' dir='ltr'>planetarum</span> <span class='ocrx_word' id='word_1_245' title='bbox 1320 1941 1466 1967; x_wconf 86' lang='lat' dir='ltr'>centrum</span> <span class='ocrx_word' id='word_1_246' title='bbox 1483 1932 1646 1968; x_wconf 79' lang='lat' dir='ltr'>constituit</span> <span class='ocrx_word' id='word_1_247' title='bbox 1660 1947 1669 1970; x_wconf 90' lang='lat'>:</span> <span class='ocrx_word' id='word_1_248' title='bbox 1683 1946 1760 1970; x_wconf 80' lang='lat' dir='ltr'>nam</span> 
     </span>
     <span class='ocr_line' id='line_1_37' title="bbox 371 1976 1758 2033; baseline -0.001 -21"><span class='ocrx_word' id='word_1_249' title='bbox 371 1989 484 2012; x_wconf 81' lang='lat' dir='ltr'>eorum</span> <span class='ocrx_word' id='word_1_250' title='bbox 501 1984 629 2021; x_wconf 85' lang='lat' dir='ltr'>motus&#39;‚</span> <span class='ocrx_word' id='word_1_251' title='bbox 648 1976 798 2010; x_wconf 78' lang='lat' dir='ltr'>stationes</span> <span class='ocrx_word' id='word_1_252' title='bbox 812 2005 821 2019; x_wconf 88' lang='lat'>‚</span> <span class='ocrx_word' id='word_1_253' title='bbox 843 1976 1039 2011; x_wconf 63' lang='lat' dir='ltr'>directiones</span> <span class='ocrx_word' id='word_1_254' title='bbox 1053 2005 1063 2020; x_wconf 88' lang='lat'>,</span> <span class='ocrx_word' id='word_1_255' title='bbox 1078 1982 1111 2013; x_wconf 74' lang='grc' dir='ltr'>δε</span> <span class='ocrx_word' id='word_1_256' title='bbox 1129 1978 1421 2026; x_wconf 78' lang='lat' dir='ltr'>retrogradationes</span> <span class='ocrx_word' id='word_1_257' title='bbox 1441 1981 1487 2018; x_wconf 85' lang='lat' dir='ltr'>sol</span> <span class='ocrx_word' id='word_1_258' title='bbox 1505 1984 1642 2019; x_wconf 73' lang='lat' dir='ltr'>omnino</span> <span class='ocrx_word' id='word_1_259' title='bbox 1656 1985 1758 2033; x_wconf 65' lang='lat' dir='ltr'>tegit,</span> 
     </span>
     <span class='ocr_line' id='line_1_38' title="bbox 371 2024 1037 2072; baseline 0.002 -13"><span class='ocrx_word' id='word_1_260' title='bbox 371 2031 408 2063; x_wconf 87' lang='lat'>&amp;</span> <span class='ocrx_word' id='word_1_261' title='bbox 425 2026 605 2059; x_wconf 85' lang='lat' dir='ltr'>moderatur</span> <span class='ocrx_word' id='word_1_262' title='bbox 620 2054 633 2068; x_wconf 91' lang='lat'>‚</span> <span class='ocrx_word' id='word_1_263' title='bbox 647 2036 681 2060; x_wconf 88' lang='lat' dir='ltr'>ut</span> <span class='ocrx_word' id='word_1_264' title='bbox 695 2024 806 2072; x_wconf 79' lang='lat' dir='ltr'>postea</span> <span class='ocrx_word' id='word_1_265' title='bbox 819 2026 1037 2061; x_wconf 82' lang='lat' dir='ltr'>ostendemus.</span> 
     </span>
     <span class='ocr_line' id='line_1_39' title="bbox 367 2072 1758 2130; baseline 0.006 -24"><span class='ocrx_word' id='word_1_266' title='bbox 367 2081 370 2087; x_wconf 89' lang='lat'><em>·</em></span> <span class='ocrx_word' id='word_1_267' title='bbox 408 2078 520 2120; x_wconf 60' lang='lat' dir='ltr'>Qare</span> <span class='ocrx_word' id='word_1_268' title='bbox 531 2075 563 2107; x_wconf 82' lang='lat' dir='ltr'>iu</span> <span class='ocrx_word' id='word_1_269' title='bbox 577 2073 636 2108; x_wconf 86' lang='lat' dir='ltr'>hac</span> <span class='ocrx_word' id='word_1_270' title='bbox 647 2072 817 2122; x_wconf 37' lang='lat' dir='ltr'>hypothesi</span> <span class='ocrx_word' id='word_1_271' title='bbox 827 2074 947 2109; x_wconf 73' lang='lat' dir='ltr'>coelum</span> <span class='ocrx_word' id='word_1_272' title='bbox 958 2073 1093 2109; x_wconf 86' lang='lat' dir='ltr'>fluidum</span> <span class='ocrx_word' id='word_1_273' title='bbox 1107 2073 1152 2108; x_wconf 85' lang='lat' dir='ltr'>est</span> <span class='ocrx_word' id='word_1_274' title='bbox 1165 2105 1174 2120; x_wconf 84' lang='lat'>‚</span> <span class='ocrx_word' id='word_1_275' title='bbox 1190 2079 1287 2128; x_wconf 87' lang='lat' dir='ltr'>idque</span> <span class='ocrx_word' id='word_1_276' title='bbox 1299 2080 1436 2129; x_wconf 85' lang='lat' dir='ltr'>triplex:</span> <span class='ocrx_word' id='word_1_277' title='bbox 1451 2080 1590 2130; x_wconf 86' lang='lat' dir='ltr'>primum</span> <span class='ocrx_word' id='word_1_278' title='bbox 1605 2078 1758 2125; x_wconf 61' lang='lat' dir='ltr'>mobileg</span> 
     </span>
     <span class='ocr_line' id='line_1_40' title="bbox 370 2122 1757 2178; baseline 0.006 -20"><span class='ocrx_word' id='word_1_279' title='bbox 370 2125 458 2172; x_wconf 80' lang='lat' dir='ltr'>quod</span> <span class='ocrx_word' id='word_1_280' title='bbox 473 2134 564 2157; x_wconf 90' lang='lat' dir='ltr'>motu</span> <span class='ocrx_word' id='word_1_281' title='bbox 578 2122 693 2157; x_wconf 86' lang='lat' dir='ltr'>diurno</span> <span class='ocrx_word' id='word_1_282' title='bbox 711 2125 934 2171; x_wconf 80' lang='lat' dir='ltr'>circumagitur</span> <span class='ocrx_word' id='word_1_283' title='bbox 953 2141 962 2167; x_wconf 79' lang='lat'>3</span> <span class='ocrx_word' id='word_1_284' title='bbox 984 2122 1222 2162; x_wconf 79' lang='lat' dir='ltr'>firmamentum</span> <span class='ocrx_word' id='word_1_285' title='bbox 1236 2158 1246 2172; x_wconf 93' lang='lat'>,</span> <span class='ocrx_word' id='word_1_286' title='bbox 1265 2135 1298 2166; x_wconf 65' lang='grc' dir='ltr'>ὅ(</span> <span class='ocrx_word' id='word_1_287' title='bbox 1319 2130 1437 2166; x_wconf 76' lang='lat' dir='ltr'>coe‘lum</span> <span class='ocrx_word' id='word_1_288' title='bbox 1457 2129 1669 2178; x_wconf 76' lang='lat' dir='ltr'>planetarum.</span> <span class='ocrx_word' id='word_1_289' title='bbox 1702 2131 1757 2164; x_wconf 83' lang='lat' dir='ltr'>Sic</span> 
     </span>
     <span class='ocr_line' id='line_1_41' title="bbox 373 2171 1756 2228; baseline 0.006 -21"><span class='ocrx_word' id='word_1_290' title='bbox 373 2174 470 2207; x_wconf 81' lang='lat' dir='ltr'>trium</span> <span class='ocrx_word' id='word_1_291' title='bbox 481 2171 681 2220; x_wconf 75' lang='lat' dir='ltr'>planetarum</span> <span class='ocrx_word' id='word_1_292' title='bbox 695 2171 895 2219; x_wconf 80' lang='lat' dir='ltr'>superiorum</span> <span class='ocrx_word' id='word_1_293' title='bbox 914 2205 919 2215; x_wconf 82' lang='grc'><strong><em>,</em></strong></span> <span class='ocrx_word' id='word_1_294' title='bbox 938 2172 1033 2207; x_wconf 67' lang='lat' dir='ltr'>orbes</span> <span class='ocrx_word' id='word_1_295' title='bbox 1052 2186 1170 2212; x_wconf 79' lang='lat' dir='ltr'>tetram</span> <span class='ocrx_word' id='word_1_296' title='bbox 1185 2178 1371 2228; x_wconf 81' lang='lat' dir='ltr'>involvunt,</span> <span class='ocrx_word' id='word_1_297' title='bbox 1384 2193 1450 2218; x_wconf 86' lang='lat' dir='ltr'>non</span> <span class='ocrx_word' id='word_1_298' title='bbox 1464 2180 1649 2224; x_wconf 82' lang='lat' dir='ltr'>Veneris,&amp;</span> <span class='ocrx_word' id='word_1_299' title='bbox 1659 2180 1756 2220; x_wconf 63' lang='lat' dir='ltr'>Men,</span> 
     </span>
     <span class='ocr_line' id='line_1_42' title="bbox 370 2219 1035 2271; baseline 0 -14"><span class='ocrx_word' id='word_1_300' title='bbox 370 2223 448 2258; x_wconf 81' lang='lat' dir='ltr'>curii</span> <span class='ocrx_word' id='word_1_301' title='bbox 457 2220 593 2267; x_wconf 80' lang='lat' dir='ltr'>orbitae,</span> <span class='ocrx_word' id='word_1_302' title='bbox 610 2233 681 2270; x_wconf 85' lang='lat' dir='ltr'>quae</span> <span class='ocrx_word' id='word_1_303' title='bbox 701 2220 758 2260; x_wconf 85' lang='lat' dir='ltr'>soli</span> <span class='ocrx_word' id='word_1_304' title='bbox 778 2219 847 2259; x_wconf 83' lang='lat' dir='ltr'>sunt</span> <span class='ocrx_word' id='word_1_305' title='bbox 870 2224 1035 2271; x_wconf 63' lang='lat' dir='ltr'>proximae.</span> 
     </span>
    </p>
   </div>
   <div class='ocr_carea' id='block_1_4' title="bbox 406 932 1318 1849">
    <p class='ocr_par' dir='ltr' id='par_1_6' title="bbox 406 932 1318 1849">
     <span class='ocr_line' id='line_1_43' title="bbox 406 932 1318 1849; baseline 0 0"><span class='ocrx_word' id='word_1_306' title='bbox 406 932 1318 1849; x_wconf 95' lang='lat' dir='ltr'> </span> 
     </span>
    </p>
   </div>
   <div class='ocr_carea' id='block_1_5' title="bbox 1606 2371 1753 2425">
    <p class='ocr_par' dir='ltr' id='par_1_7' title="bbox 1606 2371 1753 2425">
     <span class='ocr_line' id='line_1_44' title="bbox 1606 2371 1753 2425; baseline -0.007 -15"><span class='ocrx_word' id='word_1_307' title='bbox 1606 2374 1654 2425; x_wconf 88' lang='lat' dir='ltr'>Sy</span> <span class='ocrx_word' id='word_1_308' title='bbox 1653 2371 1753 2421; x_wconf 47' lang='lat' dir='ltr'>stem&amp;</span> 
     </span>
    </p>
   </div>
   <div class='ocr_carea' id='block_1_6' title="bbox 1850 0 1878 1522">
    <p class='ocr_par' dir='ltr' id='par_1_8' title="bbox 1850 0 1878 1522">
     <span class='ocr_line' id='line_1_45' title="bbox 1850 0 1878 1522; baseline 0 0"><span class='ocrx_word' id='word_1_309' title='bbox 1850 0 1878 1522; x_wconf 95' lang='lat' dir='ltr'> </span> 
     </span>
    </p>
   </div>
  </div>
 </body>
</html>
