<?xml version="1.0" encoding="UTF-8"?>
<!DOCTYPE html PUBLIC "-//W3C//DTD XHTML 1.0 Transitional//EN"
    "http://www.w3.org/TR/xhtml1/DTD/xhtml1-transitional.dtd">
<html xmlns="http://www.w3.org/1999/xhtml" xml:lang="en" lang="en">
 <head>
  <title>
</title>
<meta http-equiv="Content-Type" content="text/html;charset=utf-8" />
  <meta name='ocr-system' content='tesseract 3.04.00' />
  <meta name='ocr-capabilities' content='ocr_page ocr_carea ocr_par ocr_line ocrx_word'/>
</head>
<body>
  <div class='ocr_page' id='page_1' title='image "./philosophiavetus02duhauoft_0389.png"; bbox 0 0 1878 2724; ppageno 0'>
   <div class='ocr_carea' id='block_1_1' title="bbox 101 154 1490 775">
    <p class='ocr_par' dir='ltr' id='par_1_1' title="bbox 103 154 1488 334">
     <span class='ocr_line' id='line_1_1' title="bbox 107 154 1486 236; baseline -0.003 -7"><span class='ocrx_word' id='word_1_1' title='bbox 107 193 127 229; x_wconf 69' lang='grc' dir='ltr'>ὲ</span> <span class='ocrx_word' id='word_1_2' title='bbox 141 202 224 228; x_wconf 82' lang='lat' dir='ltr'>terra</span> <span class='ocrx_word' id='word_1_3' title='bbox 237 185 469 231; x_wconf 74' lang='lat' dir='ltr'>effluunt,haec</span> <span class='ocrx_word' id='word_1_4' title='bbox 480 183 582 222; x_wconf 84' lang='lat' dir='ltr'>habet</span> <span class='ocrx_word' id='word_1_5' title='bbox 592 187 679 222; x_wconf 88' lang='lat' dir='ltr'>idem</span> <span class='ocrx_word' id='word_1_6' title='bbox 690 188 964 236; x_wconf 79' lang='lat' dir='ltr'>Agricola.Certe</span> <span class='ocrx_word' id='word_1_7' title='bbox 979 216 990 231; x_wconf 92' lang='lat'><em>‚</em></span> <span class='ocrx_word' id='word_1_8' title='bbox 1003 189 1112 235; x_wconf 88' lang='lat' dir='ltr'>inquit</span> <span class='ocrx_word' id='word_1_9' title='bbox 1127 218 1136 231; x_wconf 90' lang='lat'>,</span> <span class='ocrx_word' id='word_1_10' title='bbox 1155 186 1205 224; x_wconf 78' lang='lat' dir='ltr'>hic</span> <span class='ocrx_word' id='word_1_11' title='bbox 1223 188 1406 236; x_wconf 81' lang='lat' dir='ltr'>Kempnicii</span> <span class='ocrx_word' id='word_1_12' title='bbox 1426 154 1486 225; x_wconf 54' lang='grc' dir='ltr'>ιῗιῖἷ</span> 
     </span>
     <span class='ocr_line' id='line_1_2' title="bbox 104 235 1488 285; baseline -0.001 -11"><span class='ocrx_word' id='word_1_13' title='bbox 104 241 266 276; x_wconf 79' lang='lat' dir='ltr'>decimum</span> <span class='ocrx_word' id='word_1_14' title='bbox 283 235 402 272; x_wconf 80' lang='lat' dir='ltr'>abhinc</span> <span class='ocrx_word' id='word_1_15' title='bbox 414 247 533 271; x_wconf 86' lang='lat' dir='ltr'>annum</span> <span class='ocrx_word' id='word_1_16' title='bbox 545 235 653 271; x_wconf 86' lang='lat' dir='ltr'>mense</span> <span class='ocrx_word' id='word_1_17' title='bbox 665 235 849 285; x_wconf 75' lang='lat' dir='ltr'>Septembri</span> <span class='ocrx_word' id='word_1_18' title='bbox 869 235 1061 273; x_wconf 80' lang='lat' dir='ltr'>effluxerunt</span> <span class='ocrx_word' id='word_1_19' title='bbox 1073 236 1191 273; x_wconf 88' lang='lat' dir='ltr'>imbres</span> <span class='ocrx_word' id='word_1_20' title='bbox 1204 266 1215 281; x_wconf 87' lang='lat'>‚</span> <span class='ocrx_word' id='word_1_21' title='bbox 1239 236 1278 272; x_wconf 85' lang='lat' dir='ltr'>fic</span> <span class='ocrx_word' id='word_1_22' title='bbox 1299 250 1372 273; x_wconf 89' lang='lat' dir='ltr'>cum</span> <span class='ocrx_word' id='word_1_23' title='bbox 1403 250 1488 274; x_wconf 81' lang='lat' dir='ltr'>terra</span> 
     </span>
     <span class='ocr_line' id='line_1_3' title="bbox 103 283 1110 334; baseline -0.005 -10"><span class='ocrx_word' id='word_1_24' title='bbox 103 288 192 324; x_wconf 82' lang='lat' dir='ltr'>lutea</span> <span class='ocrx_word' id='word_1_25' title='bbox 203 288 362 323; x_wconf 84' lang='lat' dir='ltr'>commisti</span> <span class='ocrx_word' id='word_1_26' title='bbox 379 313 389 328; x_wconf 94' lang='lat'>,</span> <span class='ocrx_word' id='word_1_27' title='bbox 409 295 445 319; x_wconf 89' lang='lat' dir='ltr'>ut</span> <span class='ocrx_word' id='word_1_28' title='bbox 458 295 494 318; x_wconf 85' lang='lat' dir='ltr'>ea</span> <span class='ocrx_word' id='word_1_29' title='bbox 507 283 616 332; x_wconf 84' lang='lat' dir='ltr'>paffim</span> <span class='ocrx_word' id='word_1_30' title='bbox 626 285 748 334; x_wconf 84' lang='lat' dir='ltr'>plateas</span> <span class='ocrx_word' id='word_1_31' title='bbox 762 287 905 320; x_wconf 82' lang='lat' dir='ltr'>viderem</span> <span class='ocrx_word' id='word_1_32' title='bbox 922 285 1110 334; x_wconf 77' lang='lat' dir='ltr'>conspersas.</span> 
     </span>
    </p>

    <p class='ocr_par' dir='ltr' id='par_1_2' title="bbox 101 332 1490 775">
     <span class='ocr_line' id='line_1_4' title="bbox 137 332 1488 383; baseline -0.003 -11"><span class='ocrx_word' id='word_1_33' title='bbox 137 339 260 383; x_wconf 85' lang='lat' dir='ltr'>Neque</span> <span class='ocrx_word' id='word_1_34' title='bbox 272 334 306 369; x_wconf 88' lang='lat' dir='ltr'>id</span> <span class='ocrx_word' id='word_1_35' title='bbox 321 334 507 382; x_wconf 85' lang='lat' dir='ltr'>negaverim</span> <span class='ocrx_word' id='word_1_36' title='bbox 518 334 684 369; x_wconf 82' lang='lat' dir='ltr'>interdum</span> <span class='ocrx_word' id='word_1_37' title='bbox 697 332 783 382; x_wconf 82' lang='lat' dir='ltr'>poffe</span> <span class='ocrx_word' id='word_1_38' title='bbox 798 335 942 369; x_wconf 88' lang='lat' dir='ltr'>accidere</span> <span class='ocrx_word' id='word_1_39' title='bbox 952 335 1057 382; x_wconf 82' lang='lat' dir='ltr'>,quod</span> <span class='ocrx_word' id='word_1_40' title='bbox 1074 335 1174 370; x_wconf 86' lang='lat' dir='ltr'>refert</span> <span class='ocrx_word' id='word_1_41' title='bbox 1189 334 1362 370; x_wconf 77' lang='lat' dir='ltr'>Gaffendus</span> <span class='ocrx_word' id='word_1_42' title='bbox 1375 336 1407 369; x_wconf 90' lang='lat' dir='ltr'>in</span> <span class='ocrx_word' id='word_1_43' title='bbox 1422 336 1488 369; x_wconf 78' lang='lat' dir='ltr'>vita</span> 
     </span>
     <span class='ocr_line' id='line_1_5' title="bbox 104 381 1488 431; baseline -0.003 -10"><span class='ocrx_word' id='word_1_44' title='bbox 104 384 258 422; x_wconf 78' lang='lat' dir='ltr'>Peiresrrii</span> <span class='ocrx_word' id='word_1_45' title='bbox 268 412 278 427; x_wconf 89' lang='lat'>‚</span> <span class='ocrx_word' id='word_1_46' title='bbox 295 381 435 418; x_wconf 84' lang='lat' dir='ltr'>maculas</span> <span class='ocrx_word' id='word_1_47' title='bbox 447 383 599 418; x_wconf 86' lang='lat' dir='ltr'>nimirum</span> <span class='ocrx_word' id='word_1_48' title='bbox 615 381 799 431; x_wconf 84' lang='lat' dir='ltr'>sanguineas</span> <span class='ocrx_word' id='word_1_49' title='bbox 814 382 972 431; x_wconf 78' lang='lat' dir='ltr'>lapidibus</span> <span class='ocrx_word' id='word_1_50' title='bbox 984 412 993 427; x_wconf 88' lang='lat'><strong>,</strong></span> <span class='ocrx_word' id='word_1_51' title='bbox 1007 396 1045 418; x_wconf 85' lang='lat' dir='ltr'>ac</span> <span class='ocrx_word' id='word_1_52' title='bbox 1058 384 1234 431; x_wconf 84' lang='lat' dir='ltr'>parietibus</span> <span class='ocrx_word' id='word_1_53' title='bbox 1245 381 1488 418; x_wconf 79' lang='lat' dir='ltr'>adhaerescentes</span> 
     </span>
     <span class='ocr_line' id='line_1_6' title="bbox 103 430 1490 481; baseline -0.001 -12"><span class='ocrx_word' id='word_1_54' title='bbox 103 446 141 469; x_wconf 78' lang='lat' dir='ltr'>ex</span> <span class='ocrx_word' id='word_1_55' title='bbox 153 437 253 469; x_wconf 88' lang='lat' dir='ltr'>erucis</span> <span class='ocrx_word' id='word_1_56' title='bbox 263 442 349 467; x_wconf 76' lang='lat' dir='ltr'>ortas</span> <span class='ocrx_word' id='word_1_57' title='bbox 360 460 369 474; x_wconf 91' lang='lat'>‚</span> <span class='ocrx_word' id='word_1_58' title='bbox 386 431 463 465; x_wconf 88' lang='lat' dir='ltr'>dum</span> <span class='ocrx_word' id='word_1_59' title='bbox 478 433 509 466; x_wconf 87' lang='lat' dir='ltr'>in</span> <span class='ocrx_word' id='word_1_60' title='bbox 525 431 707 480; x_wconf 80' lang='lat' dir='ltr'>papiliones</span> <span class='ocrx_word' id='word_1_61' title='bbox 719 430 843 466; x_wconf 89' lang='lat' dir='ltr'>abeunt</span> <span class='ocrx_word' id='word_1_62' title='bbox 858 460 869 474; x_wconf 92' lang='lat'>‚</span> <span class='ocrx_word' id='word_1_63' title='bbox 886 431 1028 481; x_wconf 85' lang='lat' dir='ltr'>&amp;spolia</span> <span class='ocrx_word' id='word_1_64' title='bbox 1038 444 1158 468; x_wconf 84' lang='lat' dir='ltr'>exuunt</span> <span class='ocrx_word' id='word_1_65' title='bbox 1174 447 1182 468; x_wconf 74' lang='grc' dir='ltr'>ε</span> <span class='ocrx_word' id='word_1_66' title='bbox 1201 433 1290 480; x_wconf 89' lang='lat' dir='ltr'>quod</span> <span class='ocrx_word' id='word_1_67' title='bbox 1304 431 1490 467; x_wconf 79' lang='lat' dir='ltr'>observavit</span> 
     </span>
     <span class='ocr_line' id='line_1_7' title="bbox 102 479 1489 529; baseline -0.001 -10"><span class='ocrx_word' id='word_1_68' title='bbox 102 481 282 519; x_wconf 74' lang='lat' dir='ltr'>Peiresxius</span> <span class='ocrx_word' id='word_1_69' title='bbox 293 493 381 515; x_wconf 85' lang='lat' dir='ltr'>anno</span> <span class='ocrx_word' id='word_1_70' title='bbox 397 482 478 517; x_wconf 67' lang='lat'>1608.</span> <span class='ocrx_word' id='word_1_71' title='bbox 499 479 584 516; x_wconf 80' lang='lat' dir='ltr'>Hinc</span> <span class='ocrx_word' id='word_1_72' title='bbox 595 492 741 517; x_wconf 86' lang='lat' dir='ltr'>cruentas</span> <span class='ocrx_word' id='word_1_73' title='bbox 750 479 819 516; x_wconf 83' lang='lat' dir='ltr'>illas</span> <span class='ocrx_word' id='word_1_74' title='bbox 830 480 974 515; x_wconf 76' lang='lat' dir='ltr'>maculas</span> <span class='ocrx_word' id='word_1_75' title='bbox 983 483 1036 515; x_wconf 87' lang='lat' dir='ltr'>vix</span> <span class='ocrx_word' id='word_1_76' title='bbox 1052 494 1130 529; x_wconf 80' lang='lat' dir='ltr'>aqua</span> <span class='ocrx_word' id='word_1_77' title='bbox 1148 481 1236 516; x_wconf 88' lang='lat' dir='ltr'>ablui</span> <span class='ocrx_word' id='word_1_78' title='bbox 1249 480 1334 529; x_wconf 81' lang='lat' dir='ltr'>poffe</span> <span class='ocrx_word' id='word_1_79' title='bbox 1346 480 1489 518; x_wconf 83' lang='lat' dir='ltr'>referunt</span> 
     </span>
     <span class='ocr_line' id='line_1_8' title="bbox 101 527 1488 578; baseline -0.004 -10"><span class='ocrx_word' id='word_1_80' title='bbox 101 531 244 568; x_wconf 76' lang='lat' dir='ltr'>historici</span> <span class='ocrx_word' id='word_1_81' title='bbox 255 544 263 566; x_wconf 93' lang='lat'>:</span> <span class='ocrx_word' id='word_1_82' title='bbox 274 529 361 578; x_wconf 88' lang='lat' dir='ltr'>quod</span> <span class='ocrx_word' id='word_1_83' title='bbox 374 527 473 577; x_wconf 83' lang='lat' dir='ltr'>ipsam</span> <span class='ocrx_word' id='word_1_84' title='bbox 486 530 702 564; x_wconf 85' lang='lat' dir='ltr'>demonstrare</span> <span class='ocrx_word' id='word_1_85' title='bbox 712 541 749 564; x_wconf 85' lang='lat' dir='ltr'>ex</span> <span class='ocrx_word' id='word_1_86' title='bbox 777 532 945 564; x_wconf 79' lang='lat' dir='ltr'>erientiam</span> <span class='ocrx_word' id='word_1_87' title='bbox 959 531 991 564; x_wconf 89' lang='lat' dir='ltr'>in</span> <span class='ocrx_word' id='word_1_88' title='bbox 1009 530 1071 564; x_wconf 90' lang='lat' dir='ltr'>illis</span> <span class='ocrx_word' id='word_1_89' title='bbox 1088 530 1285 578; x_wconf 78' lang='lat' dir='ltr'>papilionum</span> <span class='ocrx_word' id='word_1_90' title='bbox 1303 541 1488 566; x_wconf 81' lang='lat' dir='ltr'>excremen-</span> 
     </span>
     <span class='ocr_line' id='line_1_9' title="bbox 102 541 1488 626; baseline -0.001 -10"><span class='ocrx_word' id='word_1_91' title='bbox 102 582 141 616; x_wconf 76' lang='lat' dir='ltr'>tis</span> <span class='ocrx_word' id='word_1_92' title='bbox 158 580 298 615; x_wconf 84' lang='lat' dir='ltr'>testatur.</span> <span class='ocrx_word' id='word_1_93' title='bbox 314 577 401 612; x_wconf 87' lang='lat' dir='ltr'>Cum</span> <span class='ocrx_word' id='word_1_94' title='bbox 411 579 509 612; x_wconf 85' lang='lat' dir='ltr'>etiam</span> <span class='ocrx_word' id='word_1_95' title='bbox 517 580 622 625; x_wconf 78' lang='lat' dir='ltr'>neque</span> <span class='ocrx_word' id='word_1_96' title='bbox 635 579 667 612; x_wconf 88' lang='lat' dir='ltr'>in</span> <span class='ocrx_word' id='word_1_97' title='bbox 686 541 895 613; x_wconf 62' lang='lat' dir='ltr'>aedificiorum</span> <span class='ocrx_word' id='word_1_98' title='bbox 909 579 1019 621; x_wconf 60' lang='grc' dir='ltr'>πῶς,</span> <span class='ocrx_word' id='word_1_99' title='bbox 1036 591 1097 613; x_wconf 86' lang='lat' dir='ltr'>nec</span> <span class='ocrx_word' id='word_1_100' title='bbox 1118 579 1188 613; x_wconf 88' lang='lat' dir='ltr'>fere</span> <span class='ocrx_word' id='word_1_101' title='bbox 1213 581 1245 614; x_wconf 93' lang='lat' dir='ltr'>in</span> <span class='ocrx_word' id='word_1_102' title='bbox 1269 578 1417 626; x_wconf 80' lang='lat' dir='ltr'>oppidis,</span> <span class='ocrx_word' id='word_1_103' title='bbox 1435 578 1488 614; x_wconf 85' lang='lat' dir='ltr'>sed</span> 
     </span>
     <span class='ocr_line' id='line_1_10' title="bbox 101 625 1488 678; baseline -0.003 -14"><span class='ocrx_word' id='word_1_104' title='bbox 101 631 210 678; x_wconf 88' lang='lat' dir='ltr'>potius</span> <span class='ocrx_word' id='word_1_105' title='bbox 233 631 266 663; x_wconf 91' lang='lat' dir='ltr'>in</span> <span class='ocrx_word' id='word_1_106' title='bbox 279 628 362 675; x_wconf 74' lang='lat' dir='ltr'>agris</span> <span class='ocrx_word' id='word_1_107' title='bbox 379 637 412 660; x_wconf 82' lang='lat' dir='ltr'>at</span> <span class='ocrx_word' id='word_1_108' title='bbox 439 637 479 660; x_wconf 89' lang='lat' dir='ltr'>ue</span> <span class='ocrx_word' id='word_1_109' title='bbox 494 628 527 661; x_wconf 89' lang='lat' dir='ltr'>in</span> <span class='ocrx_word' id='word_1_110' title='bbox 542 625 756 662; x_wconf 81' lang='lat' dir='ltr'>foraminibus</span> <span class='ocrx_word' id='word_1_111' title='bbox 768 655 778 670; x_wconf 86' lang='lat'><strong>,</strong></span> <span class='ocrx_word' id='word_1_112' title='bbox 797 628 831 663; x_wconf 91' lang='lat' dir='ltr'>in</span> <span class='ocrx_word' id='word_1_113' title='bbox 850 625 968 673; x_wconf 83' lang='lat' dir='ltr'>quibus</span> <span class='ocrx_word' id='word_1_114' title='bbox 985 627 1192 671; x_wconf 85' lang='lat' dir='ltr'>nidulantur;</span> <span class='ocrx_word' id='word_1_115' title='bbox 1208 639 1316 675; x_wconf 90' lang='lat' dir='ltr'>neque</span> <span class='ocrx_word' id='word_1_116' title='bbox 1337 628 1369 660; x_wconf 90' lang='lat' dir='ltr'>in</span> <span class='ocrx_word' id='word_1_117' title='bbox 1388 627 1488 663; x_wconf 89' lang='lat' dir='ltr'>deve-</span> 
     </span>
     <span class='ocr_line' id='line_1_11' title="bbox 101 637 1490 724; baseline -0.003 -10"><span class='ocrx_word' id='word_1_118' title='bbox 101 680 148 714; x_wconf 76' lang='lat' dir='ltr'>xis</span> <span class='ocrx_word' id='word_1_119' title='bbox 160 683 195 715; x_wconf 75' lang='grc' dir='ltr'>δε</span> <span class='ocrx_word' id='word_1_120' title='bbox 207 676 294 712; x_wconf 81' lang='lat' dir='ltr'>coelo</span> <span class='ocrx_word' id='word_1_121' title='bbox 305 637 446 710; x_wconf 64' lang='lat' dir='ltr'>obversis</span> <span class='ocrx_word' id='word_1_122' title='bbox 457 674 598 723; x_wconf 86' lang='lat' dir='ltr'>lapidum</span> <span class='ocrx_word' id='word_1_123' title='bbox 614 674 838 724; x_wconf 84' lang='lat' dir='ltr'>superficiebus</span> <span class='ocrx_word' id='word_1_124' title='bbox 850 704 861 719; x_wconf 90' lang='lat'>‚</span> <span class='ocrx_word' id='word_1_125' title='bbox 878 675 929 711; x_wconf 90' lang='lat' dir='ltr'>sed</span> <span class='ocrx_word' id='word_1_126' title='bbox 945 678 978 711; x_wconf 87' lang='lat' dir='ltr'>in</span> <span class='ocrx_word' id='word_1_127' title='bbox 988 674 1102 711; x_wconf 77' lang='lat' dir='ltr'>aversis</span> <span class='ocrx_word' id='word_1_128' title='bbox 1114 705 1123 720; x_wconf 96' lang='lat'>,</span> <span class='ocrx_word' id='word_1_129' title='bbox 1135 682 1166 713; x_wconf 71' lang='grc' dir='ltr'>ὅ(</span> <span class='ocrx_word' id='word_1_130' title='bbox 1177 678 1325 711; x_wconf 79' lang='lat' dir='ltr'>concavis</span> <span class='ocrx_word' id='word_1_131' title='bbox 1336 674 1490 723; x_wconf 86' lang='lat' dir='ltr'>aspician-</span> 
     </span>
     <span class='ocr_line' id='line_1_12' title="bbox 101 723 1490 775; baseline 0 -14"><span class='ocrx_word' id='word_1_132' title='bbox 101 738 171 762; x_wconf 82' lang='lat' dir='ltr'>tur:</span> <span class='ocrx_word' id='word_1_133' title='bbox 190 726 267 762; x_wconf 86' lang='lat' dir='ltr'>hinc</span> <span class='ocrx_word' id='word_1_134' title='bbox 280 723 404 772; x_wconf 77' lang='lat' dir='ltr'>colligit</span> <span class='ocrx_word' id='word_1_135' title='bbox 417 723 601 771; x_wconf 70' lang='lat' dir='ltr'>sanguineas</span> <span class='ocrx_word' id='word_1_136' title='bbox 620 724 688 760; x_wconf 74' lang='lat' dir='ltr'>illas</span> <span class='ocrx_word' id='word_1_137' title='bbox 698 736 806 773; x_wconf 83' lang='lat' dir='ltr'>guttas</span> <span class='ocrx_word' id='word_1_138' title='bbox 822 754 833 769; x_wconf 94' lang='lat'>,</span> <span class='ocrx_word' id='word_1_139' title='bbox 848 729 882 762; x_wconf 77' lang='grc' dir='ltr'>ὃ(</span> <span class='ocrx_word' id='word_1_140' title='bbox 898 725 1059 762; x_wconf 79' lang='lat' dir='ltr'>interdum</span> <span class='ocrx_word' id='word_1_141' title='bbox 1073 726 1273 775; x_wconf 68' lang='lat' dir='ltr'>praegrandes</span> <span class='ocrx_word' id='word_1_142' title='bbox 1291 726 1309 761; x_wconf 79' lang='grc' dir='ltr'>ὲ</span> <span class='ocrx_word' id='word_1_143' title='bbox 1319 727 1403 759; x_wconf 76' lang='lat' dir='ltr'>coelo</span> <span class='ocrx_word' id='word_1_144' title='bbox 1422 738 1490 761; x_wconf 86' lang='lat' dir='ltr'>non</span> 
     </span>
    </p>
   </div>
   <div class='ocr_carea' id='block_1_2' title="bbox 101 775 874 858">
    <p class='ocr_par' dir='ltr' id='par_1_3' title="bbox 101 775 874 858">
     <span class='ocr_line' id='line_1_13' title="bbox 102 775 266 812; baseline 0.012 -2"><span class='ocrx_word' id='word_1_145' title='bbox 102 775 266 812; x_wconf 82' lang='lat' dir='ltr'>dec-idere.</span> 
     </span>
     <span class='ocr_line' id='line_1_14' title="bbox 101 820 874 858; baseline 0.004 -4"><span class='ocrx_word' id='word_1_146' title='bbox 101 843 105 846; x_wconf 92' lang='lat'><em>-</em></span> <span class='ocrx_word' id='word_1_147' title='bbox 689 822 744 856; x_wconf 85' lang='lat' dir='ltr'>De</span> <span class='ocrx_word' id='word_1_148' title='bbox 766 820 821 856; x_wconf 71' lang='lat' dir='ltr'>Ni</span> <span class='ocrx_word' id='word_1_149' title='bbox 822 833 874 858; x_wconf 82' lang='lat' dir='ltr'>ve.</span> 
     </span>
    </p>
   </div>
   <div class='ocr_carea' id='block_1_3' title="bbox 100 917 1494 2384">
    <p class='ocr_par' dir='ltr' id='par_1_4' title="bbox 100 917 1492 1213">
     <span class='ocr_line' id='line_1_15' title="bbox 137 917 1489 969; baseline 0 -12"><span class='ocrx_word' id='word_1_150' title='bbox 137 922 202 958; x_wconf 83' lang='lat' dir='ltr'>Nix</span> <span class='ocrx_word' id='word_1_151' title='bbox 213 933 281 956; x_wconf 88' lang='lat' dir='ltr'>non</span> <span class='ocrx_word' id='word_1_152' title='bbox 294 919 360 955; x_wconf 85' lang='lat' dir='ltr'>alio</span> <span class='ocrx_word' id='word_1_153' title='bbox 380 920 451 956; x_wconf 82' lang='lat' dir='ltr'>fere</span> <span class='ocrx_word' id='word_1_154' title='bbox 465 919 566 954; x_wconf 86' lang='lat' dir='ltr'>modo</span> <span class='ocrx_word' id='word_1_155' title='bbox 582 917 681 967; x_wconf 62' lang='lat' dir='ltr'>quam</span> <span class='ocrx_word' id='word_1_156' title='bbox 690 921 805 968; x_wconf 84' lang='lat' dir='ltr'>pruina</span> <span class='ocrx_word' id='word_1_157' title='bbox 815 920 1021 969; x_wconf 77' lang='lat' dir='ltr'>congelatur:</span> <span class='ocrx_word' id='word_1_158' title='bbox 1035 921 1121 955; x_wconf 79' lang='lat' dir='ltr'>nivis</span> <span class='ocrx_word' id='word_1_159' title='bbox 1137 921 1225 955; x_wconf 75' lang='lat' dir='ltr'>enim</span> <span class='ocrx_word' id='word_1_160' title='bbox 1238 920 1331 956; x_wconf 84' lang='lat' dir='ltr'>flocci</span> <span class='ocrx_word' id='word_1_161' title='bbox 1342 933 1382 957; x_wconf 78' lang='lat' dir='ltr'>ex</span> <span class='ocrx_word' id='word_1_162' title='bbox 1396 924 1489 958; x_wconf 83' lang='lat' dir='ltr'>innu-</span> 
     </span>
     <span class='ocr_line' id='line_1_16' title="bbox 100 967 1491 1019; baseline 0.001 -14"><span class='ocrx_word' id='word_1_163' title='bbox 100 972 197 1005; x_wconf 85' lang='lat' dir='ltr'>meris</span> <span class='ocrx_word' id='word_1_164' title='bbox 209 968 351 1019; x_wconf 83' lang='lat' dir='ltr'>globulis</span> <span class='ocrx_word' id='word_1_165' title='bbox 373 967 587 1018; x_wconf 49' lang='lat' dir='ltr'>conglaciatis‘</span> <span class='ocrx_word' id='word_1_166' title='bbox 603 967 786 1004; x_wconf 86' lang='lat' dir='ltr'>coalescunt</span> <span class='ocrx_word' id='word_1_167' title='bbox 804 983 812 1005; x_wconf 91' lang='lat'>:</span> <span class='ocrx_word' id='word_1_168' title='bbox 829 970 911 1004; x_wconf 88' lang='lat' dir='ltr'>adeo</span> <span class='ocrx_word' id='word_1_169' title='bbox 938 981 974 1005; x_wconf 91' lang='lat' dir='ltr'>ut</span> <span class='ocrx_word' id='word_1_170' title='bbox 996 981 1033 1003; x_wconf 85' lang='lat' dir='ltr'>ea</span> <span class='ocrx_word' id='word_1_171' title='bbox 1060 969 1139 1004; x_wconf 81' lang='lat' dir='ltr'>nihil</span> <span class='ocrx_word' id='word_1_172' title='bbox 1160 968 1197 1004; x_wconf 81' lang='lat' dir='ltr'>sit</span> <span class='ocrx_word' id='word_1_173' title='bbox 1214 980 1329 1018; x_wconf 81' lang='lat' dir='ltr'>praeter</span> <span class='ocrx_word' id='word_1_174' title='bbox 1347 969 1491 1019; x_wconf 82' lang='lat' dir='ltr'>spumam</span> 
     </span>
     <span class='ocr_line' id='line_1_17' title="bbox 101 1016 1490 1066; baseline -0.001 -12"><span class='ocrx_word' id='word_1_175' title='bbox 101 1019 263 1066; x_wconf 84' lang='lat' dir='ltr'>quandam</span> <span class='ocrx_word' id='word_1_176' title='bbox 272 1030 345 1066; x_wconf 83' lang='lat' dir='ltr'>quae</span> <span class='ocrx_word' id='word_1_177' title='bbox 355 1020 389 1054; x_wconf 90' lang='lat' dir='ltr'>in</span> <span class='ocrx_word' id='word_1_178' title='bbox 398 1017 536 1066; x_wconf 82' lang='lat' dir='ltr'>glaciem</span> <span class='ocrx_word' id='word_1_179' title='bbox 550 1016 725 1053; x_wconf 87' lang='lat' dir='ltr'>concrescit</span> <span class='ocrx_word' id='word_1_180' title='bbox 740 1018 809 1053; x_wconf 79' lang='lat' dir='ltr'>fere</span> <span class='ocrx_word' id='word_1_181' title='bbox 826 1030 861 1053; x_wconf 90' lang='lat' dir='ltr'>ut</span> <span class='ocrx_word' id='word_1_182' title='bbox 879 1017 1032 1053; x_wconf 86' lang='lat' dir='ltr'>brumalis</span> <span class='ocrx_word' id='word_1_183' title='bbox 1052 1017 1173 1053; x_wconf 81' lang='lat' dir='ltr'>nebula</span> <span class='ocrx_word' id='word_1_184' title='bbox 1183 1019 1327 1066; x_wconf 81' lang='lat' dir='ltr'>capillis,</span> <span class='ocrx_word' id='word_1_185' title='bbox 1347 1031 1401 1054; x_wconf 89' lang='lat' dir='ltr'>aut</span> <span class='ocrx_word' id='word_1_186' title='bbox 1414 1019 1490 1054; x_wconf 78' lang='lat' dir='ltr'>bar-</span> 
     </span>
     <span class='ocr_line' id='line_1_18' title="bbox 101 1064 1490 1117; baseline 0 -15"><span class='ocrx_word' id='word_1_187' title='bbox 101 1064 150 1102; x_wconf 88' lang='lat' dir='ltr'>bae</span> <span class='ocrx_word' id='word_1_188' title='bbox 173 1066 255 1102; x_wconf 86' lang='lat' dir='ltr'>solet</span> <span class='ocrx_word' id='word_1_189' title='bbox 277 1067 494 1102; x_wconf 71' lang='lat' dir='ltr'>adhaerescere.</span> <span class='ocrx_word' id='word_1_190' title='bbox 515 1067 603 1102; x_wconf 81' lang='lat' dir='ltr'>Hinc</span> <span class='ocrx_word' id='word_1_191' title='bbox 623 1067 704 1102; x_wconf 84' lang='lat' dir='ltr'>nivis</span> <span class='ocrx_word' id='word_1_192' title='bbox 725 1078 762 1102; x_wconf 87' lang='lat' dir='ltr'>ut</span> <span class='ocrx_word' id='word_1_193' title='bbox 776 1066 891 1115; x_wconf 76' lang='lat' dir='ltr'>spuma:</span> <span class='ocrx_word' id='word_1_194' title='bbox 901 1066 1323 1103; x_wconf 78' lang='lat' dir='ltr'>candororiturexinfinitis</span> <span class='ocrx_word' id='word_1_195' title='bbox 1340 1067 1490 1117; x_wconf 85' lang='lat' dir='ltr'>globulis,</span> 
     </span>
     <span class='ocr_line' id='line_1_19' title="bbox 100 1113 1492 1163; baseline 0.001 -13"><span class='ocrx_word' id='word_1_196' title='bbox 100 1128 183 1163; x_wconf 88' lang='lat' dir='ltr'>quos</span> <span class='ocrx_word' id='word_1_197' title='bbox 201 1113 379 1151; x_wconf 83' lang='lat' dir='ltr'>tenuiffima</span> <span class='ocrx_word' id='word_1_198' title='bbox 390 1115 544 1150; x_wconf 86' lang='lat' dir='ltr'>halituum</span> <span class='ocrx_word' id='word_1_199' title='bbox 557 1113 700 1149; x_wconf 80' lang='lat' dir='ltr'>filamina</span> <span class='ocrx_word' id='word_1_200' title='bbox 717 1117 924 1153; x_wconf 65' lang='lat' dir='ltr'>connectunt.</span> <span class='ocrx_word' id='word_1_201' title='bbox 936 1115 1035 1152; x_wconf 89' lang='lat' dir='ltr'>Unde</span> <span class='ocrx_word' id='word_1_202' title='bbox 1050 1116 1149 1150; x_wconf 82' lang='lat' dir='ltr'>laxior</span> <span class='ocrx_word' id='word_1_203' title='bbox 1161 1115 1215 1150; x_wconf 86' lang='lat' dir='ltr'>illa</span> <span class='ocrx_word' id='word_1_204' title='bbox 1228 1127 1354 1152; x_wconf 76' lang='lat' dir='ltr'>textura</span> <span class='ocrx_word' id='word_1_205' title='bbox 1368 1128 1434 1151; x_wconf 87' lang='lat' dir='ltr'>tam</span> <span class='ocrx_word' id='word_1_206' title='bbox 1444 1117 1492 1152; x_wconf 78' lang='lat' dir='ltr'>fa-</span> 
     </span>
     <span class='ocr_line' id='line_1_20' title="bbox 101 1161 1134 1213; baseline 0.001 -15"><span class='ocrx_word' id='word_1_207' title='bbox 101 1164 163 1199; x_wconf 84' lang='lat' dir='ltr'>cile</span> <span class='ocrx_word' id='word_1_208' title='bbox 173 1164 329 1207; x_wconf 79' lang='lat' dir='ltr'>solvitur,</span> <span class='ocrx_word' id='word_1_209' title='bbox 343 1169 375 1200; x_wconf 89' lang='lat'>&amp;</span> <span class='ocrx_word' id='word_1_210' title='bbox 385 1166 452 1199; x_wconf 91' lang='lat' dir='ltr'>cito</span> <span class='ocrx_word' id='word_1_211' title='bbox 466 1165 520 1198; x_wconf 85' lang='lat' dir='ltr'>nix</span> <span class='ocrx_word' id='word_1_212' title='bbox 531 1161 696 1211; x_wconf 80' lang='lat' dir='ltr'>liquescit,</span> <span class='ocrx_word' id='word_1_213' title='bbox 713 1164 766 1199; x_wconf 89' lang='lat' dir='ltr'>vel</span> <span class='ocrx_word' id='word_1_214' title='bbox 780 1166 813 1199; x_wconf 86' lang='lat' dir='ltr'>in</span> <span class='ocrx_word' id='word_1_215' title='bbox 830 1163 895 1213; x_wconf 82' lang='lat' dir='ltr'>ipsa</span> <span class='ocrx_word' id='word_1_216' title='bbox 904 1176 988 1212; x_wconf 85' lang='lat' dir='ltr'>aqua</span> <span class='ocrx_word' id='word_1_217' title='bbox 1006 1163 1134 1213; x_wconf 81' lang='lat' dir='ltr'>frigida.</span> 
     </span>
    </p>

    <p class='ocr_par' dir='ltr' id='par_1_5' title="bbox 102 1211 1494 1554">
     <span class='ocr_line' id='line_1_21' title="bbox 124 1211 1491 1262; baseline 0.001 -13"><span class='ocrx_word' id='word_1_218' title='bbox 124 1214 187 1249; x_wconf 88' lang='lat' dir='ltr'>Sed</span> <span class='ocrx_word' id='word_1_219' title='bbox 198 1225 253 1248; x_wconf 88' lang='lat' dir='ltr'>cur</span> <span class='ocrx_word' id='word_1_220' title='bbox 267 1215 350 1248; x_wconf 89' lang='lat' dir='ltr'>nivis</span> <span class='ocrx_word' id='word_1_221' title='bbox 362 1211 488 1249; x_wconf 86' lang='lat' dir='ltr'>flocculi</span> <span class='ocrx_word' id='word_1_222' title='bbox 499 1211 689 1260; x_wconf 82' lang='lat' dir='ltr'>plerumque</span> <span class='ocrx_word' id='word_1_223' title='bbox 700 1213 792 1247; x_wconf 82' lang='lat' dir='ltr'>instar</span> <span class='ocrx_word' id='word_1_224' title='bbox 803 1213 965 1249; x_wconf 81' lang='lat' dir='ltr'>stellarum</span> <span class='ocrx_word' id='word_1_225' title='bbox 974 1212 1034 1248; x_wconf 77' lang='lat' dir='ltr'>sex</span> <span class='ocrx_word' id='word_1_226' title='bbox 1042 1214 1138 1249; x_wconf 84' lang='lat' dir='ltr'>radiis</span> <span class='ocrx_word' id='word_1_227' title='bbox 1150 1213 1290 1248; x_wconf 68' lang='lat' dir='ltr'>distincti</span> <span class='ocrx_word' id='word_1_228' title='bbox 1300 1225 1491 1262; x_wconf 70' lang='lat' dir='ltr'>appareant?</span> 
     </span>
     <span class='ocr_line' id='line_1_22' title="bbox 103 1261 1494 1310; baseline 0.001 -13"><span class='ocrx_word' id='word_1_229' title='bbox 103 1273 144 1299; x_wconf 84' lang='lat' dir='ltr'>an</span> <span class='ocrx_word' id='word_1_230' title='bbox 161 1261 419 1310; x_wconf 82' lang='lat' dir='ltr'>quod&#39;globum‚</span> <span class='ocrx_word' id='word_1_231' title='bbox 431 1273 485 1296; x_wconf 86' lang='lat' dir='ltr'>aut</span> <span class='ocrx_word' id='word_1_232' title='bbox 495 1261 645 1295; x_wconf 87' lang='lat' dir='ltr'>circulum</span> <span class='ocrx_word' id='word_1_233' title='bbox 655 1261 709 1295; x_wconf 86' lang='lat' dir='ltr'>alii</span> <span class='ocrx_word' id='word_1_234' title='bbox 721 1261 770 1296; x_wconf 84' lang='lat' dir='ltr'>sex</span> <span class='ocrx_word' id='word_1_235' title='bbox 784 1261 933 1310; x_wconf 81' lang='lat' dir='ltr'>globuli,</span> <span class='ocrx_word' id='word_1_236' title='bbox 951 1261 1005 1297; x_wconf 90' lang='lat' dir='ltr'>vel</span> <span class='ocrx_word' id='word_1_237' title='bbox 1021 1262 1128 1296; x_wconf 89' lang='lat' dir='ltr'>circuli</span> <span class='ocrx_word' id='word_1_238' title='bbox 1142 1264 1232 1298; x_wconf 84' lang='lat' dir='ltr'>omni</span> <span class='ocrx_word' id='word_1_239' title='bbox 1251 1273 1288 1295; x_wconf 87' lang='lat' dir='ltr'>ex</span> <span class='ocrx_word' id='word_1_240' title='bbox 1309 1274 1399 1310; x_wconf 84' lang='lat' dir='ltr'>parte</span> <span class='ocrx_word' id='word_1_241' title='bbox 1423 1275 1494 1299; x_wconf 87' lang='lat' dir='ltr'>tan-</span> 
     </span>
     <span class='ocr_line' id='line_1_23' title="bbox 103 1309 1491 1362; baseline -0.001 -16"><span class='ocrx_word' id='word_1_242' title='bbox 103 1321 200 1360; x_wconf 74' lang='lat' dir='ltr'>gant?</span> <span class='ocrx_word' id='word_1_243' title='bbox 218 1312 303 1346; x_wconf 90' lang='lat' dir='ltr'>unde</span> <span class='ocrx_word' id='word_1_244' title='bbox 314 1309 334 1345; x_wconf 81' lang='lat' dir='ltr'>si</span> <span class='ocrx_word' id='word_1_245' title='bbox 347 1310 452 1358; x_wconf 87' lang='lat' dir='ltr'>plures</span> <span class='ocrx_word' id='word_1_246' title='bbox 465 1309 617 1359; x_wconf 80' lang='lat' dir='ltr'>globulos</span> <span class='ocrx_word' id='word_1_247' title='bbox 633 1312 665 1345; x_wconf 88' lang='lat' dir='ltr'>in</span> <span class='ocrx_word' id='word_1_248' title='bbox 679 1311 800 1345; x_wconf 73' lang='lat' dir='ltr'>eodem·</span> <span class='ocrx_word' id='word_1_249' title='bbox 811 1310 910 1359; x_wconf 82' lang='lat' dir='ltr'>plano</span> <span class='ocrx_word' id='word_1_250' title='bbox 931 1313 1035 1360; x_wconf 82' lang='lat' dir='ltr'>agites</span> <span class='ocrx_word' id='word_1_251' title='bbox 1047 1339 1058 1354; x_wconf 90' lang='lat'>,</span> <span class='ocrx_word' id='word_1_252' title='bbox 1072 1309 1113 1346; x_wconf 83' lang='lat' dir='ltr'>fic</span> <span class='ocrx_word' id='word_1_253' title='bbox 1126 1310 1284 1353; x_wconf 84' lang='lat' dir='ltr'>coibunt,</span> <span class='ocrx_word' id='word_1_254' title='bbox 1296 1310 1400 1347; x_wconf 70' lang='lat' dir='ltr'>ut&#39;sex</span> <span class='ocrx_word' id='word_1_255' title='bbox 1419 1313 1491 1362; x_wconf 86' lang='lat' dir='ltr'>glo-</span> 
     </span>
     <span class='ocr_line' id='line_1_24' title="bbox 105 1358 1493 1410; baseline 0.001 -14"><span class='ocrx_word' id='word_1_256' title='bbox 105 1360 174 1396; x_wconf 80' lang='lat' dir='ltr'>buli</span> <span class='ocrx_word' id='word_1_257' title='bbox 192 1360 330 1395; x_wconf 86' lang='lat' dir='ltr'>eundem</span> <span class='ocrx_word' id='word_1_258' title='bbox 353 1358 449 1395; x_wconf 67' lang='lat' dir='ltr'>velut*</span> <span class='ocrx_word' id='word_1_259' title='bbox 467 1358 622 1394; x_wconf 83' lang='lat' dir='ltr'>circulum</span> <span class='ocrx_word' id='word_1_260' title='bbox 635 1388 645 1403; x_wconf 94' lang='lat'><strong>,</strong></span> <span class='ocrx_word' id='word_1_261' title='bbox 668 1371 720 1394; x_wconf 85' lang='lat' dir='ltr'>aut</span> <span class='ocrx_word' id='word_1_262' title='bbox 733 1359 850 1394; x_wconf 88' lang='lat' dir='ltr'>orbem</span> <span class='ocrx_word' id='word_1_263' title='bbox 864 1359 1015 1396; x_wconf 76' lang='lat' dir='ltr'>efficiam.</span> <span class='ocrx_word' id='word_1_264' title='bbox 1039 1362 1083 1395; x_wconf 81' lang='lat' dir='ltr'>Ea</span> <span class='ocrx_word' id='word_1_265' title='bbox 1102 1363 1212 1407; x_wconf 86' lang='lat' dir='ltr'>utique</span> <span class='ocrx_word' id='word_1_266' title='bbox 1234 1358 1326 1395; x_wconf 83' lang='lat' dir='ltr'>fusius</span> <span class='ocrx_word' id='word_1_267' title='bbox 1351 1365 1493 1410; x_wconf 82' lang='lat' dir='ltr'>explicat</span> 
     </span>
     <span class='ocr_line' id='line_1_25' title="bbox 102 1407 1493 1458; baseline 0 -13"><span class='ocrx_word' id='word_1_268' title='bbox 102 1411 152 1445; x_wconf 79' lang='lat' dir='ltr'>vir</span> <span class='ocrx_word' id='word_1_269' title='bbox 177 1410 210 1444; x_wconf 89' lang='lat' dir='ltr'>in</span> <span class='ocrx_word' id='word_1_270' title='bbox 242 1407 402 1458; x_wconf 73' lang='lat' dir='ltr'>Physicis,</span> <span class='ocrx_word' id='word_1_271' title='bbox 429 1413 462 1445; x_wconf 88' lang='lat'>&amp;</span> <span class='ocrx_word' id='word_1_272' title='bbox 484 1409 725 1444; x_wconf 86' lang='lat' dir='ltr'>Mathematicis</span> <span class='ocrx_word' id='word_1_273' title='bbox 744 1421 818 1443; x_wconf 88' lang='lat' dir='ltr'>cum</span> <span class='ocrx_word' id='word_1_274' title='bbox 834 1410 962 1444; x_wconf 85' lang='lat' dir='ltr'>viveret</span> <span class='ocrx_word' id='word_1_275' title='bbox 978 1438 987 1452; x_wconf 83' lang='lat'>‚</span> <span class='ocrx_word' id='word_1_276' title='bbox 1011 1407 1238 1445; x_wconf 79' lang='lat' dir='ltr'>versatissimus</span> <span class='ocrx_word' id='word_1_277' title='bbox 1260 1412 1304 1444; x_wconf 94' lang='lat' dir='ltr'>D.</span> <span class='ocrx_word' id='word_1_278' title='bbox 1325 1409 1468 1445; x_wconf 84' lang='lat' dir='ltr'>Rohault</span> <span class='ocrx_word' id='word_1_279' title='bbox 1483 1439 1493 1454; x_wconf 95' lang='lat'>‚</span> 
     </span>
     <span class='ocr_line' id='line_1_26' title="bbox 102 1455 1493 1507; baseline -0.001 -14"><span class='ocrx_word' id='word_1_280' title='bbox 102 1470 172 1506; x_wconf 83' lang='lat' dir='ltr'>quae</span> <span class='ocrx_word' id='word_1_281' title='bbox 189 1458 320 1507; x_wconf 83' lang='lat' dir='ltr'>longum</span> <span class='ocrx_word' id='word_1_282' title='bbox 333 1455 410 1492; x_wconf 76' lang='lat' dir='ltr'>ess‘et</span> <span class='ocrx_word' id='word_1_283' title='bbox 421 1457 484 1492; x_wconf 90' lang='lat' dir='ltr'>hoc</span> <span class='ocrx_word' id='word_1_284' title='bbox 502 1456 577 1492; x_wconf 91' lang='lat' dir='ltr'>loco</span> <span class='ocrx_word' id='word_1_285' title='bbox 593 1466 740 1506; x_wconf 80' lang='lat' dir='ltr'>regerere</span> <span class='ocrx_word' id='word_1_286' title='bbox 754 1458 813 1493; x_wconf 78' lang='lat' dir='ltr'>:id</span> <span class='ocrx_word' id='word_1_287' title='bbox 823 1456 979 1493; x_wconf 71' lang='lat' dir='ltr'>veronon</span> <span class='ocrx_word' id='word_1_288' title='bbox 992 1458 1319 1501; x_wconf 64' lang='lat' dir='ltr'>acddereadmonet,</span> <span class='ocrx_word' id='word_1_289' title='bbox 1336 1457 1392 1493; x_wconf 87' lang='lat' dir='ltr'>nifi</span> <span class='ocrx_word' id='word_1_290' title='bbox 1411 1473 1493 1496; x_wconf 82' lang='lat' dir='ltr'>ven-</span> 
     </span>
     <span class='ocr_line' id='line_1_27' title="bbox 104 1505 723 1554; baseline 0 -12"><span class='ocrx_word' id='word_1_291' title='bbox 104 1514 153 1542; x_wconf 78' lang='lat' dir='ltr'>tus</span> <span class='ocrx_word' id='word_1_292' title='bbox 167 1506 239 1541; x_wconf 84' lang='lat' dir='ltr'>satis</span> <span class='ocrx_word' id='word_1_293' title='bbox 255 1507 435 1542; x_wconf 86' lang='lat' dir='ltr'>vehemens</span> <span class='ocrx_word' id='word_1_294' title='bbox 451 1517 527 1541; x_wconf 88' lang='lat' dir='ltr'>ante</span> <span class='ocrx_word' id='word_1_295' title='bbox 540 1505 723 1554; x_wconf 86' lang='lat' dir='ltr'>spiraverit.-</span> 
     </span>
    </p>

    <p class='ocr_par' dir='ltr' id='par_1_6' title="bbox 103 1553 1492 1934">
     <span class='ocr_line' id='line_1_28' title="bbox 137 1553 1492 1605; baseline 0.002 -15"><span class='ocrx_word' id='word_1_296' title='bbox 137 1555 221 1591; x_wconf 91' lang='lat' dir='ltr'>lllnd</span> <span class='ocrx_word' id='word_1_297' title='bbox 236 1558 334 1591; x_wconf 85' lang='lat' dir='ltr'>etiam</span> <span class='ocrx_word' id='word_1_298' title='bbox 347 1555 451 1603; x_wconf 91' lang='lat' dir='ltr'>liquet</span> <span class='ocrx_word' id='word_1_299' title='bbox 460 1557 569 1591; x_wconf 85' lang='lat' dir='ltr'>nivern</span> <span class='ocrx_word' id='word_1_300' title='bbox 579 1553 781 1589; x_wconf 82' lang='lat' dir='ltr'>fertilitatem</span> <span class='ocrx_word' id='word_1_301' title='bbox 791 1567 881 1590; x_wconf 75' lang='lat' dir='ltr'>terrae</span> <span class='ocrx_word' id='word_1_302' title='bbox 890 1555 1045 1592; x_wconf 78' lang='lat' dir='ltr'>&#39;inducere</span> <span class='ocrx_word' id='word_1_303' title='bbox 1057 1574 1066 1600; x_wconf 88' lang='lat'>;</span> <span class='ocrx_word' id='word_1_304' title='bbox 1083 1556 1134 1591; x_wconf 87' lang='lat' dir='ltr'>vel</span> <span class='ocrx_word' id='word_1_305' title='bbox 1146 1560 1223 1604; x_wconf 84' lang='lat' dir='ltr'>quia</span> <span class='ocrx_word' id='word_1_306' title='bbox 1236 1569 1340 1600; x_wconf 63' lang='lat' dir='ltr'>terrae,</span> <span class='ocrx_word' id='word_1_307' title='bbox 1356 1562 1390 1595; x_wconf 89' lang='lat'>&amp;</span> <span class='ocrx_word' id='word_1_308' title='bbox 1399 1556 1492 1605; x_wconf 85' lang='lat' dir='ltr'>plan-</span> 
     </span>
     <span class='ocr_line' id='line_1_29' title="bbox 105 1603 1491 1653; baseline 0.001 -14"><span class='ocrx_word' id='word_1_309' title='bbox 105 1615 208 1640; x_wconf 76' lang='lat' dir='ltr'>tarum</span> <span class='ocrx_word' id='word_1_310' title='bbox 220 1605 336 1640; x_wconf 83' lang='lat' dir='ltr'>halitus</span> <span class='ocrx_word' id='word_1_311' title='bbox 350 1606 498 1639; x_wconf 88' lang='lat' dir='ltr'>continet</span> <span class='ocrx_word' id='word_1_312' title='bbox 511 1633 521 1647; x_wconf 91' lang='lat'>‚</span> <span class='ocrx_word' id='word_1_313' title='bbox 535 1614 642 1651; x_wconf 87' lang='lat' dir='ltr'>neque</span> <span class='ocrx_word' id='word_1_314' title='bbox 658 1616 714 1638; x_wconf 89' lang='lat' dir='ltr'>eos</span> <span class='ocrx_word' id='word_1_315' title='bbox 732 1603 881 1652; x_wconf 85' lang='lat' dir='ltr'>exspirari</span> <span class='ocrx_word' id='word_1_316' title='bbox 898 1603 989 1648; x_wconf 80' lang='lat' dir='ltr'>finit3</span> <span class='ocrx_word' id='word_1_317' title='bbox 1012 1606 1068 1642; x_wconf 85' lang='lat' dir='ltr'>vel</span> <span class='ocrx_word' id='word_1_318' title='bbox 1084 1608 1161 1653; x_wconf 86' lang='lat' dir='ltr'>quia</span> <span class='ocrx_word' id='word_1_319' title='bbox 1175 1606 1292 1641; x_wconf 85' lang='lat' dir='ltr'>nitrosa</span> <span class='ocrx_word' id='word_1_320' title='bbox 1306 1606 1350 1641; x_wconf 86' lang='lat' dir='ltr'>est</span> <span class='ocrx_word' id='word_1_321' title='bbox 1378 1622 1386 1643; x_wconf 75' lang='grc' dir='ltr'><strong><em>ε</em></strong></span> <span class='ocrx_word' id='word_1_322' title='bbox 1404 1606 1491 1641; x_wconf 88' lang='lat' dir='ltr'>unde</span> 
     </span>
     <span class='ocr_line' id='line_1_30' title="bbox 104 1651 1491 1701; baseline 0 -12"><span class='ocrx_word' id='word_1_323' title='bbox 104 1653 149 1689; x_wconf 85' lang='lat' dir='ltr'>ob</span> <span class='ocrx_word' id='word_1_324' title='bbox 168 1666 239 1688; x_wconf 85' lang='lat' dir='ltr'>eam</span> <span class='ocrx_word' id='word_1_325' title='bbox 251 1665 384 1701; x_wconf 88' lang='lat' dir='ltr'>quoque</span> <span class='ocrx_word' id='word_1_326' title='bbox 393 1651 516 1687; x_wconf 85' lang='lat' dir='ltr'>causam</span> <span class='ocrx_word' id='word_1_327' title='bbox 527 1663 593 1686; x_wconf 86' lang='lat' dir='ltr'>tam</span> <span class='ocrx_word' id='word_1_328' title='bbox 603 1651 699 1686; x_wconf 87' lang='lat' dir='ltr'>facile</span> <span class='ocrx_word' id='word_1_329' title='bbox 715 1654 748 1687; x_wconf 89' lang='lat' dir='ltr'>in</span> <span class='ocrx_word' id='word_1_330' title='bbox 760 1665 843 1698; x_wconf 85' lang='lat' dir='ltr'>aqua</span> <span class='ocrx_word' id='word_1_331' title='bbox 855 1652 1026 1689; x_wconf 78' lang='lat' dir='ltr'>exsolvitur</span> <span class='ocrx_word' id='word_1_332' title='bbox 1036 1683 1045 1698; x_wconf 88' lang='lat'>‚</span> <span class='ocrx_word' id='word_1_333' title='bbox 1060 1660 1093 1691; x_wconf 69' lang='grc' dir='ltr'>δε</span> <span class='ocrx_word' id='word_1_334' title='bbox 1104 1653 1250 1690; x_wconf 78' lang='lat' dir='ltr'>dilsoluta</span> <span class='ocrx_word' id='word_1_335' title='bbox 1265 1668 1400 1693; x_wconf 83' lang='lat' dir='ltr'>ventum</span> <span class='ocrx_word' id='word_1_336' title='bbox 1413 1683 1422 1698; x_wconf 89' lang='lat'>‚</span> <span class='ocrx_word' id='word_1_337' title='bbox 1437 1654 1491 1690; x_wconf 88' lang='lat' dir='ltr'>seu</span> 
     </span>
     <span class='ocr_line' id='line_1_31' title="bbox 103 1699 1492 1750; baseline 0.001 -13"><span class='ocrx_word' id='word_1_338' title='bbox 103 1714 213 1737; x_wconf 82' lang='lat' dir='ltr'>auram</span> <span class='ocrx_word' id='word_1_339' title='bbox 225 1701 375 1750; x_wconf 81' lang='lat' dir='ltr'>frigidam</span> <span class='ocrx_word' id='word_1_340' title='bbox 393 1699 496 1749; x_wconf 88' lang='lat' dir='ltr'>spirat.</span> <span class='ocrx_word' id='word_1_341' title='bbox 519 1703 605 1736; x_wconf 87' lang='lat' dir='ltr'>Hinc</span> <span class='ocrx_word' id='word_1_342' title='bbox 619 1699 696 1749; x_wconf 84' lang='lat' dir='ltr'>saepe</span> <span class='ocrx_word' id='word_1_343' title='bbox 705 1702 827 1736; x_wconf 79' lang='lat' dir='ltr'>accidit</span> <span class='ocrx_word' id='word_1_344' title='bbox 840 1713 874 1736; x_wconf 91' lang='lat' dir='ltr'>ut</span> <span class='ocrx_word' id='word_1_345' title='bbox 895 1705 926 1737; x_wconf 90' lang='lat' dir='ltr'>in</span> <span class='ocrx_word' id='word_1_346' title='bbox 942 1703 1107 1738; x_wconf 87' lang='lat' dir='ltr'>montibus</span> <span class='ocrx_word' id='word_1_347' title='bbox 1123 1705 1199 1738; x_wconf 81' lang='lat' dir='ltr'>nive</span> <span class='ocrx_word' id='word_1_348' title='bbox 1215 1703 1364 1740; x_wconf 55' lang='lat' dir='ltr'>obductis</span> <span class='ocrx_word' id='word_1_349' title='bbox 1386 1716 1492 1739; x_wconf 84' lang='lat' dir='ltr'>erum-</span> 
     </span>
     <span class='ocr_line' id='line_1_32' title="bbox 104 1749 1492 1801; baseline 0.002 -16"><span class='ocrx_word' id='word_1_350' title='bbox 104 1762 219 1799; x_wconf 89' lang='lat' dir='ltr'>pentes</span> <span class='ocrx_word' id='word_1_351' title='bbox 233 1750 347 1786; x_wconf 87' lang='lat' dir='ltr'>halitus</span> <span class='ocrx_word' id='word_1_352' title='bbox 369 1749 427 1785; x_wconf 89' lang='lat' dir='ltr'>fibi</span> <span class='ocrx_word' id='word_1_353' title='bbox 446 1749 603 1788; x_wconf 85' lang='lat' dir='ltr'>fornicem</span> <span class='ocrx_word' id='word_1_354' title='bbox 627 1761 684 1784; x_wconf 88' lang='lat' dir='ltr'>aut</span> <span class='ocrx_word' id='word_1_355' title='bbox 708 1750 838 1785; x_wconf 86' lang='lat' dir='ltr'>crustam</span> <span class='ocrx_word' id='word_1_356' title='bbox 860 1763 1023 1786; x_wconf 88' lang='lat' dir='ltr'>excavent</span> <span class='ocrx_word' id='word_1_357' title='bbox 1042 1781 1051 1796; x_wconf 85' lang='lat'>‚</span> <span class='ocrx_word' id='word_1_358' title='bbox 1074 1751 1130 1787; x_wconf 84' lang='lat' dir='ltr'>sub</span> <span class='ocrx_word' id='word_1_359' title='bbox 1148 1764 1213 1799; x_wconf 84' lang='lat' dir='ltr'>qua</span> <span class='ocrx_word' id='word_1_360' title='bbox 1236 1752 1308 1788; x_wconf 86' lang='lat' dir='ltr'>laeta</span> <span class='ocrx_word' id='word_1_361' title='bbox 1326 1752 1492 1801; x_wconf 84' lang='lat' dir='ltr'>exsurgunt</span> 
     </span>
     <span class='ocr_line' id='line_1_33' title="bbox 105 1798 1490 1850; baseline 0.001 -17"><span class='ocrx_word' id='word_1_362' title='bbox 105 1801 258 1848; x_wconf 80' lang='lat' dir='ltr'>gramina.</span> <span class='ocrx_word' id='word_1_363' title='bbox 285 1800 331 1835; x_wconf 86' lang='lat' dir='ltr'>Ac</span> <span class='ocrx_word' id='word_1_364' title='bbox 348 1799 453 1834; x_wconf 88' lang='lat' dir='ltr'>nescio</span> <span class='ocrx_word' id='word_1_365' title='bbox 471 1811 512 1834; x_wconf 85' lang='lat' dir='ltr'>an</span> <span class='ocrx_word' id='word_1_366' title='bbox 536 1798 666 1833; x_wconf 83' lang='lat' dir='ltr'>aliunde</span> <span class='ocrx_word' id='word_1_367' title='bbox 692 1800 740 1833; x_wconf 91' lang='lat' dir='ltr'>vis</span> <span class='ocrx_word' id='word_1_368' title='bbox 762 1799 817 1833; x_wconf 87' lang='lat' dir='ltr'>illa</span> <span class='ocrx_word' id='word_1_369' title='bbox 839 1802 922 1834; x_wconf 85' lang='lat' dir='ltr'>nivis</span> <span class='ocrx_word' id='word_1_370' title='bbox 943 1801 1109 1845; x_wconf 83' lang='lat' dir='ltr'>exsolutae,</span> <span class='ocrx_word' id='word_1_371' title='bbox 1138 1801 1311 1848; x_wconf 70' lang='lat' dir='ltr'>praesertim</span> <span class='ocrx_word' id='word_1_372' title='bbox 1332 1807 1399 1850; x_wconf 88' lang='lat' dir='ltr'>ejus</span> <span class='ocrx_word' id='word_1_373' title='bbox 1418 1814 1490 1848; x_wconf 80' lang='lat' dir='ltr'>quae</span> 
     </span>
     <span class='ocr_line' id='line_1_34' title="bbox 103 1846 1492 1897; baseline 0.003 -15"><span class='ocrx_word' id='word_1_374' title='bbox 103 1850 233 1884; x_wconf 84' lang='lat' dir='ltr'>ineunte</span> <span class='ocrx_word' id='word_1_375' title='bbox 244 1848 350 1884; x_wconf 87' lang='lat' dir='ltr'>hieme</span> <span class='ocrx_word' id='word_1_376' title='bbox 367 1847 483 1883; x_wconf 84' lang='lat' dir='ltr'>cecidit</span> <span class='ocrx_word' id='word_1_377' title='bbox 495 1876 505 1892; x_wconf 91' lang='lat'>‚</span> <span class='ocrx_word' id='word_1_378' title='bbox 523 1860 595 1895; x_wconf 86' lang='lat' dir='ltr'>quae</span> <span class='ocrx_word' id='word_1_379' title='bbox 607 1846 823 1883; x_wconf 87' lang='lat' dir='ltr'>adustionibus</span> <span class='ocrx_word' id='word_1_380' title='bbox 842 1849 926 1884; x_wconf 84' lang='lat' dir='ltr'>adeo</span> <span class='ocrx_word' id='word_1_381' title='bbox 952 1849 995 1884; x_wconf 86' lang='lat' dir='ltr'>est</span> <span class='ocrx_word' id='word_1_382' title='bbox 1015 1851 1100 1885; x_wconf 89' lang='lat' dir='ltr'>utilis</span> <span class='ocrx_word' id='word_1_383' title='bbox 1113 1877 1124 1893; x_wconf 90' lang='lat'><em>‚</em></span> <span class='ocrx_word' id='word_1_384' title='bbox 1140 1862 1239 1897; x_wconf 87' lang='lat' dir='ltr'>quam</span> <span class='ocrx_word' id='word_1_385' title='bbox 1252 1850 1272 1887; x_wconf 74' lang='grc' dir='ltr'>ὲ.</span> <span class='ocrx_word' id='word_1_386' title='bbox 1285 1850 1406 1886; x_wconf 86' lang='lat' dir='ltr'>nitroso</span> <span class='ocrx_word' id='word_1_387' title='bbox 1429 1850 1492 1886; x_wconf 85' lang='lat' dir='ltr'>sale</span> 
     </span>
     <span class='ocr_line' id='line_1_35' title="bbox 105 1908 235 1934; baseline -0.008 -2"><span class='ocrx_word' id='word_1_388' title='bbox 105 1908 235 1934; x_wconf 81' lang='lat' dir='ltr'>oriatur.</span> 
     </span>
    </p>

    <p class='ocr_par' dir='ltr' id='par_1_7' title="bbox 105 1944 1493 2384">
     <span class='ocr_line' id='line_1_36' title="bbox 140 1944 1492 1997; baseline 0.002 -16"><span class='ocrx_word' id='word_1_389' title='bbox 140 1948 300 1981; x_wconf 86' lang='lat' dir='ltr'>Praetereo</span> <span class='ocrx_word' id='word_1_390' title='bbox 324 1945 402 1979; x_wconf 86' lang='lat' dir='ltr'>alias</span> <span class='ocrx_word' id='word_1_391' title='bbox 422 1948 506 1982; x_wconf 84' lang='lat' dir='ltr'>nivis</span> <span class='ocrx_word' id='word_1_392' title='bbox 518 1945 707 1981; x_wconf 68' lang='lat' dir='ltr'>affictiones</span> <span class='ocrx_word' id='word_1_393' title='bbox 722 1945 823 1995; x_wconf 72' lang='lat' dir='ltr'>vulgo</span> <span class='ocrx_word' id='word_1_394' title='bbox 845 1944 1023 1982; x_wconf 79' lang='lat' dir='ltr'>notiffimas</span> <span class='ocrx_word' id='word_1_395' title='bbox 1038 1975 1048 1991; x_wconf 90' lang='lat'>‚</span> <span class='ocrx_word' id='word_1_396' title='bbox 1071 1945 1215 1994; x_wconf 83' lang='lat' dir='ltr'>quodsit</span> <span class='ocrx_word' id='word_1_397' title='bbox 1228 1946 1364 1982; x_wconf 84' lang='lat' dir='ltr'>friabilis</span> <span class='ocrx_word' id='word_1_398' title='bbox 1383 1962 1392 1984; x_wconf 92' lang='lat'>.·</span> <span class='ocrx_word' id='word_1_399' title='bbox 1414 1952 1492 1997; x_wconf 81' lang='lat' dir='ltr'>quia</span> 
     </span>
     <span class='ocr_line' id='line_1_37' title="bbox 105 1992 1493 2046; baseline 0.004 -18"><span class='ocrx_word' id='word_1_400' title='bbox 105 1993 249 2043; x_wconf 79' lang='lat' dir='ltr'>globulis</span> <span class='ocrx_word' id='word_1_401' title='bbox 266 1993 392 2028; x_wconf 82' lang='lat' dir='ltr'>constat</span> <span class='ocrx_word' id='word_1_402' title='bbox 402 1997 459 2041; x_wconf 86' lang='lat' dir='ltr'>qui</span> <span class='ocrx_word' id='word_1_403' title='bbox 476 1994 571 2029; x_wconf 87' lang='lat' dir='ltr'>facile</span> <span class='ocrx_word' id='word_1_404' title='bbox 584 1992 884 2043; x_wconf 77' lang='lat' dir='ltr'>separantur3quod</span> <span class='ocrx_word' id='word_1_405' title='bbox 898 2008 986 2043; x_wconf 85' lang='lat' dir='ltr'>aquae</span> <span class='ocrx_word' id='word_1_406' title='bbox 1005 1998 1130 2031; x_wconf 87' lang='lat' dir='ltr'>innatet</span> <span class='ocrx_word' id='word_1_407' title='bbox 1147 2009 1155 2030; x_wconf 74' lang='grc' dir='ltr'><em>τ</em></span> <span class='ocrx_word' id='word_1_408' title='bbox 1171 1998 1247 2042; x_wconf 80' lang='lat' dir='ltr'>quia</span> <span class='ocrx_word' id='word_1_409' title='bbox 1264 1996 1367 2032; x_wconf 87' lang='lat' dir='ltr'>multo</span> <span class='ocrx_word' id='word_1_410' title='bbox 1385 2009 1493 2046; x_wconf 84' lang='lat' dir='ltr'>turget</span> 
     </span>
     <span class='ocr_line' id='line_1_38' title="bbox 107 2041 1493 2093; baseline 0.001 -17"><span class='ocrx_word' id='word_1_411' title='bbox 107 2053 181 2076; x_wconf 87' lang='lat' dir='ltr'>aere</span> <span class='ocrx_word' id='word_1_412' title='bbox 193 2070 203 2085; x_wconf 90' lang='lat'><strong>,</strong></span> <span class='ocrx_word' id='word_1_413' title='bbox 216 2052 271 2077; x_wconf 86' lang='lat' dir='ltr'>aut</span> <span class='ocrx_word' id='word_1_414' title='bbox 282 2041 390 2088; x_wconf 89' lang='lat' dir='ltr'>spiritu</span> <span class='ocrx_word' id='word_1_415' title='bbox 403 2046 416 2085; x_wconf 69' lang='grc' dir='ltr'>’ς</span> <span class='ocrx_word' id='word_1_416' title='bbox 436 2043 525 2086; x_wconf 89' lang='lat' dir='ltr'>quod</span> <span class='ocrx_word' id='word_1_417' title='bbox 542 2041 648 2078; x_wconf 79' lang='lat' dir='ltr'>nivali</span> <span class='ocrx_word' id='word_1_418' title='bbox 664 2054 811 2091; x_wconf 88' lang='lat' dir='ltr'>tempore</span> <span class='ocrx_word' id='word_1_419' title='bbox 826 2046 888 2079; x_wconf 87' lang='lat' dir='ltr'>iter</span> <span class='ocrx_word' id='word_1_420' title='bbox 903 2044 1058 2080; x_wconf 87' lang='lat' dir='ltr'>facientes</span> <span class='ocrx_word' id='word_1_421' title='bbox 1070 2056 1124 2079; x_wconf 85' lang='lat' dir='ltr'>aut</span> <span class='ocrx_word' id='word_1_422' title='bbox 1137 2043 1315 2093; x_wconf 66' lang='lat' dir='ltr'>deliquium</span> <span class='ocrx_word' id='word_1_423' title='bbox 1333 2075 1341 2087; x_wconf 89' lang='lat'>,</span> <span class='ocrx_word' id='word_1_424' title='bbox 1364 2058 1419 2081; x_wconf 89' lang='lat' dir='ltr'>aut</span> <span class='ocrx_word' id='word_1_425' title='bbox 1431 2046 1493 2081; x_wconf 88' lang='lat' dir='ltr'>bu-</span> 
     </span>
     <span class='ocr_line' id='line_1_39' title="bbox 108 2089 1492 2139; baseline 0.003 -13"><span class='ocrx_word' id='word_1_426' title='bbox 108 2090 232 2126; x_wconf 80' lang='lat' dir='ltr'>limiam</span> <span class='ocrx_word' id='word_1_427' title='bbox 243 2120 253 2134; x_wconf 90' lang='lat'>,</span> <span class='ocrx_word' id='word_1_428' title='bbox 265 2089 317 2125; x_wconf 83' lang='lat' dir='ltr'>seu</span> <span class='ocrx_word' id='word_1_429' title='bbox 329 2090 430 2125; x_wconf 85' lang='lat' dir='ltr'>diram</span> <span class='ocrx_word' id='word_1_430' title='bbox 451 2091 574 2126; x_wconf 82' lang='lat' dir='ltr'>famem</span> <span class='ocrx_word' id='word_1_431' title='bbox 586 2092 760 2139; x_wconf 85' lang='lat' dir='ltr'>patiantur.</span> <span class='ocrx_word' id='word_1_432' title='bbox 787 2095 876 2129; x_wconf 81' lang='lat' dir='ltr'>Nam</span> <span class='ocrx_word' id='word_1_433' title='bbox 886 2093 1005 2128; x_wconf 84' lang='lat' dir='ltr'>halitus</span> <span class='ocrx_word' id='word_1_434' title='bbox 1023 2092 1145 2128; x_wconf 87' lang='lat' dir='ltr'>nivales</span> <span class='ocrx_word' id='word_1_435' title='bbox 1158 2122 1168 2137; x_wconf 94' lang='lat'>‚</span> <span class='ocrx_word' id='word_1_436' title='bbox 1185 2099 1217 2131; x_wconf 91' lang='lat'>&amp;</span> <span class='ocrx_word' id='word_1_437' title='bbox 1231 2093 1338 2129; x_wconf 67' lang='lat' dir='ltr'>ffl÷rofi</span> <span class='ocrx_word' id='word_1_438' title='bbox 1355 2093 1492 2130; x_wconf 85' lang='lat' dir='ltr'>subeunt</span> 
     </span>
     <span class='ocr_line' id='line_1_40' title="bbox 108 2138 1492 2191; baseline 0.002 -17"><span class='ocrx_word' id='word_1_439' title='bbox 108 2142 251 2187; x_wconf 82' lang='lat' dir='ltr'>corporis</span> <span class='ocrx_word' id='word_1_440' title='bbox 263 2149 386 2174; x_wconf 83' lang='lat' dir='ltr'>meatus</span> <span class='ocrx_word' id='word_1_441' title='bbox 402 2151 462 2187; x_wconf 87' lang='lat' dir='ltr'>prae</span> <span class='ocrx_word' id='word_1_442' title='bbox 479 2138 584 2173; x_wconf 81' lang='lat' dir='ltr'>calore</span> <span class='ocrx_word' id='word_1_443' title='bbox 595 2151 723 2187; x_wconf 87' lang='lat' dir='ltr'>apertos</span> <span class='ocrx_word' id='word_1_444' title='bbox 737 2141 881 2178; x_wconf 66' lang='lat' dir='ltr'>wude&amp;</span> <span class='ocrx_word' id='word_1_445' title='bbox 891 2141 1014 2190; x_wconf 85' lang='lat' dir='ltr'>spiritus</span> <span class='ocrx_word' id='word_1_446' title='bbox 1025 2140 1189 2177; x_wconf 87' lang='lat' dir='ltr'>uberiores</span> <span class='ocrx_word' id='word_1_447' title='bbox 1207 2142 1367 2191; x_wconf 83' lang='lat' dir='ltr'>exspirant</span> <span class='ocrx_word' id='word_1_448' title='bbox 1378 2171 1387 2185; x_wconf 93' lang='lat'><strong>,</strong></span> <span class='ocrx_word' id='word_1_449' title='bbox 1403 2141 1492 2178; x_wconf 85' lang='lat' dir='ltr'>simul</span> 
     </span>
     <span class='ocr_line' id='line_1_41' title="bbox 110 2187 1492 2239; baseline 0.002 -17"><span class='ocrx_word' id='word_1_450' title='bbox 110 2187 279 2236; x_wconf 82' lang='lat' dir='ltr'>pulmones</span> <span class='ocrx_word' id='word_1_451' title='bbox 288 2216 298 2230; x_wconf 84' lang='lat'>‚</span> <span class='ocrx_word' id='word_1_452' title='bbox 312 2193 345 2224; x_wconf 67' lang='grc' dir='ltr'>δε</span> <span class='ocrx_word' id='word_1_453' title='bbox 355 2187 568 2223; x_wconf 89' lang='lat' dir='ltr'>ventriculum</span> <span class='ocrx_word' id='word_1_454' title='bbox 584 2188 667 2223; x_wconf 85' lang='lat' dir='ltr'>male</span> <span class='ocrx_word' id='word_1_455' title='bbox 678 2188 830 2225; x_wconf 78' lang='lat' dir='ltr'>afficiunt.</span> <span class='ocrx_word' id='word_1_456' title='bbox 845 2192 934 2225; x_wconf 83' lang='lat' dir='ltr'>Hinc</span> <span class='ocrx_word' id='word_1_457' title='bbox 952 2193 1040 2239; x_wconf 88' lang='lat' dir='ltr'>panis</span> <span class='ocrx_word' id='word_1_458' title='bbox 1057 2191 1131 2226; x_wconf 90' lang='lat' dir='ltr'>huic</span> <span class='ocrx_word' id='word_1_459' title='bbox 1142 2191 1230 2226; x_wconf 86' lang='lat' dir='ltr'>malo</span> <span class='ocrx_word' id='word_1_460' title='bbox 1244 2191 1421 2226; x_wconf 86' lang='lat' dir='ltr'>remedium</span> <span class='ocrx_word' id='word_1_461' title='bbox 1435 2191 1492 2235; x_wconf 81' lang='lat' dir='ltr'>est,</span> 
     </span>
     <span class='ocr_line' id='line_1_42' title="bbox 110 2236 1492 2285; baseline 0.003 -15"><span class='ocrx_word' id='word_1_462' title='bbox 110 2239 166 2284; x_wconf 90' lang='lat' dir='ltr'>qui</span> <span class='ocrx_word' id='word_1_463' title='bbox 177 2237 322 2285; x_wconf 77' lang='lat' dir='ltr'>benigno</span> <span class='ocrx_word' id='word_1_464' title='bbox 335 2236 445 2283; x_wconf 86' lang='lat' dir='ltr'>spiritu</span> <span class='ocrx_word' id='word_1_465' title='bbox 457 2236 668 2271; x_wconf 87' lang='lat' dir='ltr'>ventriculum</span> <span class='ocrx_word' id='word_1_466' title='bbox 680 2250 803 2274; x_wconf 83' lang='lat' dir='ltr'>recreat</span> <span class='ocrx_word' id='word_1_467' title='bbox 818 2255 827 2282; x_wconf 85' lang='lat'>;</span> <span class='ocrx_word' id='word_1_468' title='bbox 841 2244 874 2275; x_wconf 91' lang='lat'><strong>&amp;</strong></span> <span class='ocrx_word' id='word_1_469' title='bbox 888 2239 1119 2275; x_wconf 78' lang='lat' dir='ltr'>vehementior</span> <span class='ocrx_word' id='word_1_470' title='bbox 1137 2239 1221 2275; x_wconf 82' lang='lat' dir='ltr'>tuffis</span> <span class='ocrx_word' id='word_1_471' title='bbox 1242 2240 1358 2273; x_wconf 86' lang='lat' dir='ltr'>noxios</span> <span class='ocrx_word' id='word_1_472' title='bbox 1375 2238 1492 2274; x_wconf 80' lang='lat' dir='ltr'>halitus</span> 
     </span>
     <span class='ocr_line' id='line_1_43' title="bbox 111 2285 1491 2335; baseline 0.004 -17"><span class='ocrx_word' id='word_1_473' title='bbox 111 2287 241 2321; x_wconf 80' lang='lat' dir='ltr'>excutit.</span> <span class='ocrx_word' id='word_1_474' title='bbox 254 2286 288 2320; x_wconf 91' lang='lat' dir='ltr'>ld</span> <span class='ocrx_word' id='word_1_475' title='bbox 299 2298 398 2320; x_wconf 89' lang='lat' dir='ltr'>unum</span> <span class='ocrx_word' id='word_1_476' title='bbox 416 2286 578 2326; x_wconf 76' lang='lat' dir='ltr'>addimus,</span> <span class='ocrx_word' id='word_1_477' title='bbox 594 2289 704 2320; x_wconf 88' lang='lat' dir='ltr'>nivem</span> <span class='ocrx_word' id='word_1_478' title='bbox 721 2288 753 2320; x_wconf 93' lang='lat' dir='ltr'>in</span> <span class='ocrx_word' id='word_1_479' title='bbox 765 2285 838 2322; x_wconf 91' lang='lat' dir='ltr'>loco</span> <span class='ocrx_word' id='word_1_480' title='bbox 855 2286 1053 2332; x_wconf 87' lang='lat' dir='ltr'>sublimiori,</span> <span class='ocrx_word' id='word_1_481' title='bbox 1072 2287 1173 2335; x_wconf 63' lang='lat' dir='ltr'>quam</span> <span class='ocrx_word' id='word_1_482' title='bbox 1193 2287 1303 2335; x_wconf 86' lang='lat' dir='ltr'>pluvia</span> <span class='ocrx_word' id='word_1_483' title='bbox 1333 2289 1491 2334; x_wconf 67' lang='lat' dir='ltr'>generari,</span> 
     </span>
     <span class='ocr_line' id='line_1_44' title="bbox 112 2333 1493 2384; baseline 0.002 -15"><span class='ocrx_word' id='word_1_484' title='bbox 112 2334 199 2369; x_wconf 89' lang='lat' dir='ltr'>Nam</span> <span class='ocrx_word' id='word_1_485' title='bbox 212 2333 406 2369; x_wconf 85' lang='lat' dir='ltr'>excelsorum</span> <span class='ocrx_word' id='word_1_486' title='bbox 423 2336 581 2369; x_wconf 87' lang='lat' dir='ltr'>montium</span> <span class='ocrx_word' id='word_1_487' title='bbox 591 2338 661 2381; x_wconf 83' lang='lat' dir='ltr'>juga</span> <span class='ocrx_word' id='word_1_488' title='bbox 679 2337 755 2369; x_wconf 86' lang='lat' dir='ltr'>nive</span> <span class='ocrx_word' id='word_1_489' title='bbox 769 2348 918 2382; x_wconf 84' lang='lat' dir='ltr'>perpetua</span> <span class='ocrx_word' id='word_1_490' title='bbox 936 2336 1162 2379; x_wconf 87' lang='lat' dir='ltr'>obducuntur,</span> <span class='ocrx_word' id='word_1_491' title='bbox 1185 2346 1258 2383; x_wconf 86' lang='lat' dir='ltr'>quae</span> <span class='ocrx_word' id='word_1_492' title='bbox 1275 2333 1363 2369; x_wconf 86' lang='lat' dir='ltr'>nulla</span> <span class='ocrx_word' id='word_1_493' title='bbox 1382 2335 1493 2384; x_wconf 86' lang='lat' dir='ltr'>pluvia</span> 
     </span>
    </p>
   </div>
   <div class='ocr_carea' id='block_1_4' title="bbox 113 2380 1492 2468">
    <p class='ocr_par' dir='ltr' id='par_1_8' title="bbox 113 2380 1492 2468">
     <span class='ocr_line' id='line_1_45' title="bbox 113 2380 1492 2467; baseline 0.004 -52"><span class='ocrx_word' id='word_1_494' title='bbox 113 2380 293 2464; x_wconf 53' lang='lat' dir='ltr'>eXsolvffJffff·</span> <span class='ocrx_word' id='word_1_495' title='bbox 313 2383 403 2418; x_wconf 83' lang='lat' dir='ltr'>Cum</span> <span class='ocrx_word' id='word_1_496' title='bbox 415 2385 470 2419; x_wconf 83' lang='lat' dir='ltr'>nix</span> <span class='ocrx_word' id='word_1_497' title='bbox 485 2386 635 2419; x_wconf 87' lang='lat' dir='ltr'>imminet</span> <span class='ocrx_word' id='word_1_498' title='bbox 648 2411 660 2428; x_wconf 89' lang='lat'>,</span> <span class='ocrx_word' id='word_1_499' title='bbox 674 2382 773 2432; x_wconf 85' lang='lat' dir='ltr'>frigus</span> <span class='ocrx_word' id='word_1_500' title='bbox 786 2383 1019 2432; x_wconf 84' lang='lat' dir='ltr'>aliquantulum</span> <span class='ocrx_word' id='word_1_501' title='bbox 1030 2386 1226 2422; x_wconf 79' lang='lat' dir='ltr'>remittitur:</span> <span class='ocrx_word' id='word_1_502' title='bbox 1241 2383 1432 2467; x_wconf 53' lang='lat' dir='ltr'>qigabnubes</span> <span class='ocrx_word' id='word_1_503' title='bbox 1441 2387 1492 2422; x_wconf 77' lang='lat' dir='ltr'>ui&#39;-</span> 
     </span>
     <span class='ocr_line' id='line_1_46' title="bbox 252 2434 1263 2468; baseline 0.002 -2"><span class='ocrx_word' id='word_1_504' title='bbox 252 2444 309 2467; x_wconf 86' lang='lat' dir='ltr'>om·</span> <span class='ocrx_word' id='word_1_505' title='bbox 346 2434 396 2468; x_wconf 83' lang='lat' dir='ltr'>Il.</span> <span class='ocrx_word' id='word_1_506' title='bbox 1238 2434 1263 2468; x_wconf 88' lang='grc' dir='ltr'><strong>Β</strong></span> 
     </span>
    </p>
   </div>
  </div>
 </body>
</html>
