1878 2724
376 115 427 156 ηδ’
508 156 511 159 ¹
746 107 1028 145 'PHYSICAE
1063 107 1377 148 GENE‘RALrS

414 175 437 195 2-
456 159 721 207 Experimentum
739 157 893 193 Toricelli
912 160 947 193 in
958 157 1019 204 hac
1031 159 1183 195 machina
1196 160 1266 196 fieri
1277 162 1395 210 potest.
1410 161 1507 198 ‘Nam
1520 160 1675 198 exhausto
1687 160 1767 212 pau?

374 210 401 244 la
409 212 464 245 tim
475 220 548 242 aere
557 217 729 254 argentum
740 209 852 241 vivum
870 208 902 241 in
920 220 976 242 vas
987 207 1165 256 subjeetum
1175 210 1295 246 decidit
1310 211 1421 259 :quod
1435 211 1576 259 pondus,
1589 223 1644 247 aut
1654 215 1762 260 potius

364 262 421 295 vvis
439 257 562 292 elastica
573 253 753 289 circumfusi
772 258 851 290 aeris
863 259 1028 295 minuatur
1048 270 1055 291 :
1077 257 1162 292 adeo
1173 270 1209 293 ut
1226 271 1300 294 aere
1317 262 1454 295 omnino
1467 261 1654 305 exantlato,
1678 261 1762 297 nihil

372 307 569 343 mercutiiin
586 302 666 339 tubo
680 316 866 341 remaneat:
888 304 941 340 sed
961 305 1257 354 ubiverticilli-ope
1268 309 1432 356 -pa'ulatim
1446 321 1499 344 aer
1515 308 1649 345 subierit
1660 339 1672 354 ‚
1686 321 1763 346 tum

371 356 565 392 mercurium
576 355 609 389 in
619 351 736 390 tubum
747 354 889 392 attollet.
899 357 952 390 Sic
961 358 1004 391 D.
1014 355 1120 403 ‘Boyle
1128 355 1382 404 idipsum—quod?
1387 358 1428 392 de
1440 361 1606 396 mercurio
1613 360 1763 404 diximus,

371 409 404 441 in
413 416 494 451 aqua
503 402 582 438 fecit
592 405 868 451 experimentum:
885 417 958 440 curn
977 407 1066 439 enim
1084 405 1268 445 machinam
1285 405 1371 441 suam
1389 408 1422 442 in
1434 410 1528 442 turris
1540 410 1708 445 cacumine
1722 406 1764 442 sic

368 452 504 503 aptalset
513 481 522 495 ,
534 464 570 487 ut
584 452 764 501 elongiore
777 453 859 488 tubo
870 469 895 500 31
906 459 940 491 &
951 454 1093 503 amplius
1106 453 1242 503 pedibus
1253 454 1321 490 alto
1330 467 1450 503 aquam
1459 456 1625 492 attolleret
1636 458 1676 492 ad
1689 469 1763 493 eam

370 504 440 538 fere
457 501 665 539 altitudinem
681 531 692 546 ,
716 502 868 539 exhausto
878 515 953 539 aere
965 506 1025 552 qui
1040 505 1155 538 eratin
1166 503 1239 539 vase
1258 500 1364 539 vitre-0
1375 533 1383 548 ‚
1403 505 1443 539 ad
1460 507 1599 554 3i-pedes
1617 505 1764 554 aquasu-

364 552 459 588 blata
472 551 519 585 est
531 579 541 594 ,
552 562 713 599 quantum
721 552 874 588 videlicet
883 553 1065 601 ponderant
1079 566 1117 595 27
1134 553 1227 602 digiti
1241 555 1390 588 mercurii
1403 553 1478 598 ,seu
1494 554 1696 604 hydrargyri.

415 615 448 646 3.
458 601 592 646 Qanta
604 599 640 635 fit
651 603 700 637 vis
709 604 790 636 aeris
800 601 930 637 elastica
939 630 950 645 ‚
967 607 1002 638 &
1010 614 1168 650 quantum
1177 601 1243 637 sese
1255 602 1390 637 dilatare
1408 602 1503 651 poffit
1514 615 1617 647 ,·cum
1631 616 1671 639 ex
1681 604 1765 640 mul-

366 654 411 687 :tis
422 651 491 685 aliis
502 680 511 695 ,
528 662 599 686 tum
614 662 653 686 ex
668 663 709 685 eo
721 654 865 687 maxime
877 651 1039 699 colligitur
1050 680 1059 695 ,
1072 652 1161 699 quod
1174 664 1258 699 aqua
1282 655 1315 687 in
1331 647 1510 699 recipiente
1530 651 1632 701 pofita
1645 653 1764 689 multas

369 714 411 737 ex
425 699 460 744 se
468 699 572 735 bullas
587 701 715 735 emittat
725 725 740 744 ‚r
758 713 829 748 quae
839 700 903 737 hoc
912 697 1136 748 majoresvsunt
1148 729 1157 744 ,
1171 699 1242 749 -quo
1252 701 1429 750 =plusvaeris
1444 702 1653 738 exhauritur:
1679 701 1765 737 adeo

371 763 409 786 ut
427 763 499 798 quae
510 751 691 798 prius·pene
703 761 796 785 erant
819 748 1033 792 insenfibiles,
1050 751 1227 798 in-magnas
1243 749 1398 798 ampullas
1413 749 1589 786 dilatentur
1605 750 1665 786 :fic
1675 750 1767 799 spiri..

366 811 424 835 :tus
435 801 506 834 vini
517 800 642 834 videtur
655 797 863 835 ebullirezfic
879 810 962 846 aqua
977 810 1050 846 quae
1068 800 1154 846 prius
1178 800 1245 847 igni
1262 800 1396 833 admota
1407 826 1416 842 ,
1435 804 1470 835 &
1489 799 1648 834 machinae
1676 801 1764 847 prius

373 847 524 898 imposita
532 847 632 896 quirin
647 847 854 898 refrigeretur
863 877 874 895 ‚
890 848 1010 884 mirum
1017 849 1052 883 in
1062 848 1198 885 modurn
1210 847 1392 889 intumescit
1407 862 1415 884 :
1429 847 1513 883 adeo
1522 859 1559 883 ut
1570 850 1700 897 penitus
1714 847 1766 883 ef-

372 897 553 934 fervescere
572 898 730 935 videatur.

388 960 391 962 ’
409 950 478 983 Res
492 946 575 982 adeo
586 947 683 995 digna
697 948 739 983 est
753 950 786 983 in
799 960 901 996 quam
914 950 1013 999 paulo
1030 949 1220 999 diligentius
1239 950 1458 997 inquiramus,
1476 952 1510 984 &
1527 945 1612 982 unde
1620 945 1674 982 'hae
1690 943 1768 989 bul-3

372 998 409 1033 1ae
420 1009 459 1032 ex
468 1009 554 1044 aqua
566 1001 601 1033 &
611 997 679 1031 aliis
698 998 859 1045 prodeant
869 998 1049 1047 liquoribus
1065 1029 1076 1044 ‚
1097 1002 1287 1036 intueamur.

408 1050 454 1083 Ea
462 1047 505 1081 est
516 1047 597 1080 aeris
607 1045 698 1081 velut
708 1047 857 1095 quaedam
867 1050 1047 1097 proprietas
1058 1079 1069 1093 ,
1087 1050 1177 1096 quod
1190 1061 1311 1097 aquam
1330 1054 1363 1087 &
1381 1048 1461 1083 alios
1473 1044 1585 1081 subeat
1600 1044 1742 1093 liquores
1754 1055 1768 1088 ‚·

371 1107 470 1144 atque
490 1098 524 1131 in
535 1095 835 1143 iis-quodammodo
849 1096 1048 1134 diffolvatur.
1082 1098 1185 1145 Quod
1203 1098 1314 1134 multis
1341 1096 1567 1146 experimentis
1586 1093 1706 1143 probat
1721 1096 1765 1130 D.

371 1147 540 1180 Marione
560 1146 593 1178 in
605 1146 805 1180 Tentamine
816 1146 857 1180 de
868 1149 1077 1184 aereA’auca
1090 1148 1106 1183 ὲ
1119 1147 1227 1181 multis
1242 1146 1426 1182 afferemus,

406 1209 433 1230 ι.
449 1192 593 1232 Phialam
606 1205 778 1241 aqua-quae
792 1195 860 1244 igni
868 1195 1003 1231 admota
1024 1194 1145 1231 diutius
1157 1195 1332 1232 ebullierat
1342 1194 1536 1245 ‚=implevit,
1552 1198 1585 1230 &
1599 1190 1769 1241 intra-seqq

371 1243 474 1291 phum
485 1254 570 1289 aqua
579 1241 738 1280 consimili
745 1242 931 1290 plenum-fic
949 1247 1086 1280 invertit
1095 1274 1104 1289 ,
1124 1257 1160 1280 ur.
1173 1248 1257 1280 aeris
1273 1245 1364 1281 velut
1377 1256 1506 1293 guttam
1517 1240 1674 1277 avellanae
1693 1253 1768 1276 ma-

371 1291 540 1340 gnitudine
549 1291 812 1326 admittereuhic
819 1295 942 1341 utique
948 1295 1049 1328 trium
1055 1304 1112 1328 aut
1121 1305 1263 1341 quatuor
1274 1295 1400 1329 dierum
1411 1292 1514 1342 spatio
1527 1301 1611 1339 pene
1620 1291 1769 1335 evanuit,

371 1340 411 1375 sic
425 1352 534 1375 tamen
554 1351 590 1374 ut
601 1340 691 1387 quod
703 1340 864 1388 reliquum
879 1354 949 1377 erat
959 1371 969 1386 ‚
986 1345 1040 1377 vix
1054 1343 1121 1389 post
1134 1344 1212 1378 octo
1226 1343 1294 1377 dies
1304 1342 1345 1378 ab
1356 1355 1439 1390 aqua
1456 1339 1639 1375 dissolutum
1656 1337 1764 1374 fuerit.

372 1390 461 1425 Cum
474 1400 572 1439 guttae
579 1391 660 1424 aeris
675 1402 765 1426 erant
779 1387 943 1436 minores',
959 1403 995 1426 ut
1007 1391 1301 1437 4·linearum,intra
1312 1403 1376 1427 tres
1393 1392 1461 1426 dies
1474 1391 1606 1437 integrae
1619 1386 1768 1422 resorbe-

372 1441 401 1473 ri
414 1438 488 1475 visae
498 1436 570 1473 sunt
588 1453 596 1474 ε
615 1437 655 1473 sic
663 1450 772 1475 tamen
781 1452 816 1475 ut
826 1442 934 1489 primo
946 1441 999 1475 die
1013 1452 1077 1475 tres
1091 1453 1176 1489 pene
1192 1442 1388 1488 quadrantes
1403 1450 1502 1488 guttae
1513 1435 1741 1473 evanescerent
1756 1454 1767 1480 ς

371 1489 472 1536 idque
482 1499 530 1522 ter
543 1499 599 1522 aut
610 1500 724 1534 quater
734 1491 768 1524 in
782 1490 897 1524 eadem
911 1502 996 1537 aqua
1008 1491 1183 1538 repetitum
1203 1504 1212 1525 :
1229 1491 1312 1525 adeo
1330 1503 1365 1525 ut
1381 1501 1463 1537 aqua
1479 1498 1554 1522 aere
1567 1515 1578 1529 ,
1594 1485 1690 1520 velut
1703 1484 1766 1521 sale

372 1538 518 1585 quodam
529 1536 641 1572 satiata
656 1539 708 1573 vix
721 1550 796 1573 eum
814 1538 952 1587 amplius
973 1537 1133 1575 diffolva
1145 1542 1183 1575 Et
1198 1540 1334 1587 quidem
1347 1551 1431 1586 aqua
1454 1549 1525 1585 quae
1544 1535 1612 1584 post
1632 1534 1767 1584 longam

372 1586 604 1621 ebullitionem
621 1598 707 1634 pene
724 1599 801 1622 aere
813 1600 915 1623 vacua
933 1587 980 1622 est
991 1616 1001 1631 ‚
1024 1587 1119 1623 citius
1134 1600 1242 1628 aerem
1253 1584 1417 1632 admittit,
1435 1585 1536 1635 qulam
1551 1596 1621 1632 quae
1635 1585 1667 1618 vi
1677 1582 1768 1618 calo-

372 1638 414 1670 ris
428 1665 437 1679 ,
456 1647 512 1670 aut
529 1634 592 1669 alia
600 1637 729 1671 ratione
740 1636 900 1672 inclusum
911 1649 1018 1672 aerem
1031 1651 1097 1673 non
1113 1637 1298 1674 exhalavit:
1319 1638 1405 1672 unde
1417 1647 1508 1686 gutta
1526 1635 1607 1668 aeris
1627 1633 1768 1681 inxaqua

372 1684 516 1722 fluminis
531 1713 541 1728 ,
560 1697 631 1732 quae
649 1687 717 1733 igni
731 1686 864 1721 admota
873 1699 939 1721 non
950 1686 1013 1720 fuit
1025 1716 1034 1730 ,
1054 1689 1137 1721 intra
1148 1701 1176 1733 15
1189 1688 1257 1721 dies
1271 1690 1322 1722 vix
1332 1686 1374 1720 ab
1394 1698 1478 1733 aqua
1494 1681 1688 1718 resorbetur.

407 1737 445 1768 In
456 1733 531 1767 oleo
542 1733 624 1767 vero
642 1735 729 1779 quod
744 1735 856 1769 tandiu
870 1733 997 1769 ebulliit
1009 1763 1018 1776 ,
1043 1735 1119 1769 dum
1137 1735 1259 1770 nullum
1280 1735 1419 1782 amplius
1437 1735 1606 1780 strepitum
1629 1730 1742 1765 ederet
1753 1737 1768 1774 ,⁴

373 1795 428 1817 aer
445 1780 573 1816 diffolvi
589 1783 657 1830 post
666 1781 783 1816 multos
794 1783 863 1816 dies
877 1796 942 1818 non
953 1785 1080 1830 potuit,
1106 1787 1141 1819 δε
1153 1785 1207 1817 vix
1221 1783 1310 1818 mole
1328 1783 1371 1816 est
1387 1783 1586 1816 imminutus.

409 1834 474 1866 Aer
491 1833 525 1865 in
543 1842 627 1876 aqua
641 1829 791 1879 dispersus
801 1831 886 1866 adeo
898 1831 1109 1866 condensatur
1124 1843 1192 1866 turn
1212 1831 1425 1879 atmospherae
1441 1859 1450 1872 ‚
1480 1840 1549 1863 tum
1567 1839 1658 1874 aquae
1671 1826 1766 1875 ipfius

373 1881 519 1929 pondere
531 1908 540 1923 ,
549 1891 585 1913 ut
596 1882 702 1927 potius
714 1883 851 1914 materia
864 1892 957 1915 aerea
967 1909 976 1924 ,
996 1879 1095 1927 quum
1108 1893 1161 1914 aer
1172 1880 1233 1914 dici
1246 1879 1350 1930 poffit.
1375 1883 1447 1915 lmo
1458 1881 1491 1913 in
1505 1890 1543 1912 ea
1557 1878 1692 1911 materia
1701 1876 1766 1910 alia

374 1929 521 1966 nuaedam
541 1928 669 1962 videtur
689 1928 748 1963 effe
765 1928 935 1972 subtilior,
961 1935 996 1966 &
1014 1929 1191 1964 fulminans
1207 1959 1215 1973 ‚
1248 1930 1349 1976 qualis
1369 1929 1452 1965 forte
1471 1928 1517 1961 est
1537 1929 1570 1960 in
1588 1922 1763 1972 salepetrae.

376 1979 478 2024 Qiod
493 1979 607 2025 utique
627 1977 691 2011 hoc
711 1981 937 2025 experimento
947 1981 1005 2013 Vir
1016 1977 1127 2013 clariis.
1145 1979 1354 2015 demonstrat.
1376 1980 1499 2015 Oleum
1518 1975 1584 2023 igni
1599 1971 1639 2008 fic
1650 1973 1766 2009 admo-

378 2039 434 2063 vet
445 2056 456 2072 ‚
473 2038 508 2062 ut
520 2024 677 2062 densiores
691 2029 823 2076 quidem
841 2029 950 2065 fumos
963 2029 1092 2064 emittat
1103 2056 1113 2072 ‚
1131 2030 1210 2065 citra
1223 2040 1333 2066 tamen
1350 2029 1516 2079 strepitum
1527 2034 1579 2061 aut
1597 2020 1765 2071 spumam:
