1878 2724
412 131 466 172 360
704 119 965 158 P‘HYSICAE
1005 120 1169 156 PARS
1203 121 1496 159 SECUNDA.

412 185 502 223 ptam
513 169 638 209 Kebcci
653 172 685 205 in
696 172 865 212 Ameria,
881 170 914 204 in
924 180 988 216 qua
1005 180 1118 216 praeter
1132 181 1244 204 caetera
1260 197 1271 213 ‚
1287 172 1310 204 is
1326 171 1517 215 referebat,
1540 170 1572 206 se
1589 170 1610 208 ὲ
1627 174 1799 208 nonnemi.

412 234 452 259 ne
465 250 476 265 ,
490 223 548 269 qui
558 221 609 254 diu
619 229 721 266 prope
737 217 842 253 lacurn
858 218 1031 254 Huronum
1044 246 1055 262 ‚
1072 224 1105 255 &
1120 218 1228 254 locum
1247 218 1397 268 vulgola
1416 219 1497 270 haye
1514 220 1568 255 des
1585 231 1688 270 paam
1703 249 1711 260 ‚
1730 221 1798 257 dic-

411 284 481 308 tum
493 272 627 311 vixerat,
644 267 816 302 certiorem
828 266 952 302 feretum
972 266 1022 302 bis
1039 269 1071 302 in
1085 268 1138 302 die
1149 268 1253 303 lacum
1261 270 1295 304 in
1305 269 1445 305 eovelur
1460 272 1633 320 angiportu
1649 270 1799 310 intumes,
1838 286 1840 318 3

412 331 483 356 cere
493 347 502 361 ,
516 323 548 354 ὃς
559 315 798 351 detumescere:
812 315 896 350 adeo
911 328 945 351 ut
960 328 1043 364 aqua
1058 318 1090 352 in
1101 315 1345 365 fluviumusque
1357 319 1396 352 ad
1413 332 1424 364 5
1440 331 1494 353 aut
1504 327 1522 356 6
1538 320 1639 354 leucas
1653 319 1799 365 influere-3
1838 340 1840 343 v

409 364 668 405 &intumescere
686 366 843 399 videatur.
868 368 956 400 Inter
964 366 1025 400 alia
1036 378 1170 414 quoque
1187 379 1259 414 quae
1271 370 1313 403 D.
1325 368 1457 402 Dodart
1468 367 1490 404 ὲ.
1504 370 1575 403 viro
1587 367 1691 403 nobili
1707 372 1747 404 D.
1760 369 1800 408 dg
1838 379 1839 382 ¹

410 418 444 451 la
473 416 552 450 Sale
580 428 646 451 non
678 417 722 448 ita
754 415 880 462 pridem
901 417 1028 464 accepit
1047 443 1057 458 ,
1081 415 1138 450 illa
1169 417 1208 450 ad
1237 415 1432 465 propositum
1456 417 1598 452 nostrum
1636 420 1778 465 pertinet
1788 439 1800 462 ᾗ
1838 434 1839 440 ’

410 466 500 514 quod
514 465 553 498 de
567 463 656 506 lacu,
675 476 776 511 quem
787 463 985 498 Unt‘jtorium
996 476 1134 508 vocant,
1154 467 1187 500 in
1197 467 1344 500 America
1364 465 1616 514 Septentrionali
1633 465 1691 502 fito
1713 467 1800 503 rese·-

410 515 513 550 rebat.
533 516 597 550 Hic
613 516 707 548 maris
723 511 891 561 superficie
908 526 974 558 500
1000 512 1113 548 saltem
1126 515 1302 563 hexapedis
1322 515 1419 550 altior
1438 516 1481 550 est
1500 520 1556 552 r&
1572 526 1680 550 tamen
1700 514 1799 564 pisces

410 565 550 599 marinos
561 592 571 606 ‚
587 574 622 597 ut
634 562 763 597 haleces
773 591 791 606 ,.
803 561 962 598 sulmones
971 568 1002 599 &
1012 563 1131 598 vitulos
1141 567 1281 599 marinos
1292 565 1350 600 alit
1360 563 1457 611 quam
1469 564 1622 612 plurimos
1636 581 1645 608 5
1662 577 1744 612 aqua
1759 564 1800 600 il-

409 613 469 649 lius
483 614 564 647 levis
575 611 752 646 admodum
763 611 827 654 est,
848 617 882 648 &
901 611 1036 661 limpida
1056 613 1261 654 ;intumescit
1274 642 1283 657 ‚
1304 619 1337 651 &
1351 613 1564 656 detumescit,
1582 611 1680 660 usque
1695 629 1731 657 2,
1756 626 1767 655 3
1788 642 1799 658 ‚

411 667 444 699 ὅ(
457 677 481 709 4
491 662 611 710 pedum
622 659 828 695 altitudinem
841 679 849 705 3
867 673 904 695 ac
915 664 996 695 circa
1011 661 1190 709 plenilunia
1205 664 1366 698 interdum
1385 662 1500 698 sexties
1522 660 1683 710 &septies
1699 662 1806 699 attol÷2

409 711 485 746 litur
496 740 506 755 ‚
520 710 608 746 nulla
620 716 748 746 certa&
764 711 924 744 constanti
940 710 1019 758 lege.
1038 712 1103 746 Hic
1119 711 1202 746 lacus
1220 726 1285 755 270
1300 712 1395 747 leucis
1407 711 1427 747 ἐι
1437 714 1517 747 mati
1527 712 1637 755 distat,
1656 725 1714 747 100
1727 711 1800 747 lati-

411 762 557 796 tudinem
580 771 692 807 patet,
716 762 753 794 in
764 758 900 795 fluvium
916 762 954 795 S.·
972 762 1135 795 Laurentii
1154 758 1216 795 sese
1226 773 1389 797 emmeram
1522 767 1527 770 '

446 811 613 860 Qaeritur
626 823 661 854 3Cr
685 808 758 843 Cur>
769 810 801 844 in
815 810 953 844 Oceano
972 810 1224 858 Septentrionali
1242 811 1323 846 ultra
1342 812 1484 846 Scotiam
1501 839 1510 854 ‚
1530 810 1569 844 ad
1581 811 1798 860 Norvegiam.

411 858 668 893 Groenlandiam
690 861 743 892 vix
766 857 848 892 ullus
860 857 948 893 aestus
962 861 1162 906 percipiatur.
1181 861 1233 895 An
1253 860 1342 907 quod
1362 871 1400 894 ea
1414 872 1503 895 tetrae
1520 863 1611 908 regio
1626 860 1760 910 longius*
1778 862 1800 898 ὲ

408 908 489 944 lunae
505 909 632 942 tramite
642 905 678 942 sit
689 905 812 943 diffitaz
826 918 879 942 aut
892 907 980 954 quod
996 906 1073 942 illud
1085 921 1174 942 mare
1187 907 1229 942 ab
1245 909 1429 944 Occidente
1447 910 1480 944 in
1498 910 1673 945 Orientem
1686 922 1798 946 excute·

408 968 458 992 rat
471 987 480 1001 ‚
498 969 533 991 ac
543 955 653 991 multis
666 968 735 992 turn
745 954 852 990 insulis
870 984 879 998 ‚
898 967 965 991 tum
980 956 1220 992 excurrentibus
1234 959 1324 992 tetris
1338 956 1377 992 fit
1388 959 1601 1006 interruptum
1615 972 1715 1006 :quae-
1725 973 1798 995 om-

409 1018 465 1042 nes
480 1005 575 1040 causae
586 1008 617 1041 in
631 1017 733 1040 unum
749 1004 1002 1054 colligidebent.
1018 1007 1106 1041 Nam
1121 1008 1153 1041 in
1163 1010 1245 1042 mari
1255 1005 1424 1042 Hudsonio
1435 1019 1569 1056 magnus
1581 1008 1669 1044 aestus
1679 1009 1796 1057 deprea

409 1055 560 1090 henditur
578 1069 586 1090 :
607 1053 693 1102 quod
707 1066 748 1088 eo
765 1053 827 1088 loci
845 1066 934 1088 mare
946 1053 987 1088 ab
999 1056 1141 1090 Oriente
1155 1057 1190 1090 in
1203 1056 1419 1091 Occidentem
1436 1067 1559 1099 pateat.

445 1104 615 1152 Qaeritur
627 1103 767 1148 4⁰„Cur
783 1105 815 1137 in
834 1116 919 1139 zona
942 1104 1060 1138 torrida
1075 1103 1266 1152 plerumque
1284 1107 1364 1140 tanti
1376 1103 1435 1139 sint
1448 1105 1606 1140 aestus.sic
1623 1106 1663 1140 ad
1678 1106 1795 1143 ostium
1845 1112 1846 1115 ’

407 1154 478 1188 Indi
505 1150 647 1187 fluminis
675 1153 708 1187 in
732 1150 798 1187 sinu
823 1151 1029 1188 Cambaiensi
1045 1181 1055 1196 ‚
1081 1153 1120 1187 ad
1143 1155 1318 1189 Panamam
1340 1166 1473 1201 quoque
1496 1155 1531 1189 in
1557 1156 1715 1190 Americae
1738 1167 1796 1190 ora

409 1201 619 1237 Occidentali
630 1229 641 1244 ‚
654 1206 687 1237 &
699 1200 767 1235 aliis
779 1200 889 1249 paffim
902 1203 937 1236 in
954 1200 1031 1236 locis
1049 1202 1090 1236 ad
1101 1215 1251 1251 magnam
1268 1202 1470 1238 altitudinem
1487 1215 1577 1238 mare
1598 1203 1794 1240 intumescin

447 1253 499 1285 An
523 1249 611 1286 forte
629 1249 759 1284 aestuum
776 1250 831 1284 illa
849 1250 1052 1297 inaequalitas
1070 1254 1186 1298 partim
1201 1264 1244 1285 ex·
1259 1250 1416 1299 press'ione
1430 1255 1510 1287 aeris
1522 1280 1532 1295 ‚
1552 1254 1669 1300 partim
1694 1265 1732 1288 ex
1746 1252 1795 1288 al-

406 1300 476 1332 veis
495 1296 661 1333 fluminum
671 1327 681 1342 ‚
704 1310 758 1334 aut
774 1299 922 1334 littorum
937 1298 1135 1347 depreffione
1146 1328 1155 1343 ‚
1165 1302 1281 1348 partim
1294 1313 1331 1334 ex
1345 1300 1471 1334 diresto
1485 1312 1540 1336 aut
1549 1300 1685 1348 obliquo
1696 1314 1795 1350 aqua-

406 1360 477 1383 rum
492 1359 583 1382 motu
594 1349 745 1383 oritursA
759 1346 846 1383 freto
864 1348 1028 1383 Gaditano
1042 1347 1138 1395 usque
1152 1349 1192 1383 ad
1209 1351 1370 1397 tropicum
1387 1350 1504 1383 Cancri
1519 1349 1604 1384 aestus
1615 1351 1657 1384 est
1667 1363 1796 1398 permo-

407 1397 494 1430 dicus
507 1413 516 1439 3
530 1396 582 1430 vel
591 1396 679 1443 quod
698 1399 731 1432 in
750 1409 821 1431 eam
833 1397 971 1443 oblique
988 1397 1163 1432 admodum
1174 1401 1415 1445 perveniat3aut
1429 1400 1536 1445 potius
1548 1399 1634 1445 quod
1647 1411 1736 1435 mare
1750 1397 1796 1438 ah

405 1457 478 1479 ortu
488 1446 521 1480 in
538 1445 680 1479 occasum
695 1447 1078 1482 continentermoveatur
1093 1473 1102 1488 ‚
1116 1458 1212 1493 atque
1224 1449 1249 1482 is
1268 1458 1376 1481 motus
1398 1446 1530 1496 objetstu
1540 1447 1794 1484 Africaeinterci-

405 1496 523 1542 piatur.
537 1497 648 1529 Minus
655 1493 791 1542 oblique
805 1498 890 1530 inter
901 1497 1038 1544 Nigrum
1048 1525 1057 1538 ‚
1070 1500 1103 1531 δέ
1116 1498 1273 1532 Guineam
1284 1496 1432 1531 incurrit:
1447 1496 1522 1531 hinc
1534 1501 1633 1544 major
1643 1499 1675 1532 in
1693 1499 1730 1532 iis
1740 1497 1792 1533 10-
1824 1522 1827 1523 ν

404 1545 449 1577 cis
461 1543 507 1577 est
518 1543 605 1578 aestus
619 1558 626 1579 :
644 1545 733 1590 quod
746 1547 777 1580 in
788 1557 863 1579 eum
873 1544 963 1579 velut
976 1543 1073 1579 sinum
1084 1557 1171 1579 mare
1182 1558 1255 1580 cum
1264 1548 1387 1593 impetu
1401 1573 1411 1589 ,
1425 1550 1459 1582 δ(
1473 1545 1597 1580 directo
1610 1557 1700 1582 motu
1713 1559 1791 1595 pro-

403 1591 553 1640 pellatur.
575 1593 693 1628 Eadem
707 1594 748 1627 est
758 1596 839 1629 ratio
849 1594 890 1627 de
905 1594 973 1628 [ndi
985 1621 994 1636 ‚
1013 1599 1047 1630 δε
1063 1596 1180 1642 Gangis
1195 1592 1352 1630 faucibus.

435 1640 560 1676 Verum
573 1653 608 1676 ut
621 1642 660 1676 de
673 1643 811 1677 Oceano
822 1644 926 1678 nostro
940 1641 1111 1689 loquamur
1122 1671 1131 1686 ‚
1143 1647 1244 1690 major
1264 1644 1306 1678 est
1323 1643 1412 1678 aestus
1427 1656 1500 1679 cum
1515 1655 1603 1679 mare
1618 1645 1704 1679 reeca
1719 1656 1790 1692 pro-

403 1689 532 1738 pellitur
544 1719 553 1734 ,
567 1701 602 1724 ut
617 1703 717 1738 prope
733 1693 819 1736 Tagi
835 1694 922 1728 ostia.
940 1694 973 1726 In
989 1693 1155 1726 Garumna
1173 1693 1285 1728 itidem
1305 1705 1438 1741 magnus
1457 1694 1500 1728 est
1520 1708 1529 1730 :
1548 1705 1623 1728 nam
1641 1693 1733 1727 aestus
1746 1693 1790 1728 ad

405 1753 456 1774 120
469 1751 552 1786 pene
569 1740 716 1774 milliaria
734 1740 939 1782 diffunditur,
959 1753 997 1774 ac
1013 1752 1138 1776 tantum
1153 1740 1243 1787 spatii
1260 1755 1326 1776 non
1345 1744 1515 1785 emetitur,
1538 1740 1593 1777 nisi
1610 1741 1697 1776 horis
1717 1741 1790 1776 fere

405 1791 459 1823 18:
476 1801 548 1822 cum
560 1801 591 1824 12
605 1800 729 1823 tantum
745 1788 837 1823 horas
856 1791 890 1823 in
908 1789 1027 1824 refluxu
1040 1790 1220 1836 impendat.
1244 1791 1345 1836 quue
1363 1791 1401 1824 ad
1419 1791 1575 1825 calculum
1594 1793 1722 1837 exigere
1739 1789 1787 1824 fa·

402 1837 463 1870 cile
475 1836 529 1870 est.
546 1840 632 1872 Nam
646 1836 666 1871 fi
680 1839 731 1871 die
747 1837 905 1872 novilunii
917 1839 1047 1885 incipiat
1061 1839 1154 1871 tertia
1165 1837 1272 1872 homa.
1287 1839 1391 1871 media
1405 1840 1502 1873 noete
1514 1867 1523 1881 ‚
1549 1838 1629 1872 senis
1644 1838 1729 1872 horis
1742 1838 1786 1872 ad

402 1884 697 1932 quinquagesimum
713 1885 780 1920 fere
798 1884 932 1919 milliare
942 1888 1113 1933 perveniet
1127 1913 1136 1928 ,
1163 1888 1312 1921 nimirum
1323 1886 1401 1921 hora
1413 1899 1496 1922 nona
1506 1898 1581 1921 ante
1590 1887 1759 1921 meridiem
1773 1904 1787 1932 ;

403 1933 455 1968 hic
470 1932 567 1966 rursus
583 1933 662 1967 senis
673 1934 757 1968 horis
772 1936 945 1982 perveniet
955 1934 1184 1982 Burdegalam·,
1199 1947 1236 1968 ac
1250 1937 1344 1970 tertia
1362 1934 1403 1968 de
1426 1936 1561 1970 meridie
1581 1935 1660 1970 hora
1683 1947 1790 1971 naves·

403 1994 473 2029 quae
490 1983 521 2015 in
535 1993 627 2027 portu
638 1981 808 2017 consistunt
819 2012 828 2025 ,
845 1981 1007 2031 ¹<gyrabunt
1020 2012 1029 2026 ‚
1044 1989 1078 2020 &
1097 1996 1218 2031 puppes
1233 1984 1411 2019 obvertenr
1423 2012 1432 2026 ‚
1452 1985 1541 2032 quod
1555 1983 1601 2019 est
1609 1990 1783 2032 &gumen-¹

404 2042 474 2064 tum
493 2030 581 2063 aesti‘is
596 2031 810 2067 adventantis,
828 2032 976 2066 Tindem
991 2033 1030 2066 ad
1040 2035 1072 2067 S.
1085 2034 1222 2066 Macarii
1243 2033 1395 2082 oppidum
1411 2034 1489 2068 hora
1500 2034 1603 2068 ferme
1618 2045 1703 2068 nona
1715 2037 1786 2081 jam>

402 2078 581 2126 languidior
593 2080 715 2114 acced³t
730 2109 738 2123 ,
754 2080 916 2126 nequeibi
934 2092 1089 2125 moratur,
1109 2081 1160 2115 sed
1177 2094 1248 2116 eum
1259 2083 1362 2116 statim
1373 2082 1506 2118 refluxus
1524 2083 1642 2128 excipit
1657 2094 1664 2116 ε
1683 2093 1785 2127 quem

403 2127 520 2162 idcirco
534 2126 612 2162 senis
629 2127 713 2162 horis
733 2131 835 2163 minus
855 2131 953 2175 quum
967 2131 1070 2164 aesturn
1082 2132 1192 2164 durare
1210 2130 1333 2166 necesse
1347 2132 1403 2167 est.
1425 2134 1498 2167 Nec
1515 2133 1632 2166 mirum
1651 2128 1671 2163 fi
1689 2142 1783 2176 aquae

400 2178 531 2223 proprio
549 2177 690 2223 pondere
699 2176 831 2211 celer-Eu<
841 2180 871 2212 in
883 2191 970 2212 mate
982 2178 1184 2219 delabantur,
1195 2179 1291 2226 quam
1304 2179 1324 2215 ὲ
1336 2182 1415 2215 mari
1429 2182 1460 2214 in
1471 2179 1588 2215 fluvios
1600 2184 1783 2214 excurrant:'

401 2226 444 2259 est
454 2227 576 2273 qnippe
590 2238 675 2260 mare
694 2225 759 2273 ipso
780 2226 911 2260 flumine
924 2227 1104 2267 deme-fiius.
1123 2229 1257 2275 Qianto
1279 2228 1400 2277 lougius
1416 2241 1506 2275 aquae
1524 2227 1753 2275 protruduntur
1765 2255 1778 2269 ‚

403 2284 494 2308 tanto
508 2272 622 2308 leutius
645 2276 839 2323 procedunt:
862 2289 934 2309 curn
948 2275 1089 2311 fluminis
1104 2278 1232 2311 alveum
1252 2279 1403 2312 altiorem
1430 2276 1609 2314 offendant.
1631 2277 1719 2311 Nam
1734 2286 1786 2309 eo*

401 2322 498 2365 usque
509 2324 593 2359 :estus
609 2325 810 2374 progreditur
821 2352 833 2370 ,
856 2325 958 2361 donec
972 2328 1098 2362 Oceani
1115 2331 1148 2363 δε
1164 2324 1302 2363 fluminis
1321 2338 1410 2374 aquae
1424 2324 1481 2363 sint
1496 2327 1585 2363 velur
1601 2328 1634 2361 in
1656 2322 1780 2370 aequili-

402 2369 481 2405 brio.

1630 2423 1782 2461 Multum*
