1878 2724
156 201 258 249 quue
273 198 378 235 multo
389 198 487 235 latius
505 212 614 250 patet,
630 200 730 247 quarn
741 201 814 247 quis
825 197 922 234 facile
935 197 1109 232 crediderit
1129 209 1137 232 :
1161 207 1238 232 nam
1251 196 1340 230 idem
1359 194 1465 241 liquor
1483 200 1500 234 ζ-

94 251 194 286 nitro
220 249 395 286 exstillatus
407 279 416 293 ‚
437 249 490 284 sali
505 253 616 284 tartari
631 256 664 286 &
681 248 785 284 soluto
801 249 858 296 qui
881 248 899 284 ὲ
914 245 1045 282 faecibus
1064 247 1134 281 vini
1147 244 1320 280 combustis
1348 243 1473 279 elicitur
1487 276 1497 289 ‚

103 298 238 342 affusus,
254 299 327 347 post
345 298 594 342 ebullitionem,
612 301 732 334 nitrum
746 328 756 342 ,
777 298 832 333 seu
850 296 1046 345 salempetrae
1061 294 1153 330 dabit
1171 311 1180 337 ·,
1203 297 1270 329 imo
1288 293 1410 341 spiritus
1426 294 1496 329 salis

102 351 284 384 communis
298 348 405 384 eidem
424 348 479 383 sali
497 351 606 383 tartari
626 347 763 392 affusus,
781 347 917 382 humore
934 347 1052 380 itidem
1071 344 1228 393 superfluo
1246 342 1417 384 exhalato,
1437 356 1493 378 ve-

101 396 150 433 lut
162 399 306 445 quaedam
321 397 390 432 salis
406 400 586 433 communis
600 397 730 446 granula
743 395 861 433 efficit:
879 401 891 442 (
908 407 1095 443 quanquam
1110 407 1178 430 non
1192 391 1304 436 desint,
1320 393 1377 440 qui
1396 390 1493 429 salem

104 445 166 482 effe
177 449 352 496 genuinum
365 449 535 484 &marino
544 446 743 483 consimilem
762 445 967 481 inficientur:
987 446 999 487 )
1020 444 1104 478 adeo
1119 455 1156 478 nt
1182 444 1325 492 partium
1343 440 1493 490 configu-

99 499 184 531 ratio
204 498 373 544 praecipuas
392 498 424 531 in
439 498 601 532 mixtione
623 507 729 544 partes
747 494 868 529 habere
886 496 1044 528 videatur.

142 547 193 580 Sic
208 547 298 580 laetis
312 544 515 580 concussione
530 550 564 581 δι
576 547 719 592 partium
732 545 912 591 agitatione
926 541 1079 589 butyrum
1104 539 1240 576 efficitur
1259 568 1268 583 ,
1283 540 1362 576 dum
1383 551 1489 588 partes

97 592 232 638 oleosae,
253 600 286 631 ὃς
301 594 497 642 ramisimpl‹
511 604 560 628 xae
579 605 693 628 mutuo
714 591 772 626 fibi
785 589 1014 627 adhaerescunt.
1040 592 1119 626 Non
1137 588 1277 624 diffimili
1290 592 1416 623 tatione
1440 602 1491 623 ca-

96 641 164 677 seus
176 643 330 678 fermenti
345 643 428 677 acidi
442 642 610 677 additione
621 642 640 678 a
654 641 723 677 sero
734 640 913 690 separatur:
931 651 1039 686 neque
1053 638 1104 674 hic
1112 638 1287 687 qualitates
1300 640 1410 686 primae
1421 637 1489 674 ela-

96 703 281 727 mentorum
293 721 304 736 ,
333 690 385 726 sed
397 691 594 726 mechanica:
605 694 713 740 potius
734 703 802 726 vini
816 689 904 725 suam
914 700 1059 724 exerunt·
1309 719 1321 734 0

119 742 198 789 Jam
210 739 356 776 hocloco
366 754 433 776 non
443 753 482 775 ex
508 741 655 777 endimus
665 741 743 788 quid
757 738 881 774 efficiat
894 751 930 774 ut
939 738 1085 786 quaedam
1098 733 1269 771 miscibilia
1292 733 1417 770 facilius
1438 737 1487 772 in·

93 800 143 825 tet
153 787 185 824 se
195 789 403 834 coliaereant3
420 802 461 825 an
473 754 647 826 [fmilitudo
661 801 780 826 naturae
791 818 801 833 ‚
823 800 879 824 aut
893 786 1122 837 particularum
1137 784 1195 820 fibi
1223 786 1339 819 mutuo
1354 796 1487 820 accom-

93 838 225 874 modata
235 838 356 889 figura?
375 842 425 876 An
440 839 508 875 solo
530 840 692 875 interdum
702 839 878 881 conta&u‚
900 849 962 872 nec
975 837 1039 871 alio
1063 835 1188 886 glutine
1211 837 1296 870 inter
1313 832 1344 868 (e
1367 835 1484 870 devin.

91 890 219 922 ciuntur
238 899 247 925 Ξ
268 893 338 924 lmo
359 889 396 924 sae
423 902 441 924 e
453 890 570 923 accidit
589 900 623 924 ut
639 900 688 923 res
705 887 809 937 specie
822 885 962 935 dispares
985 887 1102 921 arffius
1123 887 1207 919 inter
1222 883 1253 918 se
1271 886 1486 919 committan-

91 947 143 971 tur
156 965 166 980 ‚
191 903 478 986 quamfiejuiilem
495 938 606 973 forent
615 949 746 974 naturae.
764 940 852 975 Nam
871 935 1005 971 humida
1023 946 1098 970 cum
1112 932 1217 976 siccis,
1241 943 1277 967 ut
1297 944 1382 980 aqua
1406 946 1482 969 curn

88 985 177 1020 calce
188 1014 200 1029 ,
213 992 247 1023 &
258 999 355 1022 arena
368 987 481 1022 melius
493 987 591 1035 quarn
603 987 734 1022 humida
745 988 830 1023 inter
846 986 877 1022 se
892 985 1065 1029 cohaerenr.
1082 986 1169 1018 Inter
1182 980 1316 1017 metalla
1336 981 1484 1018 stannum

87 1045 197 1083 partes
218 1034 319 1070 habet
337 1035 471 1080 molles,
486 1049 554 1083 quae
564 1035 660 1071 facile
675 1035 792 1081 fundi,
814 1041 848 1073 ὅ(
870 1033 1013 1069 exhalari
1029 1032 1154 1069 solent:
1179 1031 1267 1079 quod
1288 1028 1310 1065 si
1327 1042 1400 1065 cum
1421 1044 1484 1066 aere

88 1087 301 1132 conjungatur
312 1114 322 1128 ‚
334 1097 403 1120 tum
417 1084 559 1129 firmum,
577 1085 710 1128 durum,
722 1086 863 1123 &valde
881 1083 987 1120 fixum
1003 1081 1149 1118 efficitur.
1170 1082 1219 1115 Ac
1236 1081 1314 1128 saepe
1332 1092 1400 1116 non
1415 1081 1481 1115 alio

86 1131 214 1179 glutine
226 1145 307 1181 opus
318 1135 361 1168 est
369 1133 544 1181 quamipso
555 1136 727 1176 contactu,
745 1141 781 1172 &
791 1147 868 1184 apta
881 1131 1054 1181 figurarum
1067 1131 1316 1165 convenientia.
1334 1128 1421 1165 Cum
1436 1142 1482 1164 ar-

86 1192 222 1228 gentum
235 1183 396 1217 inauratur
411 1210 422 1226 ‚
440 1195 510 1218 non
527 1182 612 1218 aliud
624 1183 689 1218 haec
699 1183 832 1220 metalla
841 1186 924 1218 inter
938 1181 968 1216 se
978 1180 1149 1216 conneekit
1157 1207 1167 1223 ‚
1179 1189 1296 1227 praeter
1307 1179 1478 1213 immedia-

87 1239 156 1264 tum
171 1229 335 1278 utriusque
357 1231 482 1267 metalli
499 1234 698 1268 contactum.

84 1283 95 1322 l,
119 1279 204 1312 Haec
221 1278 339 1315 leviter
358 1282 550 1328 attingimus
566 1309 576 1324 ‚
595 1293 669 1328 quae
687 1279 819 1315 alterius
829 1278 901 1313 sunt
920 1277 1007 1323 loci,
1019 1290 1055 1314 ut
1068 1276 1200 1326 planum
1215 1273 1272 1310 fiat
1284 1276 1480 1311 mixtionem

76 1339 152 1363 vtion
162 1339 202 1362 ex
214 1327 286 1363 solis
298 1328 535 1364 elementorum
552 1328 759 1377 qualitatibus
769 1358 779 1373 ‚
793 1327 846 1363 sed
857 1327 964 1363 multo
979 1329 1121 1363 maxime
1134 1337 1173 1360 ex
1193 1322 1387 1360 mechanicis
1397 1324 1480 1360 affe-

85 1374 248 1412 &ionibus
259 1378 329 1412 duci
344 1389 509 1427 oportere.
530 1381 628 1415 Nunc
646 1391 746 1428 pauca
763 1379 804 1414 de
824 1376 1019 1412 resolutione
1040 1387 1216 1423 corporum
1238 1372 1375 1410 dicenda
1396 1372 1475 1409 sunt.

82 1423 142 1460 Illa
156 1428 311 1474 imprimis
322 1426 459 1476 quaestio
473 1427 603 1463 videtur
614 1429 806 1464 excutienda
817 1455 827 1471 ,
845 1439 888 1463 an
903 1425 963 1462 fiat
974 1425 1128 1462 resolutio
1152 1423 1297 1471 corporis
1321 1425 1416 1461 mixti
1435 1423 1478 1459 us-

76 1486 148 1523 que
159 1476 201 1510 ad
210 1480 380 1513 materiam
396 1478 547 1526 primam.
571 1479 620 1513 Sit
638 1480 752 1526 itaque

637 1577 752 1609 Tertia
771 1574 946 1619 Conclufio.

121 1669 164 1704 In
180 1673 394 1717 corruptione
414 1672 508 1706 mixti
525 1683 592 1707 non
610 1669 648 1706 fit
661 1668 819 1705 1es01utio
831 1667 929 1716 usque
946 1668 986 1703 ad
1000 1669 1170 1704 materiam
1182 1669 1332 1717 primam.

113 1720 193 1753 Haec
209 1719 369 1755 conclusio
388 1721 431 1754 est
442 1732 556 1755 contra
570 1718 755 1755 Thomistas
767 1748 777 1762 ,
795 1720 852 1767 qui
874 1720 908 1752 in
929 1730 967 1752 ea
985 1717 1056 1752 sunt
1075 1718 1231 1765 opinione
1246 1728 1282 1752 ut
1305 1726 1422 1765 putent
1442 1715 1476 1750 in

74 1768 176 1802 ‘mixti
186 1765 391 1804 dissolutione
410 1769 493 1804 nihil
518 1780 688 1803 remanere
706 1779 818 1802 eorum
833 1778 904 1814 quae
923 1769 1009 1816 prius
1027 1778 1118 1801 etant
1136 1795 1146 1809 ,
1170 1778 1286 1815 praeter
1304 1767 1476 1801 materiam

81 1818 230 1864 primam.
252 1819 294 1852 Et
303 1818 439 1865 quidem
457 1816 477 1853 si
488 1819 630 1853 materiae
643 1820 778 1851 nomine
791 1815 857 1865 ipsa
870 1815 1092 1866 intelligerent
1109 1815 1274 1851 elementa
1287 1843 1297 1858 ,
1313 1827 1384 1862 quae
1399 1827 1475 1848 om-

80 1863 298 1900 nibusmixtis
317 1868 411 1903 instar
424 1869 567 1902 materiae
585 1869 694 1914 primae
710 1864 966 1909 substernuntur,
994 1876 1158 1912 utcunque
1180 1864 1314 1900 ferenda
1338 1862 1414 1898 effer
1435 1874 1476 1896 ea

81 1911 260 1951 sententia:
274 1919 422 1963 quamvis
437 1928 494 1951 aut
509 1927 649 1960 tar0‚aut
661 1927 827 1963 nunquam
838 1926 954 1964 corpus
963 1917 999 1950 in
1009 1925 1089 1963 pura
1106 1913 1270 1949 elementa
1285 1911 1472 1948 resolvatur.

76 1963 148 1997 'Sed
159 1967 329 2000 materiam
349 1965 585 2001 elementorum
598 1993 609 2010 ,
627 1970 663 2002 δ(
674 1963 897 2008 miscibilium,
919 1975 991 2011 quae
1015 1961 1141 1999 nullum
1159 1963 1261 1999 habet
1271 1963 1381 1998 aetum
1394 1990 1405 2005 ‚
1427 1960 1475 1996 so.

75 2009 148 2045 ‘lam
162 2011 315 2060 supereffe
326 2027 442 2064 putant
463 2017 498 2050 in
516 2017 610 2051 mixti
626 2013 858 2050 diffolutione:
874 2013 965 2061 quod
987 2010 1084 2049 nobis
1101 2014 1240 2049 omnino
1263 2011 1391 2047 videtur
1414 2008 1474 2045 ab-

81 2057 218 2097 surdum.

80 2115 86 2138 ὅ
118 2122 140 2145 1.
151 2111 244 2146 Enim
266 2124 340 2148 cum
357 2113 480 2162 lignum
492 2114 697 2158 accenditur,
718 2127 786 2150 non
804 2114 889 2164 perit
898 2112 985 2147 calor
997 2141 1006 2156 ‚
1025 2114 1080 2159 qui
1112 2113 1175 2145 rius
1194 2111 1298 2146 fuerat
1313 2108 1473 2146 inductus:

81 2156 177 2193 sedin
188 2161 321 2196 accenso
337 2162 426 2211 ligno
440 2174 543 2211 major
556 2163 599 2197 est
616 2181 626 2208 3
638 2175 746 2212 neque
758 2163 823 2198 ulla
835 2175 866 2198 ra
873 2165 921 2197 tio
932 2190 942 2205 ,
954 2173 1008 2196 aut
1023 2123 1112 2195 causei
1126 2162 1264 2195 occurrit
1274 2188 1284 2202 ,
1300 2170 1355 2194 cur
1365 2167 1472 2204 partes

81 2209 162 2254 ignis
174 2237 184 2252 ‚
217 2221 288 2256 quae
311 2216 377 2260 jam
398 2213 489 2246 co'ire
504 2210 698 2248 videbantur
713 2241 724 2256 ‚
742 2214 879 2249 omnino
898 2211 1116 2254 destruantur,
1132 2209 1191 2244 ubi
1207 2210 1312 2245 forma
1325 2207 1406 2256 ignis
1415 2216 1472 2239 ac-

82 2255 214 2294 cesserit.

115 2306 203 2341 Cum
217 2306 336 2342 animal
352 2311 564 2358 corrumpitur
582 2338 592 2352 ‚
615 2321 682 2345 non
699 2322 838 2359 pereunt
862 2311 975 2346 formae
995 2312 1097 2344 carnis
1109 2337 1118 2349 ,
1148 2308 1258 2349 nervi,
1278 2302 1350 2340 offis
1368 2331 1377 2347 ,
1397 2315 1470 2349 quae

82 2352 153 2402 ipfis
165 2355 264 2390 oculis
277 2358 498 2405 percipiuntur
510 2373 518 2395 ε
531 2371 609 2406 ergo
619 2358 723 2394 multo
734 2363 839 2396 minus
856 2371 995 2409 pereunt
1013 2356 1183 2393 miscibilia
1195 2384 1204 2399 ,
1223 2366 1277 2390 aut
1287 2353 1450 2389 elementa
1459 2381 1471 2395 ,

84 2414 123 2437 ex
135 2402 253 2452 quibus
269 2418 342 2441 caro
354 2417 409 2441 aut
421 2407 483 2443 offa
499 2407 665 2445 coaluere.
