1878 2724
357 128 414 172 ηε
833 131 836 134 >
895 114 923 152 1⁷
933 117 968 151 H
979 119 1010 152 Y
1020 119 1063 153 SI
1075 118 1106 154 C
1117 123 1155 155 ΛΕ

357 169 644 226 gyrat,&ubique
665 166 723 203 fibi
749 165 925 214 aequidistat
942 179 950 200 ε
972 168 1018 200 ita
1032 179 1069 202 ut
1085 169 1126 203 ad
1153 168 1291 205 eundern
1313 168 1389 205 coeli
1404 167 1512 205 locum
1528 180 1756 208 convertatur:

361 228 437 261 hinc
455 220 492 258 fit
504 231 539 254 ut
555 217 652 252 steilae
665 216 790 262 semper
807 214 945 263 aequales
958 215 1055 250 nobis
1071 220 1338 265 appareannNon
1356 221 1445 254 enim
1461 219 1561 254 niodo
1573 231 1665 254 terrae
1682 219 1757 269 glo-

361 274 422 310 bus
435 300 445 314 ‚
469 269 521 305 sed
538 268 637 301 etiam
662 276 749 300 totus
766 266 800 300 in
814 277 880 313 quo
898 263 1044 300 defertur
1063 265 1154 302 orbis
1168 294 1179 310 ,
1193 267 1309 315 puniti
1326 268 1423 304 instar
1443 268 1491 303 est
1504 296 1514 312 ,
1528 267 1549 303 fi
1560 281 1632 304 cum
1646 268 1755 305 firma·

362 331 476 359 mento
497 315 696 350 conferatur.

402 365 609 404 Dissimulare
630 375 740 399 tamen
767 375 833 398 nou
851 359 974 412 possum
995 364 1055 400 hac
1074 367 1109 402 in
1126 377 1160 400 re
1187 365 1302 401 durum
1325 363 1388 400 effe
1411 368 1587 416 Copernici
1612 365 1759 412 systema.

366 415 583 465 Respondent
607 414 640 448 id
660 416 790 448 mirum·
810 415 848 446 iis
867 415 973 448 videri
997 428 1062 450 non
1095 414 1215 450 debere
1236 443 1246 458 ,
1264 416 1319 462 qui
1336 415 1442 451 nullos
1460 417 1576 452 divinae
1603 417 1760 464 potentiae

368 468 525 503 terminos
540 462 762 516 praescribunt.
791 464 921 497 Deinde
933 463 1011 498 illud
1023 477 1058 498 ur
1071 463 1243 511 probabile
1266 464 1462 501 ostendimus
1473 493 1490 509 ‚v
1500 465 1603 500 stellas
1622 463 1774 514 ejusdem‘

369 517 430 552 ell’e
445 526 519 549 cum
534 513 599 547 sole
615 513 816 548 conditionis
830 541 840 555 ‚
856 511 994 561 ejusdcm
1012 513 1146 549 forsitan
1169 518 1202 550 &
1215 513 1310 548 molis
1324 530 1333 556 3
1349 526 1385 549 ac
1395 514 1496 550 solem
1516 514 1535 550 ὲ
1554 513 1764 550 firmamento
1778 530 1780 532 v

370 576 430 601 ceu
440 563 564 599 stellam
576 561 677 597 visum
694 563 741 598 iri.
760 563 833 597 Nec
848 562 980 598 demum
991 575 1122 611 magnus
1134 575 1226 598 terrae
1236 562 1325 597 orbis
1340 562 1405 598 sole
1418 563 1486 613 ipso
1506 568 1610 612 major
1626 574 1775 610 appare-⁷

370 625 442 650 ret:
460 624 576 660 corpus
593 612 681 647 enim
701 610 842 645 lucidum
853 612 884 645 in
896 612 1034 659 speciem
1047 613 1239 661 ampliorem
1253 612 1419 660 spargitur,
1435 624 1472 648 ut
1485 613 1594 647 videre
1607 612 1698 646 estin
1715 610 1767 646 lu·

373 674 477 699 cernae
498 661 630 697 flamma
647 664 774 696 eminus
792 658 948 708 spectatae
982 663 1036 695 Sic
1052 663 1186 710 Jupiter
1203 660 1272 695 fere
1297 663 1423 709 aequalis
1445 663 1575 697 videtur
1596 662 1627 695 ei
1648 659 1783 695 circulo·

372 725 472 761 quern
489 713 620 746 intimus
642 708 813 745 satellitum
832 709 886 743 suo
904 721 997 745 motu
1012 709 1169 746 describit.
1193 712 1267 746 Nec
1282 710 1427 755 demum,
1441 713 1612 758 inquiunt,
1624 709 1704 744 illud
1725 708 1770 743 est

374 760 545 798 verisimile
563 759 665 794 stellas
677 770 792 795 omnes
806 759 913 793 eidem
926 757 1051 806 sphaerae
1065 758 1126 794 effe
1136 757 1255 796 affixas.
1277 760 1410 795 Coelum
1419 762 1541 808 quippe
1554 758 1689 794 solidum
1703 770 1771 792 non

375 810 443 854 est,
463 809 514 844 sed
532 808 666 844 fluidum
680 820 759 844 :nec
774 805 898 844 neceffe
911 808 958 842 est
978 820 1013 843 ut
1027 808 1122 844 stellae
1135 810 1241 843 eidem
1264 809 1355 844 velut
1375 809 1645 844 circumferentia:
1669 806 1772 842 inhae-⁴

376 872 482 896 reanr.
499 860 589 895 Nam
602 870 717 907 corpus
729 857 870 893 lucidum
881 859 1007 904 optime
1019 860 1052 893 in
1066 858 1177 893 medio
1193 858 1396 894 constituitur
1409 887 1419 901 ,
1430 870 1466 893 ut
1478 858 1620 905 undique
1633 855 1773 904 fulgeat,
1786 884 1788 886 .

378 921 440 947 nec
453 908 671 943 commodem
688 918 832 941 extrema
842 904 1008 954 superficie
1024 907 1212 942 collocatur.
1236 907 1337 954 Qod
1356 906 1376 942 fi
1397 909 1492 955 igitur
1504 906 1549 942 sol
1567 917 1632 942 una
1651 917 1689 940 ex
1701 903 1788 940 fixis*

381 956 546 994 censeatur
557 985 568 1000 ‚
588 968 685 1003 atquc
697 967 811 991 omnes
822 953 881 990 sint
895 954 1083 991 immobiles
1094 984 1104 999 ,
1119 954 1176 991 nisi
1185 955 1270 991 forte
1279 958 1362 990 eirca
1374 957 1461 992 suum
1471 968 1614 1003 quaeque
1625 965 1789 990 centrum*

380 1019 501 1056 gyrent
514 1036 523 1050 ‚
536 1005 649 1041 melius
661 1016 866 1052 unaquaeque
886 1004 973 1039 stella
984 1006 1015 1041 in
1032 1017 1147 1041 centro
1163 1005 1206 1040 sui
1225 1007 1357 1041 vorticis
1379 1018 1478 1053 quam
1490 1008 1523 1040 in
1541 1004 1785 1038 circumferens

385 1058 430 1091 tia
450 1056 547 1091 instar
563 1053 636 1090 solis
654 1053 802 1089 consistit.
824 1054 914 1088 Hinc
933 1053 1020 1093 forte
1048 1066 1093 1089 eae
1109 1059 1247 1103 majores
1268 1066 1425 1103 apparent
1440 1066 1513 1101 quae
1527 1051 1621 1089 nobis
1645 1055 1778 1101 propio-a

385 1116 447 1142 res.
462 1105 526 1140 Sed
546 1117 618 1151 quae
635 1104 674 1137 ad
695 1103 874 1145 stellarum,
892 1104 960 1137 imo
976 1108 1010 1140 &
1030 1103 1235 1151 planetarum
1248 1103 1387 1139 theorias
1399 1106 1581 1152 pertinent,
1608 1103 1642 1137 in
1655 1103 1778 1149 postte·

384 1167 438 1190 ma
450 1152 569 1188 differt.
587 1163 804 1199 exequemur,
831 1149 920 1186 simul
933 1157 967 1189 δε
979 1152 1183 1188 ostendemus
1199 1165 1299 1201 quam
1319 1152 1416 1188 facile
1440 1151 1560 1188 Phases
1573 1153 1710 1187 Veneris
1723 1178 1734 1194 ,
1745 1154 1783 1187 &-

352 1208 369 1228 ’-
381 1203 589 1252 planetarum
600 1203 748 1236 omnium
762 1198 961 1236 excursiones
972 1201 1169 1250 explicentur
1177 1206 1210 1238 in
1226 1201 1394 1251 systemate
1407 1203 1609 1251 Copernici.»

404 1252 455 1287 .1d
474 1264 573 1285 unum
596 1250 745 1284 hocloco
757 1251 1002 1296 praetermittere
1023 1264 1090 1286 non
1108 1251 1267 1299 postumus
1277 1280 1286 1294 ‚
1301 1250 1518 1287 diversitatem
1533 1252 1661 1285 dierum
1671 1253 1707 1286 &
1719 1260 1781 1284 no-

390 1301 489 1335 <stium
505 1298 603 1347 paulo
619 1295 778 1332 difficilius
794 1299 824 1331 in
837 1297 899 1332 hoc
913 1296 1085 1346 systemate
1099 1299 1250 1348 explicari
1263 1312 1362 1348 quam
1373 1303 1406 1336 in
1420 1299 1624 1336 Ptolemaico
1639 1308 1783 1335 :tamet-

390 1348 411 1383 si
428 1349 512 1382 eain
529 1345 649 1395 sphaera
659 1347 871 1394 Copernicaea
885 1345 955 1382 satis
970 1348 1145 1383 commode
1158 1348 1338 1397 explicatur
1353 1378 1363 1394 ,
1383 1361 1516 1398 propter
1530 1351 1595 1383 axis
1608 1344 1784 1396 parallelis-

390 1410 481 1433 mum
494 1425 504 1440 ,
526 1402 559 1433 &
575 1394 664 1430 orbis
684 1397 790 1443 magni
820 1407 892 1430 cum
917 1394 1125 1432 firmamento
1143 1397 1254 1432 collati
1274 1397 1489 1433 insensibilem
1513 1396 1785 1447 magnitudinem.

393 1450 466 1481 Imo
481 1448 514 1480 in
531 1444 654 1492 vulgari
670 1443 783 1493 sphaera
794 1443 814 1478 fi
825 1443 998 1491 gYobcrlum
1015 1457 1103 1480 tz'rrae
1122 1448 1154 1481 in
1170 1447 1278 1481 medio
1292 1446 1429 1495 positum
1446 1475 1456 1490 ‚
1487 1445 1588 1482 solem
1603 1444 1704 1494 ipsum
1723 1442 1786 1480 effe

394 1494 499 1543 fingas
510 1522 520 1537 ‚
533 1500 565 1530 δι
581 1492 680 1541 pilam
696 1493 746 1527 vel
770 1493 943 1541 globulum
953 1493 991 1529 fic
1001 1493 1148 1530 manibus
1167 1494 1223 1529 sub
1237 1497 1382 1531 Zodiaco
1392 1497 1548 1545 paulatim
1561 1495 1788 1537 circumducas,

395 1556 431 1579 ut
449 1543 532 1578 ilius
551 1544 617 1577 axis
639 1541 759 1589 ubique
773 1541 830 1576 sibi
846 1541 882 1577 fit
896 1543 1064 1590 parallelus
1081 1558 1088 1579 :
1102 1543 1186 1578 Cum
1201 1546 1236 1579 in
1249 1547 1410 1594 principio
1435 1546 1552 1580 Arietis
1570 1543 1788 1586 constituetur,

395 1603 531 1639 uterque
552 1591 635 1625 illius
651 1591 740 1638 polus
757 1593 790 1626 in
808 1590 958 1627 confinio*
970 1594 1067 1640 partis
1084 1592 1241 1628 illustratae
1263 1599 1297 1630 ὃ(
1313 1593 1452 1629 obscurae
1467 1591 1644 1627 versabitur
1658 1589 1789 1639 ‚ficque

397 1642 462 1676 dies
481 1638 661 1688 aequabitur
673 1641 781 1675 noffi:
804 1639 855 1675 sed
873 1640 927 1675 ubi
949 1653 1039 1676 terrae
1059 1640 1195 1690 globum
1211 1642 1316 1677 versus
1342 1644 1535 1691 principium
1552 1643 1657 1676 cancri
1676 1640 1792 1689 paula·

401 1692 462 1726 tim
481 1688 710 1738 promovebis,
728 1691 793 1723 axis
806 1690 919 1726 itidem
932 1702 1022 1724 terrae
1038 1689 1179 1726 senfimet
1197 1690 1262 1726 sole
1271 1691 1469 1735 declinabit,
1485 1703 1619 1738 tumque
1629 1689 1675 1725 sol
1694 1689 1794 1724 radiis

401 1742 542 1775 maxime
557 1737 700 1784 obliqu's
711 1739 829 1773 nostras
845 1741 995 1787 regiones
1009 1739 1233 1784 collustrabit5
1256 1753 1293 1774 ac
1312 1741 1445 1775 demum
1456 1739 1550 1788 polus
1571 1740 1717 1775 Arfflcus
1732 1738 1793 1772 he-

403 1786 586 1834 niisphaer³2o
616 1785 789 1820 tenebroso
813 1786 909 1821 altius
931 1788 1168 1834 immergetur;
1191 1787 1287 1822 nobis
1305 1789 1388 1822 adeo
1402 1789 1476 1822 huic
1488 1787 1568 1834 polo
1589 1790 1704 1822 vicinis
1725 1787 1808 1821 dies-

403 1834 580 1870 brevislimi
592 1836 792 1881 contingent.
809 1835 871 1869 Sed
882 1835 937 1882 qui
951 1835 1131 1870 Australem
1144 1835 1271 1884 plagam
1292 1836 1519 1877 incolunt,tum
1534 1835 1664 1880 aestate,
1675 1841 1708 1873 δι
1723 1836 1797 1870 die..

404 1883 465 1919 bus
476 1881 662 1931 longiffimis
682 1882 827 1918 fruentur
838 1912 847 1927 ,
859 1883 949 1931 quod
969 1895 1080 1918 eorum
1091 1883 1181 1931 polus
1195 1884 1233 1918 ad
1248 1883 1348 1920 solem
1359 1887 1498 1921 maxime
1515 1883 1649 1920 inclinet
1662 1912 1674 1929 ‚
1692 1895 1799 1934 atque·

405 1936 431 1969 is
440 1934 472 1968 in
484 1945 609 1980 partem
622 1934 639 1968 ἐι
654 1931 720 1966 sole
731 1932 915 1967 irradiatam
929 1932 1067 1968 multum
1080 1945 1328 1980 promoveatur,

442 1984 519 2030 Jam
532 1979 636 2029 globo
652 1979 789 2015 'terrestri
807 1980 846 2014 ad
865 1983 1058 2029 principium
1079 1980 1182 2016 Librae
1197 1983 1372 2018 accedente
1385 2012 1395 2027 ,
1408 1993 1476 2018 tum
1494 1982 1588 2031 polus
1607 1981 1704 2018 nobis
1716 1993 1796 2018 con-

406 2030 526 2080 spicuus
544 2029 699 2077 paulatim
712 2030 751 2063 ad
763 2028 861 2064 solem
873 2031 999 2065 accedit
1011 2059 1019 2073 ,
1035 2043 1072 2064 ac
1088 2032 1218 2066 tandem
1239 2034 1270 2067 in
1297 2034 1395 2082 partis
1418 2032 1578 2067 illustratae
1596 2037 1630 2070 δε
1655 2029 1800 2067 obscurae

407 2078 551 2114 confinio
563 2078 714 2116 existens.
728 2079 794 2112 dies
804 2077 904 2113 rursus
918 2080 1007 2114 noeti
1021 2092 1165 2127 aequatur
1175 2109 1186 2123 ‚
1201 2092 1334 2129 tumque
1345 2081 1390 2116 sol
1402 2081 1487 2128 quasi
1506 2080 1582 2117 effer
1597 2083 1629 2116 in
1640 2081 1802 2128 principio

410 2130 532 2166 Arietis
546 2128 694 2161 cernitur.
714 2129 866 2172 Denique
881 2140 955 2162 cum
965 2128 1079 2177 globus
1092 2141 1173 2164 terre
1181 2130 1247 2164 stris
1261 2132 1303 2166 ad
1313 2132 1506 2180 principium
1522 2130 1714 2176 Capricorni
1727 2140 1803 2176 perd

411 2179 601 2219 venit‚tum
613 2175 704 2220 polus
718 2177 861 2211 Areticus
881 2180 1021 2212 maxime
1038 2179 1075 2212 ad
1087 2177 1186 2214 solt-m
1206 2179 1395 2224 inclinatus,
1412 2191 1508 2227 atque
1526 2180 1558 2213 in
1572 2188 1697 2226 partem
1722 2179 1800 2211 irra-

412 2229 534 2262 diatam
545 2224 694 2261 altiffime
707 2227 879 2273 provectus
893 2226 950 2262 est.
966 2229 1054 2262 Hinc
1073 2226 1118 2262 sol
1135 2229 1238 2263 radios
1254 2230 1442 2265 direffiores
1459 2226 1565 2262 vibrat
1576 2256 1585 2270 ,
1598 2232 1631 2264 δε
1647 2227 1715 2261 dies
1729 2225 1800 2261 lon-

413 2274 529 2323 gisfimi
546 2273 727 2310 efficiuntur
745 2288 753 2308 ε
776 2273 930 2321 siquidem
946 2289 1015 2323 pars
1028 2288 1049 2311 ts
1064 2289 1119 2310 rrae
1139 2279 1170 2312 in
1188 2290 1248 2324 qua
1272 2279 1435 2317 degimus,
1452 2287 1540 2310 motu
1552 2276 1668 2312 diurno
1687 2273 1802 2316 desen}

414 2323 464 2360 bit
485 2325 638 2359 circulum
651 2323 840 2371 parallelum
852 2353 861 2368 ,
871 2329 954 2373 cujus
971 2332 1071 2375 major
1085 2327 1193 2374 portio
1204 2326 1249 2361 sol
1271 2318 1357 2361 ribus
1368 2326 1463 2359 radiis
1478 2325 1687 2361 collustratur.

449 2376 494 2411 Ex
514 2372 630 2422 quibus
657 2371 732 2410 fane
757 2373 863 2423 liquet
877 2373 1024 2424 ,systema
1048 2376 1367 2425 Copernicaeum‚›ut
1385 2373 1591 2424 hypothesim
1611 2375 1803 2424 phaenomaeg

1858 1518 1873 1534 ¹.

1861 1541 1873 1566 7
