1878 2724
555 93 624 131 DE
663 94 1004 132 FOSSILIBUS.
1400 118 1404 123 ·
1433 111 1449 134 2

81 145 152 181 sunt
165 171 175 187 ,
188 143 319 180 efflnxus
332 144 504 192 magnerici
517 157 582 179 non
592 145 798 179 mediocriter
811 144 993 187 declinent,
1005 156 1070 179 non
1079 142 1171 179 aliter
1180 154 1277 192 atque
1295 156 1367 180 acus
1385 113 1465 181 titiu-3

84 195 145 228 tica
159 195 239 228 intra
253 192 402 241 sphaeram
416 195 591 228 afflvitatis
601 193 729 241 alicujus
744 195 901 241 magnetis
924 193 1038 228 inclusa
1050 221 1059 235 ,
1081 196 1236 241 magnetis
1256 193 1336 240 polis
1354 193 1460 230 insistit

83 242 121 277 ad
132 241 412 289 perpendiculum,
429 241 482 277 nisi
496 241 581 277 forte
597 241 683 277 aliud
694 242 813 276 ferrum
826 241 862 276 sit
873 244 1059 290 proximum
1075 269 1084 284 ,
1102 243 1189 288 quod
1209 254 1299 276 acum
1309 243 1459 278 nonnihil

83 288 243 325 declinare
259 302 365 340 cogat.
385 292 565 338 Utcunque
583 303 633 325 res
655 289 686 324 se
700 290 820 333 habeat
831 318 841 332 ,
865 291 898 324 id
923 302 1048 325 certum
1067 292 1194 325 videtur
1207 293 1274 325 vim
1291 290 1379 325 illam
1393 304 1458 339 qua

82 349 209 386 magnes
221 340 261 373 ad
274 339 366 388 polos
376 368 387 384 ‚
407 352 459 374 aut
471 351 576 387 partes
590 341 627 373 iis
638 341 799 386 proximas
815 341 1016 374 convenitur
1029 368 1038 383 ,
1048 338 1067 374 ἒι
1080 351 1160 375 terta
1174 339 1238 387 ipsa
1247 339 1423 376 dimanare.

114 388 157 422 Ex
175 387 292 434 quibus
312 388 452 436 sequitur
468 390 572 436 primo
581 387 704 424 nullum
715 387 774 423 effe
789 385 878 422 usum
895 388 1018 436 pyxidis
1038 390 1170 423 nauticae
1186 391 1218 423 in
1237 389 1274 422 iis
1293 387 1371 422 locis
1385 401 1455 436 quse

79 434 148 470 fiint
159 435 233 483 polo
245 440 391 484 proxima
403 452 411 474 ε
422 449 491 472 tum
500 439 586 472 enim
604 434 732 471 effluvia
741 438 922 483 magnetica
934 464 943 478 ,
959 448 1030 483 quae
1041 436 1062 472 ἐι
1073 436 1153 484 polo
1167 449 1256 472 terrae
1267 436 1306 470 ad
1318 448 1450 484 perpen-

78 483 215 518 diculum
227 482 370 521 defluunt
383 514 393 528 ,
406 498 498 520 acum
508 485 605 534 ipsam
616 487 651 520 in
660 485 773 520 omnes
783 495 887 531 partes
900 485 1078 520 horizontis
1091 484 1154 522 fine
1167 485 1345 521 discrimine
1359 485 1456 522 defle.

79 533 181 570 stunt:
198 535 286 581 quod
302 536 411 571 Batavi
430 537 465 571 in
484 534 538 569 suo
550 536 714 570 itinerario
733 530 765 568 se
779 544 928 580 expertos
943 533 1095 570 referunt.

592 630 740 666 Secunda
758 629 929 676 Conclusio.

105 728 163 762 Vis
181 732 362 779 magnetica
377 741 442 777 qna
457 729 575 765 ferrum
588 738 643 762 aut
657 727 754 762 alium
770 739 959 777 magnetem
983 729 1024 764 ad
1042 729 1073 764 se
1089 731 1172 779 rapit
1187 758 1197 772 ‚
1215 743 1282 766 non
1301 733 1322 769 ὸ,
1343 733 1448 770 forma

71 774 267 813 substantiali
276 781 431 828 magnetis
441 807 451 822 ,
465 790 520 814 aut
533 777 689 825 qualitate
700 776 838 819 occulta,
848 777 898 811 sed
913 777 933 812 a
942 777 1135 814 mechanicis
1145 781 1310 828 principiis
1327 785 1444 828 oritur;

70 837 177 872 neque
187 828 230 862 est
241 830 356 863 trastio
369 829 497 875 proprie
515 827 600 862 dieta
612 854 621 868 ,
636 825 687 859 sed
707 824 863 873 impulfio.

118 874 208 909 Prob.
226 878 323 913 concl.
344 879 418 912 Pars
432 878 555 924 prima:
574 877 622 910 vis
640 874 695 909 illa
710 875 892 922 magnetica
914 876 994 910 citra
1016 876 1228 912 mutationem
1250 876 1363 913 forrnae
1374 877 1446 913 sub-

68 921 215 959 stantialis
230 923 316 960 ferro
336 935 392 960 aut
403 926 548 973 magneti
561 923 688 958 accidit.

98 972 209 1007 Primo
226 985 298 1008 cum
319 973 438 1008 ferrum
453 976 521 1008 vim
532 974 748 1020 magneticam
764 972 983 1023 haufit,quod
1000 973 1020 1009 ὲ
1036 974 1148 1009 dextra
1157 974 1198 1008 ad
1214 973 1366 1010 sinistram
1386 989 1446 1024 po-

66 1018 131 1055 lum
143 1024 300 1069 magnetis
312 1024 364 1058 vix
379 1024 522 1071 attigerit
535 1021 691 1065 3eandem
705 1023 771 1056 vim
782 1022 890 1059 statim
903 1025 1010 1065 exuit,
1025 1021 1045 1056 fi
1055 1023 1151 1056 ἀιιᾶι]
1165 1026 1326 1059 contrario
1339 1024 1360 1059 εὶ
1369 1024 1443 1059 fini-

65 1069 122 1103 stra
134 1070 168 1104 in
179 1070 321 1106 dextram
335 1082 466 1119 tangat:
487 1077 521 1107 &
540 1081 650 1104 tamen
671 1069 783 1103 eadem
802 1083 912 1106 manet
929 1071 1032 1106 forma
1054 1069 1284 1115 substantiali53
1306 1084 1364 1107 nec
1381 1073 1443 1108 alia

64 1116 135 1152 fieri
148 1119 255 1166 potest
273 1122 407 1154 mutatio
422 1119 476 1154 nili
499 1122 532 1154 in
559 1117 750 1153 mechanicis
769 1117 995 1155 affectionibus
1014 1133 1022 1154 z
1040 1118 1091 1154 vel
1114 1120 1201 1166 quod
1217 1132 1340 1155 meatus
1365 1121 1442 1155 ferti

63 1177 151 1201 certa
167 1169 293 1203 ratione
307 1169 501 1216 aperiantur,
518 1167 572 1203 vel
585 1165 674 1214 quod
691 1165 774 1201 illius
786 1168 947 1215 patticulae
959 1181 1025 1203 uno
1036 1168 1132 1203 ductu
1148 1167 1334 1204 attollantur
1345 1199 1355 1214 ‚
1374 1169 1439 1206 alio

64 1215 294 1263 deprimantur.
821 1244 824 1246 .

105 1278 132 1300 ι..
161 1265 248 1301 Cum
270 1264 399 1300 frustula
412 1264 578 1300 debilioris
596 1267 753 1314 magnetis
779 1263 838 1300 suis
850 1264 932 1313 polis
950 1266 1121 1308 instructa,
1147 1263 1239 1312 polos
1255 1263 1324 1299 suos
1347 1277 1438 1300 com-

61 1321 188 1348 mutant
203 1325 242 1348 ex
261 1316 434 1362 vegetioris
459 1315 610 1349 contaCtu
626 1342 636 1357 ,
660 1325 694 1348 ut
713 1313 743 1348 se
757 1325 921 1362 expertum
941 1315 1038 1349 docet
1060 1313 1212 1362 Boylius;
1229 1325 1266 1347 ac
1283 1325 1384 1361 nuper
1402 1317 1437 1349 in

60 1362 235 1396 Academia
248 1363 390 1397 ostendit
412 1364 582 1411 Hugenius
596 1390 605 1405 ,
618 1364 742 1411 optimo
764 1374 913 1410 magnete
932 1365 989 1410 qui
1007 1363 1053 1398 est
1079 1374 1176 1411 penes
1201 1365 1244 1397 D.
1262 1365 1410 1397 Carcavi
1423 1390 1434 1405 ,

60 1409 136 1444 usus.
164 1413 230 1446 Hic
249 1413 336 1446 enim
357 1409 508 1446 debiliori
532 1413 674 1459 magneti
685 1412 831 1446 admotus
850 1410 941 1458 polos
958 1424 1041 1459 pene
1056 1414 1087 1446 in
1103 1422 1271 1445 momento
1285 1422 1429 1447 commu.

60 1460 159 1495 tavit:
172 1460 260 1507 quod
271 1459 357 1494 forte
370 1459 502 1495 effluxus
513 1459 554 1494 ab
567 1472 608 1494 eo
618 1462 780 1494 turmatim
799 1471 1002 1508 erumpentes
1023 1459 1117 1495 villos
1131 1470 1187 1493 aut
1210 1457 1340 1493 fibrillas
1355 1471 1432 1494 ante

57 1503 192 1542 sublatas
205 1508 397 1556 deprimant.
418 1512 482 1544 Aut
490 1508 577 1555 quod
587 1509 674 1543 idem
691 1508 818 1543 testatur
840 1508 985 1556 Boylius‚
1001 1521 1074 1543 cum
1083 1519 1212 1555 magnes
1230 1509 1345 1555 ignitus
1359 1508 1431 1542 vim

57 1554 143 1591 suam
159 1569 274 1605 magna
290 1570 326 1592 ex
341 1569 431 1604 parte
449 1559 554 1599 exuit,
567 1561 601 1593 &
612 1557 702 1604 polos
720 1568 899 1591 commutat
910 1585 918 1600 ‚
936 1555 956 1590 fi
971 1558 1132 1592 contrario
1148 1555 1203 1590 situ
1220 1555 1262 1589 ab
1277 1555 1377 1589 austro
1395 1558 1429 1591 in

56 1601 190 1640 boream
204 1617 278 1648 ‚aut
289 1604 419 1641 vicissim
433 1604 615 1653 refrigescat
629 1620 636 1641 ε
662 1617 731 1640 tum
748 1604 820 1639 sane
837 1617 874 1638 ex
889 1607 1075 1652 magneticis
1095 1615 1184 1639 terrae
1204 1602 1339 1638 effluviis
1361 1606 1428 1639 vim

3 1691 5 1693 ,
55 1652 253 1688 directricem
268 1654 373 1689 haurit
392 1656 586 1689 contrariam
599 1655 628 1687 ei
641 1666 738 1700 qnam
753 1652 794 1686 ab
809 1652 872 1701 ipsa
888 1654 996 1689 fodina
1007 1651 1223 1702 depromserat
1242 1667 1249 1688 :
1264 1664 1323 1687 nec
1336 1654 1430 1698 quic-

53 1713 153 1747 quam
166 1701 215 1736 hic
227 1706 304 1737 novi
318 1703 436 1738 accidit
446 1714 560 1751 praeter
575 1702 758 1736 mechanica
769 1704 931 1750 principia.
957 1703 1046 1745 Quin
1067 1704 1166 1736 etiam
1183 1700 1272 1735 idern
1294 1700 1427 1735 testatur

55 1748 84 1785 se
100 1752 133 1785 in
154 1762 243 1785 certo
269 1751 372 1786 ochrae
393 1751 575 1800 Anglicanae
595 1763 712 1796 genere
726 1752 792 1784 vim
823 1755 1037 1799 magneticam
1055 1760 1220 1798 expertum
1239 1747 1299 1784 else
1315 1777 1324 1791 ‚
1342 1750 1428 1796 post..

53 1810 151 1844 quam
166 1798 296 1848 figuram
312 1801 460 1835 idoneam
472 1798 658 1848 accepisset,
673 1804 705 1836 ὃ(
719 1801 785 1847 igni
799 1799 985 1846 aliquandiu
1002 1798 1077 1834 elset
1093 1797 1235 1845 exposita
1248 1827 1258 1841 ,
1281 1809 1318 1831 ac
1337 1801 1427 1843 juxta

53 1845 170 1882 lineam
184 1849 391 1884 meridianam
403 1848 456 1883 vel
472 1849 511 1883 ad
520 1847 781 1897 perpendiculum
790 1859 825 1883 ut
839 1846 1057 1897 refrigesceret
1070 1876 1080 1892 ,
1092 1847 1197 1882 eresta
1212 1861 1220 1883 :
1238 1849 1271 1882 in
1294 1846 1341 1880 his
1352 1844 1427 1882 sane

51 1907 117 1931 non
127 1896 211 1931 aliud
226 1909 324 1943 quam
340 1900 479 1946 partium
498 1909 620 1932 textura
636 1908 759 1932 mutata
773 1896 848 1933 fuit.

87 1959 113 1990 3.
132 1943 211 1994 Jam
227 1945 314 1992 supra
326 1945 506 1981 monuimus
517 1944 645 1995 virgam
661 1946 797 1981 ferream
821 1945 872 1981 vel
886 1945 952 1981 solo
962 1947 1113 1981 contactu
1134 1946 1202 1980 vim
1218 1944 1423 1979 discetticem

51 1991 71 2028 ἒι
86 2004 168 2028 terra
183 1994 329 2037 haurire,
344 1994 395 2029 sed
406 2007 475 2041 quae
495 2005 605 2029 tamen
618 1993 713 2028 facile
733 1994 1130 2030 evanescat:constantem
1152 2007 1231 2028 vero
1250 1992 1309 2028 else
1336 1993 1426 2028 illam

51 2043 116 2076 vim
127 2071 138 2086 ‚
155 2056 228 2078 cum
245 2042 363 2078 ferrum
379 2045 514 2091 ignitum
525 2042 563 2076 ad
573 2042 834 2090 perpendiculum
846 2055 932 2077 terrae
946 2042 1086 2078 insistens
1099 2041 1275 2091 refrigescit
1287 2071 1296 2084 ,
1306 2054 1359 2076 aut
1369 2042 1425 2076 diu

51 2089 110 2125 stat
123 2092 162 2125 ad
175 2091 447 2140 perpendiculum.
465 2094 550 2126 Turn
563 2093 649 2125 enim
660 2102 714 2125 aut
727 2090 872 2139 longiore
886 2091 941 2126 fitu
952 2121 960 2134 ‚
979 2103 1033 2126 aut
1047 2091 1153 2126 calore
1168 2093 1251 2139 ignis
1272 2092 1305 2125 in
1324 2101 1422 2138 parti-

51 2137 107 2172 bus
118 2139 194 2174 ferri
212 2153 328 2188 magna
343 2139 378 2175 fit
393 2141 538 2174 mutatio.
560 2141 641 2173 Fieri
649 2142 746 2174 etiam
760 2140 866 2187 potest
877 2153 913 2175 ut
929 2143 963 2174 vi
976 2141 1088 2174 caloris
1107 2140 1241 2174 laxiores
1253 2151 1346 2185 poros
1364 2165 1372 2178 ,
1387 2143 1421 2172 ἅτ

49 2188 372 2234 partesflxxibiliores
390 2189 570 2236 magnetica
585 2198 672 2221 terrae
689 2187 815 2222 effluvia
830 2189 869 2222 ad
889 2188 932 2223 sui
950 2189 1059 2224 motus
1079 2188 1163 2236 leges
1182 2185 1308 2221 facilius
1329 2185 1420 2220 infle-

51 2236 148 2272 etant.
164 2238 287 2273 Contra
304 2241 335 2273 in
352 2248 502 2286 magnete
516 2237 627 2270 evenit
645 2238 701 2282 qni
717 2236 822 2272 calore
841 2239 920 2284 ignis
933 2267 942 2281 ‚
960 2249 1014 2272 aut
1029 2249 1131 2285 pravo
1150 2234 1222 2277 situ,
1244 2236 1275 2267 vi
1295 2232 1343 2267 sta
1366 2232 1421 2267 vel

48 2282 172 2321 exuitur
185 2315 194 2329 ‚
203 2287 258 2321 vel
271 2287 381 2334 aliqua
398 2298 436 2320 ex
455 2296 543 2334 parte
554 2284 736 2328 muletatur.
748 2287 834 2320 Tum
846 2289 932 2321 enim
945 2287 982 2320 ad
997 2295 1202 2320 communem
1228 2282 1304 2316 ferri
1328 2293 1421 2315 natu-

48 2343 114 2369 ram
126 2348 189 2383 qno
201 2334 361 2381 abundat,
375 2346 430 2371 aut
442 2335 549 2384 potius
564 2334 603 2368 ad
616 2332 726 2368 ferreae
744 2345 833 2369 venae
850 2333 964 2370 sortem
985 2334 1181 2382 deprimitur.
1199 2333 1282 2378 Qae
1300 2331 1420 2374 omnia,
