1878 2724
439 150 498 184 224
747 132 1190 170 PHYSICAEPARS
1228 133 1519 174 SECUNDA?
1785 176 1787 178 ,

443 198 475 220 ta
493 184 604 220 sumit:
618 181 700 217 adeo
714 194 749 217 ut
761 184 872 218 oculos
888 182 1023 233 effugiat
1033 185 1065 218 in
1073 182 1261 231 digressione
1275 185 1438 221 Orientali
1451 203 1460 230 ;
1471 184 1526 220 sub
1540 184 1703 234 aspestum
1713 188 1823 224 veniat

444 237 477 269 in
492 230 682 280 digressione
699 230 920 267 Occidentali.
1663 244 1666 246 ’

478 283 599 326 Neque
618 279 664 313 hae
678 279 909 315 vicissitudines
921 280 1050 317 luminis
1062 281 1135 317 hinc
1145 284 1222 316 oriri
1235 280 1360 330 possunt
1371 311 1382 326 ‚
1401 284 1490 330 quod
1501 284 1663 331 inaequalis
1679 284 1714 320 fit
1739 283 1824 320 illius
1874 278 1878 318 ,³

410 340 412 342 ’
440 331 460 366 ἐι
471 329 534 364 sole
549 357 559 372 ,
569 339 623 362 aut
635 327 654 363 a
671 340 753 362 terra
766 330 913 365 distantia
932 345 939 366 :
955 332 1008 365 vix
1021 333 1110 367 enim
1127 329 1295 366 centesima
1305 343 1395 379 parte
1409 332 1558 367 distantiae
1574 334 1594 368 a
1608 332 1672 368 sole
1686 334 1753 369 haec
1760 346 1825 370 va-

439 383 536 412 riatur
550 406 560 419 ,
579 379 647 411 imo
665 389 732 412 tum
751 380 936 415 imminutio
954 379 1085 415 luminis
1098 383 1226 423 evenit,
1241 393 1314 414 cum
1332 380 1452 429 aparte
1469 380 1613 429 suprema
1633 382 1692 417 suae
1710 381 1825 417 orbitae

441 428 481 461 ad
491 426 680 462 inferiorem
691 427 832 463 &nobis
845 430 1030 477 propiorem
1041 430 1174 464 accedit.
1188 432 1308 476 Neque
1324 430 1355 462 id
1369 430 1430 462 dici
1444 430 1546 476 potest
1557 430 1641 465 hunc
1654 430 1826 467 satellitem
1874 436 1875 439 ’

440 476 540 510 instar
554 475 636 510 lunae
654 477 852 512 incrementa
870 478 999 513 luminis
1012 476 1115 512 subire
1130 507 1138 520 ‚
1150 490 1184 512 ut
1202 490 1292 513 varie
1308 477 1365 512 soli
1380 483 1412 513 &
1436 489 1523 511 terra:
1536 480 1729 526 opponitur:
1748 492 1825 515 nam
1876 474 1878 497 ²

439 527 472 559 in
488 536 575 560 tanta
588 524 738 559 distantia
755 524 879 575 semper
894 526 997 561 lucere
1009 525 1109 561 debet
1120 555 1130 570 ‚
1150 539 1186 562 ut
1201 530 1351 562 Saturnus
1362 525 1426 574 ipse
1440 529 1496 573 qui
1506 526 1630 576 semper
1643 528 1823 577 completur

438 574 573 610 lumine.

472 627 585 671 Qire
603 637 669 659 non
687 624 750 659 alia
763 628 901 660 occurrit
910 626 998 675 hujus
1010 626 1230 661 vicissitudinis
1240 624 1330 660 causa
1341 655 1350 668 ‚
1362 638 1460 672 quam
1474 625 1560 674 quod
1583 637 1653 673 pars
1676 625 1762 661 illins
1779 627 1825 661 sa-

437 672 550 707 tellitis
570 672 678 708 lumen
689 674 757 708 satis
768 686 920 722 vegetum
937 676 1082 712 refledtat
1098 705 1107 719 ,
1123 675 1224 710 altera
1238 676 1270 709 id
1286 674 1452 709 refleetere
1471 689 1536 709 non
1558 673 1680 722 possit3
1700 675 1769 710 fere
1791 685 1825 710 ut

409 730 413 731 ⁷
437 725 470 757 in
487 721 590 771 globo
605 722 726 757 telluris
739 724 856 757 accidit
866 751 875 766 ,
888 729 971 770 cujus
982 737 1052 773 pars
1065 726 1153 771 aquis
1163 726 1290 760 Oceani
1303 723 1447 758 obducta
1461 737 1526 759 non
1543 721 1613 756 satis
1630 724 1674 757 est
1687 723 1819 766 idonea,

434 783 506 818 quae
521 771 627 805 radios
648 770 762 806 solares
776 783 920 820 regerat:
936 785 1009 808 cum
1025 773 1045 808 ὲι
1056 775 1244 808 continente
1260 773 1338 807 radii
1353 774 1385 807 in
1406 785 1518 807 omnes
1545 783 1651 820 partes
1675 770 1827 808 resiliant.-

424 823 548 868 'Itaque
562 820 613 854 hic
625 819 750 855 satelles
761 832 817 855 aut
828 823 911 855 circa
924 821 1013 857 suum
1023 833 1117 856 axem
1131 833 1297 869 torquetur
1313 837 1323 864 ·,
1340 832 1395 856 aut
1415 821 1501 856 idem
1517 824 1654 855 Saturno
1670 847 1680 862 ,
1698 832 1735 856 ut
1750 820 1824 856 luna

435 880 526 904 terrae
538 868 803 916 haemisphaerium
817 868 964 905 obvertit
977 886 984 907 :
995 883 1133 916 cumque
1143 883 1215 918 pars
1231 872 1411 905 continenti
1428 869 1564 918 analoga
1585 880 1675 903 terra:
1691 869 1816 904 obver-

435 920 512 952 titur
526 947 535 961 ‚
549 930 615 952 tum
629 918 682 952 sub
694 917 846 953 obtutum
859 921 950 953 venit
964 934 972 955 :
993 931 1028 954 ut
1039 918 1120 955 visus
1130 922 1234 954 aciem
1246 920 1330 968 fugit
1342 947 1352 962 ,
1362 919 1493 966 quando
1505 930 1575 967 pars
1600 920 1739 953 Oceano
1752 931 1823 954 ana-

435 966 509 1014 loga
530 967 570 1001 ad
586 978 702 1002 tetram
713 968 920 1002 convertitur.

470 1014 702 1063 Qamobrfm
711 1028 785 1051 cum
800 1018 952 1051 Saturnus
964 1015 1061 1051 satis&
1079 1016 1145 1052 sole
1170 1018 1264 1052 distat
1278 1045 1286 1059 ,
1305 1027 1340 1050 ut
1357 1016 1410 1050 hic
1435 1014 1558 1051 satelles
1583 1017 1685 1050 videri
1702 1013 1827 1064 possit,'

433 1065 558 1112 semper
578 1066 612 1098 in
624 1064 766 1100 occiduis
779 1064 1024 1113 digressionibus
1036 1064 1067 1099 se
1083 1067 1258 1101 videndum
1268 1064 1392 1114 praebet
1407 1066 1492 1100 :imo
1502 1070 1534 1101 &
1544 1067 1576 1098 in
1589 1075 1724 1111 utraque
1744 1076 1820 1099 cum

432 1115 571 1148 Saturno
586 1114 819 1160 conjunfflone
831 1142 840 1156 ‚
853 1114 930 1148 dum
951 1125 1068 1161 magna
1081 1114 1117 1149 fit
1133 1114 1217 1150 illius
1230 1114 1379 1149 latitudo,
1398 1115 1441 1148 At
1458 1125 1622 1159 uunquam
1637 1113 1740 1147 videri
1761 1125 1822 1160 po-

432 1164 494 1197 tuit
512 1164 544 1196 in
557 1163 701 1195 maxima
711 1161 904 1209 digressione
916 1162 1099 1199 Orientali:
1116 1163 1166 1197 sed
1188 1175 1244 1211 per
1261 1165 1421 1210 integrum
1437 1160 1580 1197 mensem
1593 1160 1714 1210 semper
1732 1161 1815 1196 deli-

434 1210 533 1247 tescit.
549 1212 633 1256 Qae
643 1222 728 1244 anno
746 1223 757 1244 1
770 1216 825 1256 673
847 1210 980 1246 definita
995 1211 1086 1247 fuitii
1108 1211 1242 1247 Cassino
1259 1210 1423 1246 revolutio
1443 1212 1526 1245 intra
1545 1212 1596 1246 80.
1618 1210 1686 1244 dics
1697 1238 1707 1254 ‚
1727 1222 1766 1244 ex
1780 1222 1824 1245 eo

434 1270 584 1306 tempore
593 1258 655 1292 fuit
665 1257 872 1294 confirmata:
888 1262 933 1293 ita
945 1270 982 1293 ut
993 1260 1079 1295 diem
1090 1261 1242 1295 duntaxat
1257 1262 1416 1308 integrum
1429 1261 1510 1293 intra
1527 1271 1646 1293 novem
1662 1259 1814 1306 periodos

434 1317 624 1342 antevertat.
656 1308 692 1340 ln
710 1318 843 1353 utraque
857 1320 932 1342 cum
945 1310 1080 1343 Saturno
1100 1310 1327 1355 conjunctione
1346 1308 1429 1342 illius
1454 1318 1587 1354 augetur
1607 1307 1742 1341 latitudo
1767 1318 1822 1341 ea-

435 1357 510 1391 dem
522 1357 646 1390 ratione
659 1383 669 1397 ‚
683 1367 744 1401 qua
757 1355 889 1390 annulus
901 1355 1072 1393 dilatatur:
1088 1357 1143 1392 etsi
1154 1356 1260 1392 orbita
1269 1369 1365 1404 quam
1377 1356 1429 1390 suo
1442 1367 1531 1390 motu
1543 1354 1693 1389 describit
1711 1355 1819 1391 annuli

435 1403 697 1440 circumferentiae
709 1416 775 1439 non
791 1402 828 1439 sit
845 1403 995 1454 parallela
1006 1433 1017 1448 ,
1032 1417 1068 1441 ut
1078 1409 1112 1441 in
1123 1405 1249 1440 duobus
1261 1408 1371 1454 primis
1384 1403 1549 1440 satellibus
1560 1406 1731 1452 contingit.

972 1469 1004 1504 C
1030 1470 1059 1505 A
1081 1471 1106 1505 P
1129 1472 1166 1507 U
1196 1472 1227 1505 T
1270 1472 1314 1504 X.

591 1539 749 1572 stationes
764 1566 773 1581 ‚
789 1536 988 1575 direrfliones,
1005 1533 1044 1570 ὦ·
1067 1537 1216 1586 regressus
1233 1536 1439 1584 planetarum
1458 1537 1676 1584 explicantur.

537 1608 566 1639 ls
594 1617 664 1653 quae
683 1605 721 1639 ad
744 1605 941 1653 planetarum
960 1603 1100 1638 theorias
1119 1605 1302 1651 pertinent,
1324 1605 1369 1638 ita
1394 1602 1620 1651 explicatis‚ut
1650 1599 1693 1635 ab
1711 1602 1818 1637 omni-

537 1654 596 1689 bus
611 1655 679 1689 fere
693 1683 703 1698 ‚
717 1657 771 1701 qui
790 1654 842 1689 vel
859 1653 977 1688 leviter
998 1653 1158 1687 eruditum
1192 1654 1390 1686 Geometriae
1418 1651 1585 1698 pulverem
1625 1651 1814 1698 attigerunt,

434 1717 502 1738 non
524 1716 606 1751 :egre
621 1705 691 1750 capi
702 1702 835 1751 possint,
848 1714 886 1736 ea
903 1701 1046 1736 breviter
1060 1703 1216 1749 attingam
1229 1714 1302 1747 quae
1319 1700 1454 1736 fortaffis
1468 1702 1585 1735 intimae
1600 1700 1816 1735 Astronomiae

435 1754 534 1799 magis
553 1750 614 1785 effe
634 1752 804 1786 videantur
816 1780 825 1794 ‚
837 1752 1153 1798 praecipuanimirum
1174 1749 1376 1796 planetarum
1394 1750 1603 1796 phaenomena
1620 1748 1725 1794 :quod
1738 1748 1816 1792 stare

432 1801 596 1834 interdum
611 1829 619 1842 ‚
637 1811 690 1833 aut
703 1802 733 1834 in
750 1801 924 1834 contrarias
937 1810 1041 1846 partes
1055 1800 1201 1840 moveri,
1227 1809 1281 1831 aut
1293 1799 1390 1831 etiarn
1415 1797 1590 1842 aliquando
1615 1795 1739 1842 regredi
1755 1808 1814 1843 ap-

432 1860 585 1895 pareant:
603 1861 741 1894 cumque
762 1848 828 1882 liaec
848 1847 1060 1895 phaenomena
1078 1845 1144 1880 suas
1165 1845 1306 1881 habeant
1326 1844 1429 1879 causas
1451 1844 1593 1892 Phyficas
1612 1873 1620 1887 ‚
1639 1856 1676 1877 ea
1689 1855 1775 1878 certe
1794 1844 1816 1878 ἐι

434 1896 629 1944 Phalol‘oplio
646 1896 827 1942 investigari
843 1894 976 1930 debent.

472 1947 516 1979 Ac
538 1947 678 1992 primum
696 1943 771 1978 illud
791 1945 915 1978 constat
942 1955 1004 1978 tres
1016 1941 1189 1991 superiores
1207 1942 1352 1990 planetas
1381 1940 1502 1989 semper
1531 1940 1591 1976 esse
1611 1944 1812 1990 retrogrados

433 2007 504 2028 cum
538 1993 590 2026 soli
613 2004 840 2040 opponuntur,
870 1994 1009 2026 dimotos
1024 2005 1104 2033 *cum
1132 1992 1201 2026 sunt
1218 1993 1361 2039 apogaei,
1376 1989 1428 2026 seu
1440 1994 1470 2025 in
1482 1992 1757 2031 coniunCtione&
1777 1993 1812 2027 in

431 2044 571 2077 maxima
587 2042 606 2075 {i
616 2040 680 2075 sole
692 2041 840 2075 distantia
872 2042 1070 2076 stationarios
1096 2043 1127 2075 in
1140 2040 1277 2087 utrisque
1301 2039 1513 2087 quadraturis.
1541 2040 1640 2085 Qod
1651 2042 1763 2086 utique
1774 2042 1810 2075 in

432 2090 598 2140 systemate
611 2090 788 2137 Copernici
801 2090 923 2124 facilius
938 2090 1121 2137 explicatur.
1139 2091 1228 2124 Nam
1240 2102 1311 2136 quae
1323 2089 1436 2124 eadem
1453 2088 1617 2123 celeritate
1629 2100 1701 2122 cum
1713 2087 1810 2122 oculo

431 2151 604 2174 moventur
619 2167 628 2181 ‚
646 2140 722 2172 stare
749 2140 902 2173 credimus
918 2157 925 2182 ι,
943 2151 1010 2186 quse
1030 2139 1147 2173 titdius
1169 2138 1262 2172 nobis
1276 2137 1426 2172 incedunt
1438 2166 1447 2180 ‚
1468 2139 1501 2171 in
1523 2137 1713 2170 contrariam
1731 2136 1811 2171 ferri

430 2200 556 2236 partem
569 2217 578 2230 ,
596 2200 667 2234 quae
686 2187 836 2231 celerius,
853 2200 1040 2236 praecurrere
1057 2188 1215 2223 videntur.
1240 2189 1321 2222 Haec
1344 2187 1391 2220 est
1418 2183 1591 2234 propositio
1611 2198 1653 2229 54
1670 2186 1808 2232 Optices

431 2237 589 2279 Euclidis,
608 2249 707 2283 quam
725 2235 788 2283 ipsi
802 2236 995 2284 comprobat
1010 2238 1220 2283 experientia.
1241 2239 1329 2272 Nam
1351 2234 1435 2282 finge
1459 2235 1534 2267 duas
1556 2244 1653 2266 naves
1679 2235 1709 2267 in
1729 2246 1806 2267 ean..

431 2287 506 2321 dem
526 2297 650 2333 partem
670 2285 760 2321 ferri:
776 2285 897 2332 quodsi
916 2285 966 2319 illa
980 2315 988 2327 ‚
1012 2287 1045 2319 in
1067 2297 1129 2330 qua
1144 2285 1269 2319 veheris
1284 2313 1292 2326 ,
1311 2283 1440 2317 celerius
1460 2292 1707 2328 promoveatur,
1723 2282 1807 2316 alte-

431 2347 498 2367 ram
513 2335 688 2378 retrogradi
702 2334 876 2381 judicabis:
889 2333 1019 2368 fiambae
1034 2333 1145 2379 aequali
1157 2335 1309 2367 incedant
1321 2343 1413 2365 motu
1424 2358 1433 2372 ,
1450 2341 1618 2375 utranzque
1635 2332 1803 2364 immotam

429 2382 552 2463 engle&
567 2381 648 2418 ¹Ats1
664 2386 755 2419 navis
769 2396 832 2432 qua
849 2383 973 2419 veheris
987 2411 997 2426 ‚
1014 2384 1130 2417 tardius
1142 2382 1268 2417 incedat
1281 2398 1290 2424 3
1303 2380 1403 2416 altera
1419 2390 1517 2426 quam
1534 2377 1679 2414 citiffime
1695 2381 1745 2425 agi
1757 2380 1806 2414 v-i-

431 2430 470 2463 de
500 2432 568 2465 itur.
