1878 2724
395 167 455 203 ἢὸ
785 155 1046 195 ῬΗΥΞῘΕᾹΞ
1080 156 1405 194 (ΞΕΝΕΚΑΈῘΞ

398 208 554 245 dicemus,
571 209 651 245 Non
668 206 809 255 denique
827 206 870 242 ab
887 205 1023 242 effluviis
1037 217 1127 241 terrae
1139 207 1326 255 magneticis
1343 207 1426 242 trahi
1439 206 1568 256 possunt
1579 237 1589 252 ‚
1604 218 1640 243 ut
1660 207 1791 251 videtur

399 257 569 294 Gaffendo.
594 259 680 293 Nam
698 256 777 291 illud
799 256 1026 304 explicandum
1036 254 1113 291 effer
1128 283 1138 298 ‚
1150 267 1214 302 qua
1232 259 1359 292 ratione
1371 285 1380 299 ,
1396 255 1554 304 quibusve
1573 260 1703 307 organis
1723 272 1793 309 gra-

399 311 452 342 via
469 306 615 341 deorsum
631 305 651 341 ὲ
673 317 755 340 terta
771 306 946 342 trahantur.
973 305 1107 341 Deinde
1125 316 1198 352 quae
1209 303 1334 340 leviora
1347 305 1438 351 sunt,
1462 306 1587 343 facilius
1607 319 1690 343 terra
1703 310 1744 344 ad
1761 307 1793 344 se

397 367 526 405 raperet
538 385 547 399 ,
566 362 600 393 &
623 367 661 389 ea
672 356 766 390 citius
778 354 1024 391 descenderent.

432 406 597 441 Postremo
612 433 621 447 ‚
636 405 808 452 quomodo
820 403 1019 454 profluvium
1037 402 1116 439 illud
1140 403 1347 441 substantiale
1361 432 1371 447 ,
1392 405 1481 453 quod
1511 404 1532 442 {a
1560 417 1643 442 terra
1669 410 1794 458 jugiter

397 465 528 498 manat,
549 468 614 491 una
637 467 712 490 cum
730 455 778 490 sua
789 455 893 503 ptaeda
911 456 1107 490 revertitur?
1127 467 1168 489 an
1193 455 1308 504 lapidis
1321 456 1635 503 meatuspetvadit2
1654 456 1705 492 sed
1722 470 1792 495 turn

396 516 510 552 corpus
523 517 623 554 grave
635 517 702 551 non
723 504 902 539 adducetin
921 515 1040 539 tetram
1055 520 1065 548 ·,
1078 516 1120 539 an
1134 506 1241 552 potius
1262 507 1298 539 in
1320 514 1427 552 partes
1449 506 1593 552 corporis
1610 505 1724 542 solidas
1741 509 1793 544 in-

396 556 515 595 currit?
536 557 620 602 Ergo
642 554 674 587 id
690 556 798 602 potius
812 552 832 589 ἐι
842 552 871 588 se
882 552 1020 602 repellet
1033 581 1043 597 ,
1061 565 1160 601 quam
1174 554 1216 588 ad
1234 551 1266 588 se
1281 555 1398 602 rapiet.

429 603 517 638 Cum
534 606 633 652 igitur
650 605 761 651 gravia
771 602 932 651 nequeab
951 605 1088 640 extraria
1105 601 1194 637 causa
1207 601 1355 638 deorsum
1372 601 1620 652 pelli,neque2¹1
1644 615 1728 640 tetta
1743 611 1795 645 iza-⁴

387 656 431 702 pi
449 653 622 688 videantur
634 682 643 697 ‚
659 653 690 687 id
701 666 801 688 unum
813 651 975 700 reliquum
989 652 1135 696 videtur,
1151 662 1186 687 ut
1202 663 1290 687 certa
1302 663 1422 688 naturae
1439 652 1530 701 lege,
1549 665 1615 701 qua
1641 666 1691 689 res
1708 667 1796 703 quae-

388 714 468 750 -quae
485 701 543 738 suis
558 701 635 737 locis
650 700 860 751 disponuntur
874 730 883 747 ,
903 713 959 738 aut
977 713 1072 740 motu
1091 700 1133 737 ab
1158 701 1306 752 Authore
1320 712 1443 750 naturae
1466 697 1616 750 impresso
1634 715 1794 749 movean-

396 763 458 791 tur.

430 800 580 847 Confirm.
594 801 678 837 Illud
690 815 761 838 non
778 801 936 838 abhorret
949 800 970 838 ὲ
988 799 1153 837 verisimili
1170 799 1344 837 elementis
1357 799 1428 850 ipsis
1448 801 1490 836 ab
1504 801 1653 838 Authore
1673 812 1794 838 natura:

390 863 497 890 ‚certos
514 847 828 895 motus,autsaltem
839 863 927 887 certa
941 862 1090 888 motuum
1100 852 1258 899 principia
1277 851 1380 886 indita
1396 850 1487 886 fuiss'e
1498 880 1507 895 ,
1518 851 1636 899 quibus
1650 852 1686 886 in
1706 849 1793 886 suam

392 907 428 939 δε
452 902 548 936 totius
567 899 704 937 universi
718 901 957 949 perfeffionem
971 903 1153 937 niterentur
1163 928 1172 942 ‚
1187 905 1220 936 &
1233 912 1333 947 quam
1351 903 1510 936 cernimus
1522 930 1532 944 ,
1549 899 1717 936 efficerent
1741 911 1795 934 re.

390 963 464 994 rum
486 953 690 989 varietatem.
703 953 812 990 Primo
826 953 914 987 enim
935 952 1016 999 ignis
1027 952 1064 987 in
1073 948 1102 984 se
1117 947 1163 983 sui
1175 960 1281 987 motus
1298 950 1427 984 videtur
1445 949 1565 987 habere
1579 950 1790 998 principium:

391 1000 610 1048 quodcunque
621 998 657 1039 fit
672 1000 752 1037 illud
767 1001 875 1049 ,quod
887 1002 968 1049 ignis
988 1001 1124 1035 nomine
1142 998 1366 1046 intelligimus.
1391 1000 1553 1034 “Secundo
1568 995 1792 1038 'atcusinten-

393 1060 442 1083 tus
467 1047 591 1084 sublato
610 1049 709 1085 obice
723 1049 837 1088 sesein
863 1048 998 1098 figuram
1020 1046 1202 1085 naturalem
1215 1048 1364 1084 ‚restituit
1383 1077 1394 1091 ‚
1413 1059 1451 1083 ac
1464 1046 1536 1082 satis
1552 1048 1596 1081 est
1611 1044 1788 1095 probabile

389 1098 479 1143 hunc
491 1111 620 1134 motum
637 1099 658 1135 ὲ
673 1098 779 1135 subtili
795 1104 832 1136 &
854 1100 994 1135 aetherea
1011 1099 1146 1133 materia
1164 1095 1417 1145 non-„proficisci
1447 1098 1565 1131 Tertio
1583 1095 1662 1130 illud
1679 1097 1713 1130 in
1730 1108 1792 1131 na-

391 1158 461 1183 tura
477 1148 628 1183 constans
646 1151 830 1192 cernimus,
851 1160 888 1194 ut
912 1160 961 1182 res
981 1147 1052 1183 fere
1072 1158 1187 1182 omnes
1204 1144 1360 1182 aliassibi
1388 1148 1542 1195 Cognatas
1556 1156 1712 1194 quaerant.
1736 1147 1791 1180 Sic

390 1196 593 1246 hydrargyro
603 1199 731 1247 optime
747 1211 822 1234 cum
840 1197 917 1233 vasis
930 1196 1112 1240 metallicis,
1130 1197 1236 1230 minus
1253 1207 1326 1234 cum
1348 1195 1462 1244 ligneis
1473 1223 1483 1238 ,
1498 1207 1555 1230 aut
1576 1197 1688 1230 vitreis
1710 1207 1792 1229 con-

390 1248 505 1290 venit3
521 1250 554 1280 in
570 1246 630 1280 illis
643 1246 730 1281 ultro
740 1246 945 1288 diffunditur,
958 1245 979 1279 fi
990 1245 1114 1283 fetrum
1135 1249 1168 1280 δέ
1178 1256 1310 1292 cuprum
1325 1247 1513 1292 exceperis:
1539 1247 1607 1278 imo
1631 1255 1688 1292 per
1713 1255 1786 1278 ere-

390 1295 478 1330 &am
492 1297 700 1344 auriyirgam
711 1294 797 1331 ultro
810 1294 961 1332 ascendit.
982 1294 1047 1330 Sed
1054 1293 1112 1330 ubi
1122 1292 1246 1341 liguum
1259 1322 1270 1337 ‚
1283 1304 1340 1333 aut
1362 1291 1552 1342 vegetabile
1572 1303 1688 1340 corpus
1711 1294 1790 1327 atti-

390 1344 577 1393 git‚statim
598 1346 629 1379 in
642 1343 793 1393 globulos
814 1344 984 1380 formatur.
1224 1361 1227 1363 ·
1250 1342 1253 1348 ⁴

434 1391 564 1428 Infinita
576 1406 678 1443 prope
695 1393 785 1440 hujus
796 1396 922 1443 generis
941 1390 1091 1440 exempla
1117 1392 1224 1429 afferri
1250 1391 1396 1441 possunt,
1411 1404 1484 1440 quae
1507 1391 1719 1440 antipathiae,
1733 1401 1794 1426 aut

389 1441 580 1491 sympathiae
614 1443 711 1478 tribui
735 1442 848 1479 solent.
878 1446 925 1479 Ex
949 1445 989 1477 iis
1016 1443 1105 1477 enim
1125 1442 1235 1492 colligi
1252 1441 1362 1490 potest
1378 1452 1514 1489 corpora
1528 1454 1594 1476 non
1620 1440 1721 1476 solum
1737 1439 1789 1475 es.

389 1491 420 1527 se
431 1492 492 1527 alia
502 1491 573 1527 aliis
584 1505 722 1542 cognata
738 1522 746 1536 ,
759 1492 813 1528 sed
828 1495 928 1528 etiam
938 1493 978 1527 ad
996 1503 1035 1525 ea
1050 1491 1135 1526 ultro
1158 1492 1235 1527 ferri
1248 1519 1258 1535 ‚
1286 1503 1359 1525 cum
1374 1490 1489 1538 quibus
1502 1492 1619 1539 ,tnagis
1648 1489 1788 1527 consen‘

390 1543 494 1578 tiunt:
509 1544 620 1590 Atque
631 1545 710 1577 utin
731 1542 849 1577 fidibus
864 1539 1116 1579 testudinisfieti
1137 1540 1283 1584 solet‚ut
1296 1552 1357 1574 una
1375 1538 1496 1588 pulsata
1515 1537 1607 1574 fimul
1631 1545 1665 1577 &
1684 1539 1787 1575 altera

388 1603 458 1639 quae
473 1591 512 1626 ad
530 1593 670 1627 eundem
684 1603 796 1627 tonum
811 1621 820 1635 ,
835 1603 872 1627 ut
882 1602 1004 1627 vocant
1017 1619 1027 1634 ,
1045 1593 1171 1626 intenta
1184 1590 1392 1637 ‹est-„tremat
1406 1603 1413 1624 :
1426 1588 1621 1637 fic-persaepe
1641 1589 1789 1637 corporis

387 1640 556 1689 particula:
575 1643 705 1690 agitata:
723 1643 824 1676 vicini
842 1642 985 1690 corporis
999 1638 1179 1676 consimiles
1199 1651 1306 1688 partes
1322 1640 1476 1678 excitant.
1497 1640 1596 1675 Nam
1615 1637 1693 1675 illud
1713 1638 1789 1673 sitis

388 1690 433 1724 est
447 1689 618 1726 verisimile
628 1691 717 1738 quod
733 1691 785 1725 fot
792 1702 824 1725 te
838 1690 902 1725 alio
919 1690 994 1726 loco
1007 1690 1226 1737 expendemus
1239 1717 1248 1731 ,
1270 1687 1394 1723 nullum
1407 1700 1492 1736 pene
1504 1687 1564 1722 effe
1587 1699 1787 1735 corpus‚-cu-

387 1743 555 1788 juspartes
573 1738 767 1774 insensibiles
786 1739 900 1786 aliquo
921 1750 1012 1774 motu
1033 1751 1100 1773 non
1121 1740 1304 1785 agitentur:
1319 1748 1392 1770 cum
1413 1736 1536 1771 nullum
1551 1736 1618 1770 fere
1628 1735 1664 1770 sit
1677 1736 1786 1770 omnis·

388 1800 500 1835 expers
516 1787 731 1835 caloris.Jam
745 1787 917 1836 ubi-partes
936 1787 999 1821 illae
1014 1797 1150 1833 aguntur
1167 1783 1323 1819 consimili
1339 1796 1431 1818 motu
1443 1797 1516 1818 cum
1535 1784 1606 1818 aliis
1619 1813 1629 1827 ,
1653 1783 1789 1831 quibus-

387 1849 462 1871 cum
477 1836 576 1885 figura
588 1867 598 1881 ,
617 1837 839 1885 magnitudine
849 1866 858 1880 ‚
873 1841 908 1873 ὃς
921 1836 989 1870 aliis
1004 1832 1230 1869 affefflonibus
1244 1831 1452 1868 consentiunt
1468 1862 1477 1876 ‚
1493 1845 1562 1867 tum
1575 1832 1619 1867 illi
1639 1836 1787 1871 oriuntur

387 1897 514 1929 motus,
532 1889 587 1931 qui
601 1900 639 1921 ex
661 1886 842 1934 sympathia
853 1915 862 1930 ‚
877 1896 931 1920 aut
941 1898 979 1920 ex
991 1884 1124 1920 naturali
1139 1881 1352 1931 propensione
1363 1884 1437 1916 oriri
1456 1882 1613 1919 dicuntur.
1643 1885 1694 1918 Sic
1712 1895 1786 1917 are-

387 1937 479 1970 iiaeiii
497 1934 568 1970 vase
583 1939 712 1979 argitatae
726 1964 734 1978 ‚
753 1948 809 1970 aut
827 1932 967 1970 succuffae
985 1963 995 1977 ,
1010 1933 1145 1981 quaelibi
1164 1932 1233 1967 finit
1255 1944 1368 1966 mutuo
1389 1930 1538 1965 similiora
1555 1961 1564 1975 ‚
1583 1944 1645 1966 una
1664 1943 1785 1967 coeunt

387 1984 519 2032 granula
538 2014 546 2027 ‚
566 1976 638 2032 qiiae
655 1984 814 2019 dissimilia
825 2014 834 2028 ,
849 1984 1065 2020 secernuntur.
1086 1984 1210 2017 Contra
1226 1983 1282 2029 qui
1302 1980 1463 2016 diffiniiles
1480 1979 1550 2015 sunt
1566 1981 1709 2028 liquores
1723 2010 1732 2024 ‚
1745 1980 1785 2016 si-

389 2033 456 2067 niul
477 2034 601 2068 misceri
619 2034 824 2079 recusant‚&
838 2036 871 2068 in
888 2032 1055 2081 sphaerulas
1077 2031 1336 2080 conglobantur,
1362 2042 1417 2065 aut
1435 2032 1536 2078 magis
1561 2029 1784 2079 complanatas

387 2082 563 2127 sortiuntur,
573 2083 686 2131 figuras
698 2113 708 2127 ,
718 2095 754 2119 ut
766 2083 809 2118 ab
820 2082 988 2118 ambiente
1006 2081 1106 2117 fluido
1125 2083 1224 2129 magis
1235 2092 1292 2114 aut
1306 2082 1411 2115 minus
1425 2091 1626 2127 premuntur.

417 2131 569 2177 Confirm.
585 2134 717 2167 iterum:
733 2136 812 2169 Non
824 2135 924 2181 magis
940 2130 1112 2166 intellectu
1127 2130 1169 2164 est
1187 2127 1326 2165 ‘difficile
1344 2141 1398 2171 cut
1415 2141 1530 2176 corpus
1546 2141 1644 2177 grave
1665 2130 1697 2163 in
1716 2134 1785 2163 ter.'

387 2193 456 2216 ram
469 2182 615 2225 decidat,
637 2195 735 2229 qnam
750 2195 804 2219 cut
823 2194 914 2217 terrae
927 2180 983 2228 ipsi
1000 2192 1067 2214 rain
1080 2182 1290 2228 pertinaciter
1310 2177 1525 2219 adhaerescar:
1545 2177 1663 2212 eadem
1689 2179 1780 2213 enim

387 2230 477 2265 causa
487 2228 591 2265 efficit
600 2242 635 2265 ut
649 2234 761 2280 ingens
772 2232 877 2268 saxum
891 2231 910 2266 a
921 2229 1024 2279 globo
1042 2242 1131 2264 tenni:
1149 2232 1199 2263 vix
1213 2228 1323 2263 divelli
1336 2227 1432 2277 poffit
1441 2256 1450 2268 ,
1462 2238 1534 2272 qiiae
1545 2239 1680 2274 corpora
1692 2238 1782 2273 quae„

388 2293 453 2326 qne
471 2279 618 2315 deorsum
637 2283 735 2316 trudit
749 2297 756 2317 :
773 2282 861 2329 quod
873 2279 909 2322 fit
920 2281 1066 2328 quiedam
1082 2292 1198 2314 naturae
1215 2278 1266 2313 lex
1281 2308 1289 2320 ,
1302 2283 1334 2314 ik
1353 2276 1547 2311 constitutus
1561 2277 1696 2317 ordo,ex
1713 2289 1780 2323 quo

389 2329 443 2362 illa
462 2328 663 2366 oriturvelut
678 2331 859 2379 propensio,
875 2336 907 2368 ὃς
924 2342 1030 2365 motus
1049 2328 1205 2364 dorsum.
1235 2327 1366 2362 Sublata
1381 2327 1468 2360 enim
1493 2323 1708 2373 propensione
1728 2337 1781 2359 re-

390 2376 449 2410 bus
464 2376 683 2415 sublunaribus
696 2382 869 2428 congenita
882 2410 890 2423 ,
903 2392 991 2414 retine
1011 2377 1126 2426 globus
1143 2376 1198 2411 fibi
1219 2376 1365 2410 constare
1389 2387 1456 2408 non
1479 2373 1594 2420 polset.

437 2427 514 2461 ch
532 2426 602 2462 sane
618 2443 684 2466 non
697 2421 779 2466 adeo
796 2428 865 2465 sunt
875 2429 1008 2468 absurda
1022 2439 1057 2462 ut
1069 2428 1175 2462 statim
1185 2425 1243 2461 snit
1255 2424 1427 2474 rejicienda
1441 2452 1450 2466 ,
1463 2428 1494 2460 ὃς
1509 2421 1674 2471 quousque
1687 2423 1781 2470 quid-
