1878 2724
544 141 708 178 PARS
743 135 1031 176 SECUNDA.
1413 131 1470 177 269

83 195 263 232 delineatos
284 191 505 240 concipiamus
517 218 527 234 ‚
550 191 585 226 hi
604 204 647 237 24
665 188 808 225 efficient
824 186 1034 224 semicirculos
1046 213 1055 228 ‚
1073 184 1135 231 qui
1161 182 1280 218 horarii
1302 179 1471 224 dicuntur,

83 247 247 293 quique15
268 242 423 292 graduum
437 239 608 275 intervallo
621 240 642 275 ἐι
654 238 684 274 se
698 241 840 275 invicem
856 234 1025 271 ‘distabunt
1044 248 1052 270 :
1067 234 1187 280 primus
1203 233 1264 265 erit
1277 230 1473 265 meridianus

84 293 219 328 circulus
237 321 248 335 ‚
274 304 313 326 ex
325 303 392 339 quo
409 289 563 324 horarum
577 301 727 325 numerus
744 289 877 324 initium
893 286 989 320 ducet
1005 297 1014 319 t
1032 294 1133 330 atque
1143 291 1257 317 ornnes
1271 279 1306 315 hi
1316 277 1423 313 circuli
1438 281 1474 314 in

84 342 196 378 mundi
206 353 266 376 axe
277 370 287 384 ,
307 353 377 387 quae
395 340 576 373 communis
585 336 738 373 omnibus
760 337 804 371 est
821 335 928 379 linea,
943 342 1147 368 concurrent.

96 418 98 420 v
111 408 142 429 .2.
156 391 243 426 Cum
256 401 345 424 terrae
361 387 595 423 semidiametet
605 399 676 422 cum
687 387 835 421 distantia
854 383 875 419 ὲ
891 382 956 418 sole
971 391 1158 429 comparata
1170 378 1206 414 fit
1215 380 1351 416 omnino
1366 380 1474 416 insen-⁴

84 439 180 476 sibilis
200 438 240 483 ‚si
253 451 309 487 per
323 435 497 485 quodlibet
506 437 661 485 punctum
673 438 708 470 in
723 447 812 470 terrae
824 431 991 481 superficie
1004 430 1141 480 positum
1151 430 1274 464 rectam
1285 428 1403 465 lineam
1422 431 1477 464 du·
1495 436 1497 438 ’

84 501 136 525 cas
145 490 197 523 axi
209 486 515 536 mundiparallelam
525 513 536 528 ,
549 487 672 532 quique
684 487 750 519 axis
767 494 923 532 appatens
945 483 1107 516 vocitetur
1117 506 1128 522 ,
1152 489 1190 513 ut
1210 479 1245 512 in
1256 476 1357 526 figura
1373 492 1477 528 appo-

86 537 159 581 fita,
179 536 214 572 fit
223 547 368 572 centttun
387 533 529 577 oerraeC,
543 535 696 581 punctum
709 535 742 569 in
756 544 845 568 tertae
859 529 1022 579 superficie
1036 531 1085 572 O,
1099 529 1168 564 axis
1181 538 1338 576 apparens
1352 531 1452 572 POQ
1466 542 1476 563 t

86 587 139 623 hic
156 587 176 622 ὲ
197 597 274 621 vero
284 597 342 619 axe
354 587 408 632 qui
422 596 479 633 pet
493 594 580 617 terrae
596 594 742 618 centrum
761 577 1106 623 tranfiret,senfibiliter
1117 589 1183 612 non
1196 575 1362 625 discrepat.
1373 578 1478 620 Qod

87 634 107 670 si
120 637 276 684 peridem
291 645 422 681 quoque
437 632 590 681 punctum
607 630 789 679 superficies
799 641 856 666 aut
869 629 1001 678 planum
1024 629 1059 664 N
1073 628 1107 662 H
1118 628 1145 661 L
1157 628 1173 660 1
1193 654 1204 669 ,
1222 623 1401 674 superficiei
1420 637 1478 660 aut

87 684 184 732 plano
201 684 374 730 aequatoris
391 680 593 729 aequidistans
605 680 738 716 ducatur
753 697 762 724 ;
778 685 812 717 &
834 678 904 714 aliae
922 678 1035 713 itidem
1058 674 1249 711 circulorum
1274 677 1330 721 qui
1356 675 1478 710 horarii

87 743 268 776 vocantur,
300 729 482 780 superficies
503 741 561 778 per
571 741 666 764 axem
679 740 891 779 apparentem
905 724 1146 776 pertranseant,
1160 735 1197 759 ut
1222 725 1247 759 Ρ
1271 724 1301 758 G
1322 726 1421 772 QF,
1444 729 1479 760 δε

87 783 112 817 Ρ
125 784 148 817 Ε
160 782 225 828 Q
242 809 252 824 ,
267 792 377 827 eaeque
388 778 567 828 superficies
579 790 777 826 aequatotem
786 787 996 826 apparentem
1010 777 1044 810 in
1055 789 1095 822 24
1110 773 1226 809 itidem
1241 783 1348 821 partes
1367 784 1480 821 aequa-

86 830 132 865 les
143 829 316 878 dispescant
326 858 334 872 ‚
351 826 621 877 tumsuperficies,
638 839 692 863 aut
708 826 842 863 circulos
853 827 996 862 horarios
1008 834 1199 873 apparentes
1215 820 1482 869 habebimus‚qui

87 879 201 915 {iveris
209 878 332 914 circulis
350 878 484 913 horariis
509 876 575 912 sola
590 888 678 915 terrae
698 875 938 913 semidiametro
952 903 962 919 ,
982 886 1053 922 quae
1067 872 1190 910 nullam
1207 871 1330 907 inducit
1349 869 1480 907 sensibi-

86 928 153 964 lem
171 928 409 971 differentiam,'
431 924 637 964 diffidebunt.

112 977 210 1012 Cum
220 980 331 1024 itaque
344 988 444 1012 unum
457 977 591 1011 ex-veris
603 975 874 1012 circulis-horariis
886 974 931 1010 sol
941 984 1077 1023 occupat
1089 1002 1098 1017 ‚
1119 984 1189 1008 tum
1201 969 1391 1007 sensibiliter
1403 975 1483 1005 eun-'

86 1027 164 1065 dem
175 1025 330 1061 circulum
340 1035 550 1074 apparentem
566 1023 698 1060 obtinet
712 1043 721 1069 3
736 1036 824 1060 tanta
839 1025 887 1060 est
897 1026 984 1060 enim
1006 1034 1097 1058 terrae
1120 1022 1142 1057 ὲ
1166 1020 1232 1056 sole
1255 1020 1406 1056 distantia
1418 1048 1428 1063 ‚
1446 1030 1482 1053 ut

88 1075 325 1110 semidiameter
342 1085 433 1108 tetrae
452 1086 525 1108 cum
540 1072 594 1107 illa
603 1085 789 1122 comparata
798 1073 834 1109 fit
846 1075 971 1122 penitus
984 1071 1181 1108 insenfibilis.

112 1139 144 1170 3.
153 1126 186 1158 Si
197 1134 387 1172 apparentes
400 1123 469 1157 illas
485 1122 670 1159 &horarias
682 1122 872 1172 superficies,
883 1134 956 1168 quae
970 1122 1147 1156 cumvveris
1161 1117 1321 1155 confundi
1331 1116 1484 1166 Ροίῐῑιιπ,1

88 1183 284 1222 quocunque
294 1172 396 1206 modo
412 1170 589 1219 superficies
601 1170 657 1207 vel
667 1172 800 1220 planum
813 1170 975 1219 horologii
987 1168 1155 1205 intersecet
1165 1196 1175 1211 ‚
1195 1172 1207 1212 (
1228 1166 1265 1201 fit
1278 1180 1312 1201 v.
1336 1177 1384 1215 gr.
1409 1165 1481 1213 pla-

89 1234 169 1257 num
188 1219 348 1268 horologii
377 1222 401 1254 B
414 1223 437 1255 E
450 1223 481 1255 D
495 1221 539 1254 Fl
557 1233 565 1254 z
585 1220 597 1261 )
634 1219 782 1269 qu'usque
807 1219 982 1268 superficiei
996 1219 1148 1260 horariae,
1161 1222 1195 1254 &
1214 1215 1302 1264 plani
1317 1213 1434 1249 horolo
1459 1214 1482 1248 ii

88 1269 273 1306 intersefflo
282 1270 341 1304 erit
352 1270 440 1304 rocta
450 1268 536 1303 linea
545 1279 616 1316 quae
631 1268 745 1304 horam
755 1267 854 1318 ipsam
870 1267 1038 1303 indicabit.
1061 1269 1170 1314 Atque
1182 1275 1295 1300 ornnes
1310 1262 1411 1305 horae,
1427 1227 1481 1298 (ξιι

90 1317 331 1354 interfectiones
349 1316 609 1367 planihorologii
621 1329 694 1353 cum
709 1318 831 1353 circulis
850 1318 985 1353 horariis
1002 1318 1038 1351 in
1056 1316 1144 1350 idem
1154 1315 1309 1363 punfilum
1326 1310 1484 1354 coibunt,

89 1366 147 1403 ubi
157 1369 223 1402 axis
232 1368 342 1402 mundi
352 1379 424 1402 cum
435 1365 533 1414 plano
541 1365 703 1415 horologii
714 1369 923 1410 concurrit,ut
933 1368 966 1401 in
976 1367 1069 1402 A.s1'c
1080 1364 1168 1413 plani
1179 1362 1348 1411 aequatoris
1361 1365 1395 1397 &
1404 1360 1484 1394 alio-

92 1429 161 1452 tum
171 1418 271 1463 quiin
283 1415 403 1464 sphaera
412 1414 481 1451 sunt
495 1414 602 1449 circuli
612 1418 747 1451 maximi
766 1445 776 1459 ,
797 1429 870 1451 cum
885 1415 983 1465 plano
1001 1414 1162 1462 horologii
1176 1409 1417 1448 interfectiones
1427 1419 1483 1442 aut

92 1463 260 1501 concursus
272 1463 342 1499 sunt
351 1464 443 1499 lineae
452 1465 548 1498 refitae
558 1491 570 1506 ‚
598 1474 736 1510 quarum
746 1478 946 1515 unaquaeque
960 1463 1070 1500 circuli
1081 1463 1101 1500 ὲ
1116 1476 1184 1511 quo
1201 1458 1413 1511 proficiscitur
1422 1469 1486 1494 no-

91 1527 169 1550 men
185 1516 315 1550 retinet.
328 1515 380 1548 Sic
394 1512 502 1548 circuli
527 1511 624 1546 hora-

93 1566 130 1597 rii
144 1569 176 1600 δε
190 1564 308 1610 primi,
330 1574 448 1610 nempe
469 1561 623 1595 meridia..

93 1614 129 1647 ni
144 1614 166 1646 P
179 1613 202 1645 B
218 1612 289 1655 QL
300 1639 311 1654 ,
339 1616 373 1647 &
386 1611 473 1658 plani
490 1609 623 1643 horolo-

93 1662 139 1708 gii
158 1661 282 1694 BEDI
297 1688 306 1701 ,
332 1658 516 1693 intersectio
534 1669 626 1694 com-

94 1711 199 1743 munis
211 1710 272 1742 erit
285 1709 372 1742 recta
388 1710 411 1741 B
432 1709 476 1750 D,
486 1719 555 1754 quae
567 1709 629 1741 erit

92 1758 181 1794 linea
197 1756 383 1790 vrnetidiana
408 1770 417 1791 ε
445 1757 625 1790 communis

94 1818 226 1854 quoque
237 1804 342 1839 circuli
354 1804 470 1839 horarii
482 1805 537 1839 PG
546 1805 605 1850 Q'
618 1833 629 1847 ,

97 1861 132 1892 &
149 1855 235 1903 plani
263 1853 425 1902 horologii
450 1851 550 1888 sectio
569 1854 631 1888 erit

96 1904 181 1939 linea
200 1906 229 1938 G
246 1905 279 1939 F.

142 1966 177 1997 4.
199 1951 280 1986 Illud
301 1963 432 1999 quoque
458 1949 503 1984 est
524 1952 631 1985 mani-

99 1999 291 2042 festum,s0le
309 2013 408 2035 unum
425 2011 464 2034 ex
478 2000 516 2033 iis
533 2002 633 2034 circu-

100 2049 139 2084 lis
153 2060 233 2095 quos
250 2047 394 2082 horarios
406 2048 542 2082 diximus
555 2077 564 2090 ,
576 2060 632 2082 oc-

99 2108 251 2146 cupante,
261 2098 414 2144 punctum
429 2095 549 2131 umbrae
569 2097 635 2130 axis

100 2148 134 2182 in
172 2144 406 2185 semicirculum
450 2143 634 2191 oppositum

102 2196 216 2244 pro'ici
240 2209 248 2230 ε
271 2194 354 2228 adeo
366 2203 402 2228 ut
412 2192 482 2240 styli
498 2192 550 2227 seu
569 2195 636 2226 axis

103 2257 156 2279 um
185 2256 217 2278 ra
229 2254 318 2292 tegat
328 2242 448 2277 lineam
462 2241 637 2284 horariam,

103 2291 155 2327 seu
183 2291 370 2328 concursum
393 2289 579 2325 semicirculi
600 2290 639 2324 il-

105 2338 568 2387 lius÷horarii1cum,horologii
593 2338 642 2373 su.
1057 2315 1100 2362 Q

110 2388 250 2439 pttficie.
286 2389 436 2437 Cumque
461 2387 505 2425 sol
531 2389 642 2427 eritin
