1878 2724
328 136 370 169 ²4
675 115 962 153 PHYSICAE
999 116 1330 154 GENERALIS

330 172 472 205 animam
489 167 682 202 rationalem
698 196 706 210 ‚
733 173 765 203 ὅ(
783 166 902 200 formas
914 177 1109 212 corporum,
1130 179 1201 213 quae
1217 167 1326 204 sensus
1340 166 1412 203 sunt
1422 177 1570 217 expertes
1585 196 1595 212 ‚
1623 165 1729 202 ambi·-

332 231 409 268 gere
421 247 430 262 ,
443 224 475 255 ὅ(
491 217 644 265 quiddam
655 228 730 250 cum
747 213 887 261 utrisque
899 213 1021 248 habere
1039 226 1224 252 commune.

373 269 462 316 Opp.
476 281 500 311 3.
526 266 666 300 foi-mam
683 265 825 311 corporis
839 264 931 296 mixti
944 274 1047 310 magis
1067 260 1128 296 effe
1147 265 1343 312 principium
1364 266 1581 303 accidentium
1598 297 1607 311 ‚
1631 266 1731 315 quam

337 330 448 352 eorum
464 314 737 362 complexionem.
763 314 850 348 Nam
862 310 916 345 ubi
935 312 1121 346 accidentia
1138 313 1282 358 quaedam
1295 317 1434 362 periere,
1451 327 1486 350 ut
1508 330 1582 351 cum
1595 329 1678 364 aqua
1695 315 1733 350 fr't

338 366 440 400 calida
456 393 465 407 ‚
486 365 591 398 statim
616 362 721 397 forma
737 373 790 395 eas
805 360 978 408 qualitates
996 361 1143 395 restituit.
1171 362 1295 407 Neque
1319 365 1408 398 enim
1430 377 1511 412 aqua
1531 366 1629 415 frigus
1645 365 1733 399 suum

339 425 524 462 recuperare
550 409 674 460 poffet,
691 409 749 446 nii-‘1
773 409 880 446 forma
906 409 1118 445 substantialis
1139 411 1170 444 ei
1187 408 1322 454 inesset,
1359 424 1429 459 quae
1447 415 1611 460 pristinum
1632 415 1733 462 fr‘gus

337 463 385 499 illi
400 462 594 497 restitueretr

375 512 469 558 Rffp,v
481 512 558 560 poffe
572 523 641 560 neg.
657 519 724 546 ant.
749 511 784 544 Si
801 521 872 557 quae
887 509 975 543 enirn
992 519 1031 542 ex
1051 509 1089 543 iis
1104 508 1316 556 qualitatibus
1343 511 1503 556 perierit-'‚
1527 520 1589 545 aur
1604 523 1674 557 quae
1688 511 1736 546 su-

339 560 467 611 persunt
478 589 488 603 ‚
505 572 576 594 eam
587 560 756 594 restituunt
772 588 781 602 ‚
807 570 862 593 aut
877 556 918 592 ab
933 559 1071 592 extraria
1089 557 1178 592 causa
1194 569 1232 591 ea
1242 570 1407 606 reparatur
1431 573 1438 595 :
1454 571 1491 594 ut
1501 572 1585 606 aqua
1604 559 1646 593 ab
1665 563 1748 594 a‘c're‘

339 609 510 647 ambiente
524 607 668 644 amissum
679 608 779 655 frigus
788 618 976 656 recuperat3
993 619 1047 641 aut
1064 619 1171 656 partes
1186 606 1323 650 caloris,
1343 620 1416 655 quae
1434 611 1466 644 in
1487 620 1646 657 perpetuo
1665 622 1739 643 mo-

341 672 378 696 tu
389 657 552 694 versantur
564 688 574 702 ,
597 658 709 707 sponte
725 656 863 692 avolant
882 672 891 693 ε
915 669 1101 704 quanquam
1130 657 1216 692 forte
1235 657 1333 704 frigus
1352 656 1388 692 fit
1411 670 1501 706 aquae
1516 660 1750 706 congenitum.-

342 708 493 758 Qlitas
506 710 594 743 enim
611 720 649 743 ea
668 708 715 742 est
729 706 881 742 naturalis
893 736 902 750 ‚
926 718 1024 753 quam
1041 717 1090 740 res
1111 706 1130 742 a
1147 705 1240 755 seipsa
1254 705 1355 742 habet
1367 736 1377 751 ,
1404 721 1471 743 non
1493 706 1534 742 ab
1548 718 1665 756 agente
1682 717 1739 741 ex-

344 761 444 794 trario
457 787 467 801 ‚
482 769 646 805 quamque
657 769 706 792 res
720 756 891 791 conservat
902 757 993 791 omni
1005 768 1123 804 agente
1139 768 1276 790 externo
1291 759 1419 805 penitus
1431 768 1571 793 remoto,

341 819 357 844 t-
380 809 561 856 Opp.4.1u
576 805 775 841 sacrosancsto
798 805 907 840 altaris
925 806 1137 840 sacramento
1163 816 1298 840 manent
1320 806 1522 849 accidentia,
1543 817 1608 841 nou
1624 815 1736 840 autem

344 868 493 892 remanet
515 856 622 892 forma
636 854 847 891 substantialis
869 869 885 890 :⁷
901 866 979 904 ergo
1000 853 1108 891 forma
1133 853 1346 890 substantialis
1367 856 1410 892 est
1437 856 1593 905 quiddam
1623 866 1740 903 praeter

343 906 539 942 accidentia-2-

379 956 470 1004 Resp.
486 955 554 999 dist.
566 956 646 1001 conſs
667 956 782 990 Forma
797 953 1008 990 substantialis
1026 954 1073 989 est
1090 955 1245 1003 quiddam
1262 965 1379 1003 praeter
1397 966 1519 992 certam
1546 953 1740 1002 qualitatum

347 1016 534 1053 congeriem
548 1003 625 1039 nulli
646 1006 789 1039 materiae
804 1002 988 1039 immersam
1005 1032 1016 1047 ‚
1033 1006 1071 1040 C.
1089 1005 1137 1039 est
1148 1004 1303 1051 quiddam
1316 1017 1431 1053 praeter
1443 1005 1635 1051 qualitatum
1647 1016 1741 1038 com—

346 1053 538 1101 plexionem
551 1083 560 1097 ,
575 1066 646 1101 quae
659 1065 799 1088 materiae
813 1054 909 1097 inest,
928 1066 1067 1101 eamque
1077 1056 1111 1089 in
1126 1065 1214 1088 certa
1234 1052 1338 1100 specie
1350 1054 1535 1097 constituit,
1555 1054 1606 1089 N.
1627 1053 1742 1099 Qare

346 1101 502 1186 ubijnulla
512 1104 553 1139 est
563 1105 700 1138 materia
713 1108 747 1139 δε
757 1103 884 1140 nullum
907 1114 1044 1151 corpus,
1077 1114 1147 1138 tum
1165 1103 1345 1137 accidentia
1363 1102 1480 1139 formae
1493 1104 1655 1138 rationem
1673 1112 1756 1139 nort

348 1151 389 1187 ha
417 1163 481 1188 ent„
1727 1157 1734 1160 ”

862 1201 892 1235 C
912 1202 941 1236 A
959 1203 982 1236 P
1003 1201 1038 1236 U
1061 1203 1091 1236 T
1154 1202 1197 1235 11
1214 1204 1250 1236 1,-

856 1299 910 1333 De
922 1299 1105 1345 firmarum
1123 1301 1266 1348 origine.¹

351 1396 554 1482 MAgna
568 1398 609 1432 est
624 1399 688 1433 haec
708 1398 858 1446 quaestio,
885 1403 919 1435 &
932 1397 952 1432 fi
969 1409 1041 1446 quae
1053 1398 1089 1433 sit
1100 1398 1160 1433 alia
1178 1428 1187 1442 ,
1206 1397 1424 1445 speculatione
1436 1398 1530 1447 digna
1546 1427 1556 1442 ,
1574 1398 1660 1433 unde
1675 1396 1745 1433 for}

457 1459 521 1480 rma:
539 1450 704 1490 oriantur,
727 1460 789 1496 qua
811 1448 944 1495 quidem
955 1448 996 1482 de
1006 1461 1041 1482 re
1053 1447 1176 1483 summa
1197 1447 1244 1481 est
1263 1450 1346 1481 iuter
1357 1446 1570 1495 Philosophos
1586 1446 1755 1484 differuim-

355 1497 500 1542 Qiidam
517 1500 604 1531 enim
618 1496 739 1532 formas
752 1500 930 1532 mixtorum
947 1497 1150 1533 nullomodo
1176 1498 1353 1544 procreari,
1378 1495 1430 1531 sed
1448 1499 1480 1532 in
1495 1496 1667 1532 elementis
1689 1498 1747 1532 dess

352 1542 496 1578 litescere
509 1574 517 1587 ‚
537 1547 606 1580 imo
625 1552 658 1583 &
679 1548 750 1582 aeta
771 1546 868 1582 ineffe
887 1558 1015 1595 putant.
1042 1548 1125 1593 Qae
1140 1547 1226 1592 quid.
1239 1559 1271 1579 m
1286 1545 1447 1580 sententia
1462 1546 1505 1580 est
1522 1548 1722 1595 A‘naxagorae
1737 1571 1759 1590 ,.

354 1605 457 1640 eaque
471 1593 491 1627 ἐι
507 1595 671 1642 Scaligero
682 1602 714 1632 δε
728 1598 889 1631 Sennerto
903 1597 1020 1629 acriter
1032 1597 1228 1630 defenditur.
1250 1595 1399 1629 Secunda
1420 1595 1493 1629 huic
1509 1595 1656 1644 oppofita
1678 1596 1749 1630 for*-

353 1655 421 1677 mas
433 1642 623 1678 extrinsecus
639 1645 791 1679 advenire
805 1645 926 1680 statuit.
949 1645 1025 1679 Sive
1036 1644 1055 1679 a
1067 1645 1150 1680 coelo
1166 1642 1408 1690 proficiscantur
1421 1674 1430 1687 ‚
1447 1657 1485 1678 ut
1496 1643 1595 1679 visum
1615 1644 1663 1679 est
1676 1647 1749 1680 Ferss

354 1692 442 1727 ne³io
460 1709 468 1734 ·‚
482 1690 545 1726 slve
560 1692 601 1726 ab
615 1693 696 1727 ideis
711 1695 828 1727 divinis
842 1695 1072 1740 imprimantur
1091 1722 1099 1734 ,
1124 1705 1159 1726 ut
1172 1693 1330 1726 Platonici
1341 1693 1522 1733 tradidere3
1537 1693 1590 1726 seu
1605 1693 1748 1739 denique

354 1740 394 1775 ab
410 1740 625 1787 intelligentia
639 1742 777 1787 quadam
793 1741 954 1789 profluant
967 1770 977 1784 ‚
999 1753 1034 1775 ut
1047 1741 1101 1775 sibi
1113 1738 1260 1789 peisuafit
1279 1741 1470 1776 Avicennas-
1492 1739 1604 1775 Tertia
1619 1769 1628 1783 ,
1642 1750 1748 1788 eaque

353 1791 440 1823 inter
459 1800 618 1823 extremas
638 1792 810 1837 opiniones
832 1790 940 1825 media
963 1791 1005 1825 est
1025 1791 1316 1839 Peripateticorum
1333 1818 1342 1832 ‚
1371 1802 1441 1836 quae
1458 1789 1578 1825 formas
1596 1802 1663 1825 non
1675 1793 1749 1837 qui-

356 1838 431 1871 dem
441 1839 515 1872 actu
530 1866 539 1880 ‚
561 1836 612 1873 fed
626 1839 788 1887 potestate
807 1843 839 1875 in
857 1841 993 1874 materia
1007 1842 1167 1875 contineri
1182 1869 1190 1883 ,
1208 1850 1317 1884 neque
1331 1841 1469 1874 omnino
1483 1838 1678 1873 extrinsecus
1690 1838 1748 1874 adss

357 1889 468 1921 venire
487 1887 591 1922 statuit
603 1918 612 1932 ‚
626 1887 676 1922 sed
693 1891 809 1924 virtute
820 1890 985 1938 agentium
996 1889 1190 1924 naturalium
1201 1891 1381 1936 procrcari5
1400 1889 1483 1923 adde
1499 1891 1598 1923 etiam
1616 1893 1649 1924 ὃ(
1660 1889 1748 1922 divi-

357 1949 402 1971 na:
418 1935 658 1973 benedictionis
677 1941 707 1972 vi
723 1967 732 1981 ‚
758 1951 880 1985 quares
899 1937 1099 1985 potissimum
1114 1940 1191 1973 vitae
1210 1948 1380 1985 compotes
1399 1938 1537 1972 crescere
1550 1967 1560 1980 ‚
1591 1943 1624 1974 δε
1638 1938 1750 1972 multi-

358 1985 469 2033 plicari
486 1987 519 2019 in
538 1985 601 2033 ipsa
619 1991 782 2023 creatione
795 1986 955 2035 juffaesunt
967 2017 977 2031 ,
995 1991 1133 2023 omnino
1146 1988 1239 2022 educi
1251 1988 1406 2024 decernit.
1422 1989 1503 2035 Qiae
1513 1987 1647 2035 quidem
1657 1999 1748 2035 quae-

357 2035 415 2069 stio
428 2046 462 2068 ut
477 2035 640 2082 dijudicari
654 2035 747 2084 poffit
760 2067 769 2080 ,
789 2050 836 2071 cei
862 2049 873 2065 τ
894 2036 964 2072 sunt
982 2037 1024 2072 ab
1044 2039 1174 2073 incertis
1192 2036 1374 2084 separanda.

407 2083 552 2118 Piimum
565 2087 676 2132 itaque
687 2087 718 2120 id
730 2087 841 2121 damus
857 2087 1030 2122 Platonicis
1041 2087 1162 2123 formas
1184 2098 1288 2120 retum
1301 2085 1342 2121 ab
1360 2087 1440 2120 ideis
1453 2086 1570 2123 divinis
1581 2087 1676 2130 duci3
1693 2096 1748 2121 εει·-

359 2145 431 2167 rum
441 2131 501 2167 effe
515 2131 737 2170 similitudines
755 2134 924 2183 quasdam,
940 2147 1040 2183 atque
1051 2135 1269 2184 impressiones
1286 2153 1294 2179 3
1313 2136 1388 2172 hinc
1401 2148 1508 2171 rerum
1530 2138 1677 2171 omnium
1689 2147 1748 2169 na-

362 2194 446 2216 turas
469 2187 501 2218 &
524 2182 742 2219 diffinitiones
761 2187 865 2234 repeti
879 2196 1041 2233 oportere.
1065 2189 1142 2232 Qua
1163 2186 1294 2234 quidem
1322 2188 1450 2221 ratione
1471 2185 1592 2219 formas
1613 2183 1748 2218 existere

363 2231 507 2266 ostendit
519 2233 548 2265 S.
561 2234 626 2270 Th.
639 2237 717 2267 Cum
732 2238 814 2268 enim
828 2264 837 2277 ,
855 2236 980 2282 inquit,
994 2236 1082 2269 Dens
1090 2236 1136 2281 fit
1153 2247 1248 2281 argens
1263 2246 1322 2283 per
1343 2234 1536 2268 intelleffum
1550 2261 1559 2275 ‚
1582 2243 1701 2281 oportet
1711 2243 1748 2266 ut

364 2282 499 2312 omnium
513 2284 743 2330 qnaeproduxir
755 2313 764 2326 ,
791 2282 909 2317 habeat
922 2283 1150 2327 fimilz'tttdines
1169 2275 1310 2322 ideales,
1345 2285 1383 2317 (θ’
1407 2291 1467 2330 per
1476 2284 1661 2327 consequens
1678 2309 1684 2317 ‚
1710 2291 1747 2315 ut

365 2327 411 2371 (ff
421 2328 485 2360 c't'ns
504 2334 568 2368 ejus
584 2334 617 2365 in
639 2343 765 2365 tantum
782 2331 892 2379 perfici
912 2332 1065 2366 dicantur
1084 2362 1090 2372 ,
1113 2337 1146 2368 in
1162 2331 1502 2381 qztantumfhrmarum
1516 2330 1670 2364 idealittm
1683 2330 1747 2362 ali-

365 2388 461 2422 quam
472 2375 716 2420 stmilitudincm
731 2383 969 2430 repraesentants
991 2392 1025 2416 nt
1033 2382 1082 2429 fic
1092 2385 1124 2418 in
1140 2381 1232 2419 rebus
1247 2377 1468 2415 materialibus
1484 2392 1543 2415 non
1558 2380 1748 2414 invenimur

1676 2426 1746 2474 fiala
