1878 2724
391 136 454 169 620
959 136 984 172 P
996 136 1031 171 H
1044 135 1074 172 Y
1085 137 1128 171 SI
1141 134 1172 171 C
1182 137 1222 172 ΑΞ

388 183 422 216 in
436 180 549 218 avibus
564 213 573 226 ‚
588 182 607 218 si
622 182 764 232 asperam
775 182 940 219 inflavetis
962 187 1109 221 arteriam
1121 215 1130 229 ‚
1147 199 1213 222 non
1225 182 1394 233 pulmones
1409 183 1510 221 modo
1524 186 1707 234 dilatantur,
1724 186 1777 225 sed

387 229 536 279 subjeetae
547 235 645 267 etiam
661 231 849 268 abdominis
868 233 1068 270 membranae
1082 235 1306 270 intumescunt.
1318 232 1378 269 Etsi
1387 237 1474 269 enim
1487 247 1539 270 aer
1548 249 1620 272 cum
1633 237 1711 273 solus
1721 239 1776 284 est,

387 291 447 313 nec
462 293 559 315 venas
574 308 583 323 ,
600 293 661 316 nec
680 281 914 318 membranulas
928 312 938 326 ,
956 296 1011 318 aut
1024 295 1130 319 cutem
1148 284 1252 333 potest
1274 295 1465 331 penetrare,
1491 295 1600 321 tamen
1617 286 1675 321 ubi
1701 300 1776 323 cum

386 339 471 374 aqua
487 329 711 376 permiscetur,
724 334 838 367 cunCta
852 333 1024 380 pervadit:
1046 345 1115 368 tum
1130 334 1261 381 quidem
1283 334 1315 367 in
1333 333 1479 368 minimas
1502 346 1606 382 partes
1634 335 1776 371 concisus

384 387 486 411 caecos
495 390 618 414 meatus
630 379 804 429 subit.Jam
813 383 894 416 aeris
911 381 995 430 spirae
1009 382 1154 431 sanguini
1168 411 1177 425 ‚
1198 388 1231 419 &
1244 381 1313 418 aliis
1326 381 1514 417 humoribus
1527 384 1683 432 permistae
1692 397 1776 420 nun-

384 436 483 471 quam
499 427 665 474 quiescunt
676 443 687 464 .·
702 443 777 464 nam
789 443 849 466 ceu
864 442 953 465 arcus
965 432 1096 479 quidam
1110 431 1203 467 facile
1214 433 1472 479 comprimuntur
1485 460 1494 475 ‚
1511 439 1545 470 ὅ(
1558 432 1708 469 resiliunt.
1718 435 1780 482 Ju-

383 475 431 520 gis
445 475 628 523 respiratio,
644 477 858 515 musculorum
868 492 975 515 motus
987 510 996 525 ‚
1010 480 1179 516 solidarum
1193 487 1227 518 &
1236 481 1403 517 fluidarum
1419 483 1557 529 partium
1567 483 1659 517 mille
1671 484 1777 518 modis

384 525 506 559 variata
520 526 733 576 configuratio
745 557 756 573 ,
771 527 925 564 viscerum
941 530 1255 578 pondus-tremulum
1272 529 1363 565 illum
1384 530 1535 579 spirarum
1552 534 1630 566 aeris
1649 543 1777 568 motum

383 583 540 621 perpetuo
552 588 714 612 renovant
725 606 734 621 ,
755 589 791 612 ut
806 578 882 614 scite
896 578 1038 628 explicat
1054 580 1207 616 Borellus.
1225 581 1312 615 Hinc
1329 578 1486 628 sanguinis
1503 581 1664 628 particulae
1675 579 1717 615 ab
1734 593 1777 616 eo

383 633 476 657 motu
489 622 683 660 oscillatorio
697 626 803 662 inclusi
814 630 895 662 aeris
912 627 1126 664 indesinenter
1141 632 1374 665 concutiuntur.
1390 632 1479 665 Nam
1497 642 1532 665 ut
1549 631 1581 664 in
1599 630 1776 682 horologiis

381 672 558 717 pendulum
573 674 802 711 oscillatorium
812 687 955 712 rotarum
973 689 1100 713 motum
1109 690 1195 713 certa
1209 682 1336 713 ratione
1345 679 1549 713 moderatur:
1565 677 1606 713 sic
1616 682 1697 714 aeris
1713 681 1777 727 spi-

381 731 422 753 1·ae
434 718 620 771 sanguinem
640 727 844 761 continenter
866 724 1036 762 subeuntes
1054 739 1170 777 regunt
1185 756 1195 772 ,
1223 733 1258 764 δε
1272 729 1672 776 temperant-praecipitem
1688 728 1778 777 spiri·

383 778 474 804 tuum
487 783 631 817 motum,
645 786 682 808 ac
701 774 823 824 sanguis
838 788 895 824 per
911 787 1017 825 partes
1032 779 1174 826 corporis
1193 776 1324 813 diffusus
1342 776 1505 812 stimulum
1518 776 1561 812 sui
1575 777 1687 812 motfis
1700 805 1711 821 ,
1738 782 1775 814 &

382 820 456 852 vitae
465 820 551 867 quasi
569 822 696 858 fontem
716 822 821 859 secum
838 824 938 860 vehit.
951 826 1052 862 Unde
1064 826 1162 861 foetus
1177 825 1234 862 ubi
1246 825 1344 861 semel
1356 825 1453 861 hausit
1462 838 1590 870 aerem,
1608 839 1649 862 eo
1666 837 1776 861 carere

381 868 519 914 amplius
532 884 599 905 non
609 873 722 920 potest.
738 876 772 908 ln
783 875 893 908 matris
905 870 1000 908 'utero
1013 887 1051 908 ex
1065 875 1272 922 respiratione
1287 877 1394 910 matris
1408 887 1516 910 aerem
1537 887 1613 910 ante
1632 877 1775 924 excipie-

383 913 459 953 bat:
476 916 623 954 alebatur
635 922 723 956 enim
733 921 883 970 sanguine
892 924 924 957 in
934 922 1144 971 pulmonibus
1155 926 1264 958 matris
1279 935 1476 972 praeparato‚
1487 923 1658 976 postquam
1673 926 1706 960 in
1725 924 1774 961 lu-

381 976 452 999 cem
467 967 569 1001 editus
589 970 634 1003 est
646 999 655 1013 ‚
668 975 731 1017 jam
748 970 870 1019 sanguis
882 972 915 1005 in
926 974 1055 1020 propria
1067 971 1195 1006 officina
1207 975 1311 1020 parari
1323 971 1433 1008 deber.

421 1015 512 1049 Hinc
522 1028 576 1051 aer
593 1017 784 1053 fluiditatem
794 1020 935 1067 sanguini
948 1025 981 1056 &
992 1021 1135 1055 colorem
1149 1023 1337 1055 coccineum
1358 1019 1521 1056 conciliat.
1538 1023 1627 1058 Nam
1639 1022 1678 1056 ad
1690 1021 1774 1058 fluo-

380 1073 450 1098 rem
461 1064 525 1098 duo
539 1069 745 1114 requiruntur
757 1096 766 1112 ,
782 1083 810 1104 10
823 1080 859 1102 ut
874 1079 978 1117 partes
991 1068 1075 1104 illius
1093 1068 1151 1104 sint
1167 1071 1287 1118 exiguae
1298 1098 1307 1112 ,
1329 1070 1445 1103 attritae
1461 1073 1495 1105 &
1511 1069 1616 1104 divisa:
1629 1097 1639 1112 ‚
1653 1082 1722 1106 tum
1739 1073 1773 1107 in

379 1123 537 1160 perpetuo
549 1128 641 1151 motu
657 1116 842 1153 versentur:
859 1117 943 1152 hunc
955 1130 1081 1153 motum
1100 1121 1132 1154 in
1146 1118 1325 1166 liquoribus
1342 1116 1466 1153 subtilis
1482 1131 1536 1153 aer
1552 1118 1661 1153 efficit.
1683 1121 1772 1156 Cum

379 1163 491 1209 itaque
502 1162 622 1213 sanguis
639 1178 678 1200 ex
691 1165 837 1213 partibus
854 1167 979 1202 constet
987 1167 1233 1217 heoerogeneis,
1249 1179 1285 1202 ut
1294 1170 1352 1215 qui
1364 1179 1402 1201 ex
1413 1169 1508 1201 variis
1519 1167 1682 1203 alimentis
1693 1181 1773 1218 pro-

378 1210 476 1244 dierit
489 1241 497 1255 ‚
511 1225 548 1247 ac
559 1214 686 1249 diversis
703 1214 847 1264 partibus
860 1216 981 1252 alendis
999 1217 1114 1252 serviat
1126 1245 1135 1259 ,
1152 1230 1217 1252 non
1229 1216 1364 1252 dubium
1375 1215 1419 1250 est
1430 1219 1507 1263 quin
1521 1230 1629 1252 aerem
1643 1216 1701 1252 suis
1711 1231 1772 1267 po.

379 1261 420 1292 ris
432 1261 613 1297 conclusum
625 1263 807 1300 habeatzut'
819 1268 923 1300 caeteri
934 1265 1096 1313 liquores,
1115 1269 1172 1313 qui
1189 1268 1222 1300 in
1244 1266 1390 1301 machina
1404 1268 1607 1312 pneumatica
1633 1266 1677 1300 ob
1696 1279 1771 1302 eam

379 1311 543 1346 rationem
554 1311 656 1348 solent
667 1312 818 1349 ebullire.
836 1315 904 1349 Hic
917 1314 1053 1350 fluorem
1068 1315 1221 1363 sanguinis
1240 1326 1345 1350 tuetur
1357 1344 1367 1358 ,
1381 1319 1414 1350 δε
1427 1313 1530 1350 Obstat
1547 1328 1588 1350 ne
1602 1313 1770 1353 diffimiles

378 1358 462 1394 adeo
476 1372 582 1408 partes
592 1364 675 1397 inter
688 1362 716 1396 se
728 1364 922 1400 cohaereant.
933 1367 1021 1400 Hinc
1034 1367 1122 1400 vario
1136 1366 1242 1412 &jugi
1259 1376 1353 1399 motu
1363 1366 1487 1399 cientur
1497 1393 1507 1407 ‚
1522 1376 1558 1399 ut
1566 1376 1670 1412 partes
1681 1377 1771 1412 quae-

379 1407 454 1442 dam
473 1421 510 1444 ex
521 1412 623 1445 crudis
637 1417 668 1447 &
684 1411 755 1447 fixis
767 1412 847 1448 fiant
863 1414 1022 1451 volatiles.
1042 1414 1176 1449 Accedit
1190 1415 1289 1447 etiam
1303 1416 1335 1448 in
1355 1424 1430 1447 aere
1450 1411 1511 1447 effe
1528 1412 1679 1460 quasdam
1694 1425 1770 1462 par-

381 1465 428 1490 tes
440 1459 573 1493 nitrosas
584 1489 592 1503 ,
604 1459 718 1496 solidas
728 1466 762 1498 δε
771 1475 976 1511 penetrantes
988 1491 999 1507 ,
1022 1476 1093 1512 quae
1115 1462 1186 1499 vasa
1199 1462 1362 1511 capillatia
1375 1461 1510 1498 subeunt
1525 1491 1536 1507 ,
1563 1467 1597 1500 ὅ(
1612 1462 1768 1512 sanguinis

381 1518 509 1544 motum
524 1511 774 1548 concitatiorem
786 1509 947 1552 efficiunt.

912 1612 1095 1648 Solvuntur
1109 1611 1300 1659 objefliones.

410 1705 497 1755 Opp.
515 1714 545 1740 ι0
566 1709 685 1744 Aerem
704 1721 762 1758 per
774 1709 915 1759 asperam
935 1712 1086 1747 arteriam
1102 1710 1298 1746 insufflatum
1314 1740 1323 1755 ‚
1344 1722 1406 1794 {Pet
1419 1709 1492 1745 vasa
1513 1708 1683 1759 sanguinea
1701 1711 1766 1744 exi-

380 1765 449 1789 tum
469 1769 535 1791 non
552 1756 690 1803 habere,
708 1771 817 1806 neque
831 1761 934 1795 cordis
945 1759 1102 1795 sinistrum
1116 1760 1329 1796 ventriculum
1357 1759 1450 1794 ubire
1464 1759 1561 1807 posse.

413 1804 609 1851 Respondent
617 1807 760 1842 nonnulli
776 1821 881 1844 aerem
896 1822 952 1857 per
965 1808 1093 1844 influos
1104 1812 1222 1845 mortui
1237 1839 1246 1853 ‚
1259 1821 1315 1844 aut
1327 1808 1513 1843 moribundi
1531 1806 1676 1842 animalis
1693 1806 1766 1854 pul-

378 1866 492 1888 mones
504 1856 536 1888 in
549 1857 653 1889 cordis
664 1858 857 1892 ventriculos
869 1872 934 1893 non
947 1858 1042 1893 facile
1053 1856 1424 1903 commeare,ptaesertim
1435 1869 1508 1889 cum
1519 1857 1551 1888 vi
1565 1856 1704 1902 quadam
1715 1857 1766 1890 in-

378 1903 578 1938 trudirurzsed
591 1903 698 1938 sensim
710 1917 784 1939 eum
794 1907 954 1940 interdum
965 1906 1154 1946 subire,cum
1166 1909 1197 1940 in
1209 1906 1377 1953 pulmones
1386 1904 1491 1939 adhuc
1505 1904 1647 1939 calentes
1658 1903 1764 1952 paula-

377 1954 436 1985 tim
455 1953 649 1988 immittitur.
658 1955 784 1988 Partem
795 1952 874 1989 vero
883 1956 962 1988 aeris
983 1957 1162 1989 tenuiorem
1177 1984 1185 1998 ‚
1204 1960 1238 1991 &
1261 1956 1363 2002 magis
1387 1952 1584 2001 spirituosam
1600 1953 1664 1988 un&
1688 1965 1764 1988 curn

375 2000 528 2049 sanguine
542 2003 575 2035 in
585 2001 793 2048 pulmonibus
814 2002 989 2039 consociari
1002 2033 1010 2046 ‚
1021 2015 1059 2037 ex
1074 2003 1171 2038 rutilo
1181 2003 1270 2051 ipsius
1282 2002 1440 2051 sanguinis
1453 2001 1562 2037 colore
1574 2031 1583 2046 ‚
1599 2008 1632 2039 &
1644 2000 1766 2036 vesicu-

377 2050 479 2085 larum
492 2050 643 2084 structura
655 2056 719 2099 jam
738 2051 828 2101 supra
844 2053 1062 2088 ostendimus:
1082 2053 1164 2087 adeo
1177 2065 1212 2088 ut
1226 2052 1348 2101 sanguis
1358 2065 1423 2086 non
1438 2053 1545 2086 tamin
1559 2051 1656 2085 corde
1666 2050 1764 2098 quam

377 2102 411 2134 in
428 2098 637 2147 pulmonibus
653 2100 838 2147 perficiatur
861 2117 869 2138 ε
887 2114 941 2136 cor
959 2101 1093 2149 quidem
1111 2115 1183 2137 eum
1201 2102 1387 2149 circumagit
1405 2130 1414 2144 ,
1434 2100 1486 2135 sed
1506 2103 1538 2135 in
1558 2098 1763 2148 pulmonibus

377 2150 478 2197 magis
493 2147 645 2195 exquisite
655 2162 729 2185 cum
744 2151 842 2200 chylo
860 2150 926 2200 ipso
941 2156 973 2188 δε
994 2151 1129 2200 lympha
1148 2150 1356 2200 permiscetur
1370 2179 1379 2193 ,
1396 2149 1495 2198 quam
1512 2152 1544 2185 in
1561 2150 1665 2183 cordis
1685 2161 1764 2183 ven-

376 2198 508 2236 triculis.

407 2237 503 2284 l‘linc
518 2250 550 2282 in
564 2248 649 2283 foetu
666 2260 737 2283 cum
751 2248 872 2299 sanguis
882 2249 918 2285 fit
934 2247 1065 2282 fluidior
1082 2279 1090 2292 ,
1107 2251 1175 2284 imo
1190 2256 1220 2286 &
1237 2253 1268 2285 in
1288 2248 1424 2297 piscibus
1435 2247 1492 2282 ubi
1508 2249 1549 2282 est
1569 2245 1713 2296 aquofior
1726 2249 1760 2282 ὃ(

378 2312 416 2334 ex
431 2297 514 2333 facili
531 2296 686 2341 fluit‚aut
696 2298 775 2333 nihil
791 2329 799 2337 ,
816 2306 994 2348 autparum
1002 2300 1081 2332 aeris
1098 2299 1280 2345 sanguinem
1292 2298 1430 2334 subit.1n
1451 2297 1628 2339 testudine,
1642 2307 1716 2329 rana
1727 2299 1761 2331 ὅ(

377 2348 446 2382 aliis
464 2346 640 2388 hujusmodi
659 2348 848 2384 animalibus
860 2378 868 2392 ‚
889 2361 957 2394 quae
966 2349 1094 2383 unicum
1104 2350 1205 2383 cordis
1219 2346 1433 2384 ventriculum
1452 2348 1600 2380 videntur
1618 2343 1763 2398 habere,

376 2396 744 2443 sanguisepulmonibus
757 2400 790 2434 iu
801 2411 855 2435 cor
863 2399 951 2434 reeta
960 2411 1025 2433 non
1036 2399 1150 2446 pergit.
1172 2401 1245 2435 Nec
1264 2396 1418 2435 dissimilis
1437 2396 1479 2431 est
1501 2397 1534 2430 in
1547 2395 1627 2430 foetu
1650 2404 1732 2428 rano
1747 2419 1762 2436 ,
