1878 2724
563 145 741 182 PARS
776 144 1024 182 TERTIA.
1419 156 1478 189 667

108 204 216 244 guttas
226 193 368 240 laudaui,
379 204 416 230 ut
433 193 680 242 vocant,liquidi
691 193 827 230 exhibet
839 222 850 240 ,
862 205 898 229 ut
912 196 1087 230 excitatum
1099 192 1120 230 ὲ
1129 194 1309 233 cathartico
1319 197 1492 234 tumultun·

105 243 297 292 compescat.
471 257 472 260 ¹
1256 270 1263 277 .
1299 259 1301 262 ·

143 292 225 328 illud
236 304 368 341 quoque
377 291 548 328 observatu
558 294 690 343 dignum
703 292 815 335 tradit,
833 291 1049 342 dysenteriam
1067 293 1279 341 epidemicam
1299 294 1493 344 plerumque

107 342 274 390 urpestem
286 347 318 378 δε
330 341 409 377 alios
429 342 625 391 e‘pidemicos
643 340 776 378 morbos
795 340 851 376 sub
868 343 996 376 initium
1012 343 1155 376 materiae
1170 340 1327 378 subtiliori
1343 350 1376 381 ὃς
1391 347 1492 394 magis

106 389 233 439 spiritali
249 389 398 427 inlidere:
413 391 489 426 hinc
500 393 692 431 irritationes
702 396 735 428 δε
746 402 881 426 conatus
894 389 964 425 sunt
973 389 1207 437 frequentiores
1219 419 1228 434 ‚
1241 396 1274 429 ὃ(
1286 395 1426 428 minores
1437 396 1494 430 de·
1517 410 1519 412 ·

105 440 264 487 jeCkiones
273 469 282 483 ‚
291 452 412 488 ma3ota
423 442 573 482 tormina,
586 451 723 488 tumque
738 449 886 474 ene-mati
897 440 914 475 ὲ
926 438 993 474 sero
1003 438 1093 473 laetis
1102 439 1250 484 adhibet3
1260 440 1350 476 firmil
1361 448 1394 479 &
1405 443 1494 480 idem

107 488 210 523 serum
227 488 354 524 uberius
373 500 430 536 pet
445 502 481 524 os
500 487 688 524 sumendum
705 490 867 537 praecipit,
885 500 920 522 ut
945 500 1032 522 acres
1051 488 1097 522 illi
1116 488 1263 524 humores
1281 492 1496 528 inundatione

106 539 246 585 quadam
264 549 492 586 temperentur.
509 539 598 572 Ideni
613 538 792 572 remedium
806 536 941 571 adhibet
951 536 1086 572 rholerae
1097 537 1220 572 morbo.
1228 541 1288 573 Sed
1304 539 1362 574 ubi
1372 540 1495 577 diutius

106 587 160 621 hic
173 585 305 622 morbus
319 589 350 622 in
365 585 533 635 publicum
550 586 700 635 grassatus
718 586 764 621 est
779 615 788 630 ,
806 597 874 622 tum
886 588 1026 620 materiae
1040 584 1182 620 crasliori
1200 586 1336 632 inlidet,
1354 595 1388 627 δε
1407 591 1496 640 deje-

107 637 231 671 &iones
245 634 324 670 fiunt
341 634 508 671 crassiores.
530 639 582 671 Sic
605 636 697 684 pestis
714 635 768 671 sub
787 638 915 670 initium
930 634 1100 684 plerosque
1114 648 1173 670 nec
1188 640 1360 686 opinantes
1385 642 1496 688 oppri-

106 687 168 719 mit
183 702 190 726 3
205 684 255 719 sed
267 686 368 719 transtu
387 687 541 733 temporis
551 698 624 719 cum
636 685 728 720 febre
745 687 950 734 conjungitur
963 699 971 719 τ
985 685 1072 735 quod
1087 683 1270 734 sanguinem
1285 686 1386 735 ipsum
1405 691 1497 723 inva-

105 734 170 769 dat.
181 732 409 781 Qamobrem
426 746 492 768 tum
509 734 571 772 alia
584 733 770 782 dysenteriae
782 731 953 782 przescribit
970 734 1112 768 remedia
1123 762 1132 776 ‚
1156 746 1273 770 venam
1288 737 1411 780 tundit,
1430 737 1497 773 san-

104 784 236 830 guinem
249 794 405 830 temperat
418 811 426 824 ,
439 782 552 818 leniter
562 795 677 832 purgat
687 813 696 826 ‚
715 786 824 832 opiata
834 781 982 826 adhibet,
992 795 1050 831 pro
1062 793 1142 829 potu
1151 782 1204 829 ¹lac
1212 796 1285 819 cum
1298 785 1395 833 triplo
1406 799 1497 834 aquae

103 831 235 866 costum
247 832 380 879 praebct.
400 834 479 866 Haec
488 835 598 880 utique
608 835 798 881 attingimus
811 862 820 876 ,
833 831 919 880 quod
929 834 1076 880 pauciora
1087 830 1188 867 sintin
1201 833 1307 869 Gallia
1320 834 1407 883 hujus
1419 849 1498 885 ope-

105 881 147 914 ris
167 881 373 927 exemplaria.

139 931 222 964 Sunt
239 929 292 962 alii
303 928 473 963 ventriculi
483 928 618 963 affectus
630 938 698 962 non
716 929 760 962 ita
775 927 935 975 explicatu
951 928 1073 973 faciles,
1084 942 1118 965 ut
1126 925 1229 965 Fames
1242 935 1274 966 &
1284 929 1357 968 fitis.
1367 932 1496 970 Utrius-

104 990 169 1024 que
190 977 296 1012 sedern
312 976 373 1012 effe
384 976 552 1012 nervosam
566 976 734 1017 ventriculi
756 975 980 1012 membranam
1002 980 1123 1013 Vvillis
1150 979 1308 1015 existimat
1328 994 1336 1015 :
1360 983 1442 1018 adeo
1459 994 1496 1018 ut

105 1026 192 1062 fibrae
208 1028 335 1061 inanime
353 1025 474 1061 famem
489 1055 498 1068 ,
514 1024 672 1060 exficcatae
690 1023 771 1059 sitim
794 1037 974 1072 procreent.
988 1025 1068 1060 lllud
1088 1034 1196 1063 tamen
1217 1040 1310 1075 aeque
1325 1030 1496 1067 verifimile

103 1075 200 1112 nobis
212 1076 341 1109 videtur
352 1103 361 1117 ‚
373 1077 523 1112 intimam
536 1087 601 1109 tum
616 1074 799 1122 oesophagi,
810 1085 877 1108 tum
894 1075 1063 1109 ventriculi
1075 1079 1217 1112 tunicam
1226 1077 1386 1127 utriusque
1402 1081 1494 1128 hujus

66 1118 77 1128 ⁶
103 1124 254 1160 naturalis
272 1123 329 1159 affl
338 1125 406 1159 &us
429 1122 534 1157 sedem
554 1122 614 1157 effe
627 1137 634 1158 :
646 1121 720 1157 esim
737 1134 774 1155 ea
787 1122 1019 1170 voluptate-aut
1028 1125 1172 1161 molestia
1184 1125 1268 1161 affici
1283 1126 1394 1173 soleat,
1403 1143 1437 1165 ut
1448 1132 1507 1165 ci.-

105 1172 165 1207 bus
181 1185 288 1222 gratus
299 1173 340 1207 est
350 1172 402 1206 vel
415 1184 552 1221 ingratus
570 1170 690 1219 3litque
699 1172 789 1205 velut
803 1172 1002 1219 exploratrix
1016 1186 1126 1210 eorum
1143 1188 1219 1223 quae
1244 1177 1275 1210 in
1293 1176 1494 1215 stomachum

103 1222 301 1270 ingeruntur.
335 1222 422 1256 Cum
444 1222 582 1268 denique
597 1221 795 1256 fermentum
817 1221 971 1256 stomachi
987 1222 1060 1257 huic
1078 1224 1274 1259 membranae
1290 1225 1440 1272 inlideat3
1457 1241 1495 1263 ac
1530 1231 1534 1234 ”

103 1270 372 1306 verisimillimum
394 1271 538 1304 videatur
560 1283 600 1305 eo
617 1269 705 1305 liicco
724 1269 817 1304 fibras
833 1271 925 1304 aliter
943 1273 975 1305 in
987 1271 1075 1306 fame
1089 1301 1098 1315 ‚
1115 1273 1209 1308 aliter
1226 1275 1258 1308 in
1273 1272 1320 1309 liti
1338 1276 1493 1314 uellicari.

103 1316 225 1367 ltaque
237 1319 338 1354 fames
351 1320 393 1353 est
408 1319 559 1354 stomachi
571 1320 733 1354 vellicatio
743 1320 898 1366 quaedam,
911 1332 1008 1366 quam
1023 1320 1124 1356 efficit
1137 1321 1242 1357 succus
1256 1326 1357 1359 acrior
1371 1327 1388 1361 ὲ
1399 1326 1493 1375 glan-

103 1368 185 1402 dulis
199 1367 372 1417 profluens.
393 1369 492 1404 Unde
509 1374 541 1404 &
562 1369 683 1403 famem
702 1367 798 1402 succis
819 1366 992 1405 acrioribus
1013 1382 1238 1418 provocamus,
1255 1372 1322 1408 Ubi
1336 1373 1440 1411 succus
1459 1377 1494 1411 il·

104 1416 135 1451 le
145 1416 463 1452 nimiumcorrolivus
478 1417 703 1453 membranam
720 1418 891 1453 ventriculi
907 1422 1114 1455 continenter
1129 1421 1240 1457 exedit
1255 1450 1265 1466 ‚
1290 1433 1357 1458 tum
1380 1427 1494 1460 dicitur

53 1506 57 1510 ⁴
102 1465 206 1501 fames
222 1469 346 1503 canina.

135 1518 188 1550 Sic
202 1515 368 1550 vellicatio
381 1513 532 1550 fibrarum
543 1513 586 1560 ab
597 1514 714 1549 aculeis
726 1514 837 1550 salium
851 1545 859 1559 ‚
874 1528 928 1551 aut
940 1518 1040 1552 nimia
1055 1530 1164 1553 earum
1176 1520 1417 1565 distra&io,aut
1427 1524 1496 1560 fau·

102 1565 188 1599 cium
206 1565 337 1599 ariditas
355 1563 436 1599 (itini
458 1576 617 1612 procreat,
644 1566 792 1612 Utraque
817 1564 948 1600 affectio
963 1578 1027 1602 non
1041 1567 1225 1614 expulsione
1248 1570 1329 1605 succi
1346 1574 1493 1615 acrioris,

102 1616 160 1659 qui
180 1614 353 1662 digestioni
374 1614 459 1648 urilis
472 1614 534 1655 est,
561 1611 615 1647 sed
635 1626 729 1648 novae
742 1613 861 1649 acceffii
879 1618 1021 1650 materiae
1036 1616 1166 1651 tollitur.
1197 1619 1283 1654 Haec
1295 1622 1382 1656 enim
1399 1623 1495 1658 instat

104 1661 240 1712 spongiae
253 1662 373 1697 succum
387 1663 478 1696 illurn
489 1661 607 1710 exsugit
622 1676 629 1697 :
651 1674 785 1710 rumque
798 1663 998 1700 membranae
1014 1667 1184 1701 ventriculi
1196 1680 1234 1702 ea
1247 1669 1396 1704 molestia
1410 1671 1495 1707 libe-

103 1722 229 1753 rantur,
246 1717 280 1747 &
291 1714 340 1745 vis
353 1710 508 1746 cori-oliva
518 1711 601 1746 illius
617 1710 696 1746 succi
706 1713 828 1746 utiliter
840 1715 1094 1757 exercetur,dum
1104 1715 1195 1750 cibos
1206 1729 1356 1762 macerat,
1369 1725 1403 1756 Sc
1416 1722 1493 1771 chy-

104 1759 171 1794 lum
192 1759 347 1801 conficir;
376 1760 587 1795 flexibiliores
609 1760 689 1795 fiunt
706 1761 924 1807 membranae,
949 1762 1012 1797 salii
1066 1765 1225 1812 particulae
1246 1779 1325 1814 potu
1345 1767 1494 1806 exsolutae

103 1820 160 1856 per
174 1822 286 1844 ornnes
296 1809 442 1844 ciborum
453 1810 613 1845 anfractus
629 1809 725 1845 altius
739 1823 909 1858 penetrant
923 1839 931 1855 ,
945 1817 979 1849 &
994 1776 1106 1847 egum
1124 1815 1331 1862 digestionem
1344 1845 1353 1859 ,
1376 1823 1410 1854 &
1426 1833 1496 1854 ma-

104 1860 302 1893 cerationem
312 1869 521 1907 promovent.
539 1859 642 1895 Cibus
653 1858 769 1895 fluxilis
783 1860 852 1899 vasa
863 1860 966 1896 lactea
976 1860 1103 1897 facilius
1117 1862 1211 1900 subit.
1229 1867 1275 1899 Ita
1290 1865 1357 1900 fere
1370 1867 1494 1904 Clariis

105 1906 260 1941 Borellus.
974 1918 982 1924 '⁴

135 1955 221 1989 Cum
230 1956 386 1990 alimenta
399 1958 430 1991 in
446 1957 628 1992 ventriculo
637 1958 821 2007 digeruntur
834 1987 843 1999 ‚
859 1970 914 1993 aut
928 1958 1040 2007 chylus
1053 1961 1086 1994 in
1106 1959 1175 2009 ipfis
1189 1963 1343 1998 intestinis
1355 1977 1428 1999 cum
1443 1964 1496 2000 bi-

104 2003 135 2038 le
149 2003 288 2038 &succo
302 2007 482 2051 pancreatis
496 2006 703 2053 permiscetur
715 2035 723 2047 ‚
741 2006 777 2041 fit
790 2007 935 2053 quaedam
957 2008 1169 2045 fermenta-tio
1188 2024 1196 2044 :
1218 2023 1254 2045 ut
1273 2025 1347 2054 cum
1367 2013 1492 2060 spiritus

104 2054 186 2087 aceti
198 2051 329 2087 corallio
340 2081 350 2095 ‚
369 2064 424 2087 ant
434 2057 612 2102 margaritis
629 2054 820 2097 affunditur3
833 2066 968 2099 tumque
985 2054 1118 2090 effluvia
1134 2070 1307 2107 erumpunt
1318 2088 1328 2102 ‚
1342 2073 1411 2109 quae
1424 2062 1494 2111 ple.

103 2113 241 2148 rumque
250 2101 377 2135 dolores
390 2103 422 2136 in
437 2103 617 2137 ventriculo
630 2104 825 2139 &intestinis
838 2102 980 2138 efficiunt
994 2133 1003 2147 ‚
1019 2105 1095 2139 dum
1110 2118 1220 2142 eorum
1237 2111 1356 2144 tunicas
1376 2111 1493 2150 distem

104 2150 192 2184 duur.
206 2151 296 2197 Qin
317 2152 414 2185 eriam
427 2150 481 2185 ubi
501 2151 607 2199 aliqua
623 2164 661 2186 ex
677 2151 766 2186 causa
780 2152 978 2187 membranae
999 2155 1222 2191 intestinorum
1247 2158 1491 2204 distenduntur,

104 2198 199 2233 flatus
213 2210 267 2233 aut
287 2198 416 2234 effluvia
440 2199 480 2236 eo
503 2200 532 2235 se
548 2203 706 2248 recipiunt
722 2216 730 2238 ε
749 2204 796 2236 uri
819 2203 932 2236 accidit
948 2205 981 2238 in
999 2203 1164 2239 doloribus
1186 2205 1394 2254 nephriticis‚
1418 2219 1492 2245 cu'm

106 2246 300 2282 membranae
313 2249 533 2284 intestinorum
545 2250 701 2284 convulsae
714 2251 904 2287 dilatantur:
919 2264 993 2286 nam
1010 2253 1116 2287 statim
1127 2253 1222 2293 flatus
1232 2267 1288 2289 aut
1298 2256 1317 2290 ἓι
1331 2255 1492 2303 sanguine,

105 2308 159 2331 aut
170 2296 210 2330 ab
227 2297 295 2331 aliis
306 2298 495 2334 humoribus
506 2300 612 2334 locum
624 2301 751 2334 inanem
764 2300 890 2347 replent
900 2329 909 2342 ,
929 2306 965 2337 &
976 2301 1102 2336 dolores
1114 2315 1295 2350 procreant.
1321 2306 1374 2340 Sic
1384 2296 1491 2354 ”phan

106 2358 195 2380 maca
204 2347 280 2382 dum
292 2347 541 2384 fermentescunt
553 2378 563 2392 ‚
580 2347 713 2384 effluvia
722 2355 757 2387 δέ
765 2348 858 2386 flatus
867 2349 1019 2398 plurimos
1032 2353 1188 2387 emittunt
1199 2381 1208 2394 ‚
1227 2364 1265 2387 ex
1276 2353 1389 2400 quibus
1407 2358 1492 2392 inte.

1178 2402 1296 2451 ΡΡΡΡ
1320 2405 1341 2450 ij
