1878 2724
575 120 648 157 DE
684 119 988 156 METEORIS.
1436 137 1475 167 79

38 208 40 211 v
135 171 331 218 Qoautem
341 165 441 202 modo
469 165 522 201 ista
542 169 575 203 in
588 167 728 204 nubibus
749 180 981 218 procreentur,
1005 166 1168 217 explicatu
1182 166 1254 204 sane
1267 169 1397 206 arduum
1421 137 1473 205 {lt

88 218 140 254 An
154 217 238 252 forte
252 244 263 260 ‚
282 227 318 251 ut
333 214 460 251 videtur
476 215 620 252 Cartefio
632 245 642 260 ,
655 217 820 253 exhalatio
832 217 996 265 sulphurea
1007 216 1101 252 densa
1118 215 1206 251 nube
1223 219 1401 266 intercepta
1415 248 1425 263 ‚
1440 225 1475 256 δε

87 264 282 314 superiorum
304 263 440 299 nubium
463 276 518 299 aut
538 264 608 300 casu
622 294 632 309 ,
654 278 710 300 aut
730 268 909 315 agitatione
929 263 1130 300 inflammata
1153 277 1279 300 tantum
1311 265 1474 315 fragorem

86 326 160 349 curn
175 312 321 361 fulgetris
335 313 414 349 edit.
439 315 528 348 Hinc
549 314 657 349 aestate
670 343 679 357 ,
698 315 751 349 vel
773 327 931 349 autumno
945 343 954 356 ,
972 320 1004 351 &
1021 316 1161 349 maxime
1176 315 1243 362 post
1267 315 1474 360 tranquillum

86 361 208 397 coelum
219 361 330 396 crebra
346 361 417 396 sunt
426 364 570 397 tonitrua
580 391 589 406 ‚
602 368 636 400 &
650 362 788 412 fulgura.
807 366 895 399 Nam
912 367 1032 411 majore
1045 362 1151 396 calore
1161 375 1240 409 opus
1255 363 1302 397 est
1313 375 1347 397 ut
1356 363 1473 400 halitus

86 410 131 445 illi
142 409 301 458 sulphurei
317 438 326 453 ,
351 415 382 446 δι
394 409 482 445 forte
501 408 684 445 bituminosi
699 411 900 446 attollantur.
925 411 1136 457 Cum-itaque
1154 410 1256 446 nubes
1272 410 1473 447 sublimiores

85 470 158 494 aere
171 458 322 493 calidiore
333 458 497 493 solvuntur
510 486 519 500 ,
545 465 579 495 δε
597 461 629 494 in
652 459 755 494 nubes
770 459 936 494 inferiores
947 460 1117 501 decidunt,
1132 459 1274 506 dumque
1289 460 1476 496 interclusus!

84 519 138 542 aer
154 506 258 541 verfus
270 518 414 542 extrema
425 507 695 555 nubiumprimus
715 508 894 557 egreditur,
920 510 977 553 qui
999 510 1030 542 in
1044 508 1155 542 medio
1169 507 1371 543 concluditur
1386 538 1396 552 ,
1415 522 1472 557 per

83 554 300 603 angustiorem
313 557 434 589 exitum
444 553 581 590 nonfine
593 555 720 604 fragore
731 558 881 604 erumpit.
906 557 1057 603 Tumque
1068 561 1170 604 major
1181 555 1354 591 estsonit-us
1370 585 1378 599 ‚
1397 571 1472 594 cum

84 602 343 639 exhalationibus
369 603 597 640 vehementius
622 606 750 639 arctatis
775 603 900 639 secundi
923 604 1076 640 elementi
1107 603 1233 652 globuli
1251 604 1471 653 expellunturt

84 652 166 687 adeo
182 652 352 686 uthalitus
364 651 525 699 sulphurei
543 655 650 700 primo
671 652 836 688 elemento
862 655 1044 688 innatantes
1068 652 1204 700 speciem
1228 652 1369 689 flammae
1392 667 1471 703 prae..

83 699 184 737 beant
197 729 206 744 ‚
227 702 467 747 circumjectum
482 700 620 735 dilatent
630 713 702 736 aera
715 730 724 744 ,
741 708 774 738 ὅ(
792 701 939 736 horribili
960 701 1088 750 fragore
1098 714 1186 736 aures
1200 702 1387 749 percellant.

132 750 220 784 Hinc
237 748 273 784 fit
290 748 444 797 primo-ut
459 753 560 795 major
571 748 608 784 fit-
626 752 755 784 tonitrui
773 749 862 785 sonus
875 779 884 793 ‚
905 763 969 797 quo
991 750 1093 785 nubes
1112 750 1181 785 sunt
1205 749 1365 786 crassiores
1383 767 1391 788 :
1416 765 1472 787 aer

83 799 204 846 quippe
220 796 334 832 fortius
347 797 495 832 dilatatur
511 826 520 841 ‚
546 809 614 834 tum
626 798 814 842 restituitur,
832 800 918 846 quod
939 798 1052 834 sonum
1070 797 1182 835 efficit.
1202 799 1351 835 Secundo
1371 803 1404 836 in
1422 801 1475 836 lo-

84 849 127 881 cis
139 859 206 894 quae
215 845 379 881 montibus
389 873 399 889 ‚
420 851 452 882 &
469 846 605 881 vallibus
617 846 687 882 sunt
696 846 802 896 aspera
813 876 824 891 ,
838 860 899 881 aer
913 846 1028 882 fortius
1049 846 1205 896 percussus
1225 861 1381 894 majorem
1392 850 1470 884 stre-

107 897 185 930 itum
205 892 326 938 efficit,
341 898 554 942 quemvariae
564 895 752 931 reflexiones
771 908 908 945 augent:
922 907 956 930 ut
970 896 1211 945 exemploillius
1225 901 1282 942 qui
1298 899 1327 932 in
1340 898 1473 946 praecel-

84 908 120 978 Es
137 945 314 992 Hungariae
329 943 497 978 montibus
511 944 684 992 sclopetum
694 942 798 979 emisit
811 974 819 988 ‚
839 950 902 992 jam
916 944 1004 993 supra
1018 946 1225 980 ostendimus.
1240 947 1339 981 Unde
1350 946 1469 983 diuscu.

82 992 214 1027 ledurat
225 990 314 1028 sonus
325 1021 335 1036 ,
346 1004 418 1027 cum
431 992 536 1041 fulgur
547 995 578 1028 in
590 1005 758 1028 momento
770 1005 872 1028 totum
883 1006 955 1028 aeta
972 993 1273 1041 percurrat.›Tertic'>
1287 1008 1358 1030 cum
1368 996 1469 1031 nubes

84 1039 222 1089 superior
245 1041 351 1075 calore
369 1040 470 1076 soluta
485 1044 517 1076 in
536 1040 712 1089 subjeCRam
722 1042 859 1085 decidit,
883 1041 967 1076 simul
979 1054 1103 1090 partem
1115 1043 1199 1077 illius
1212 1043 1302 1080 velut
1317 1045 1470 1093 congela-

86 1101 124 1125 tae
133 1092 215 1125 nivis
234 1089 373 1124 dilsolvit
388 1102 396 1124 :
411 1089 496 1123 unde
512 1091 566 1124 vix
584 1093 804 1124 tonitruaures
824 1090 990 1138 percellit,
1013 1093 1089 1137 quin
1105 1091 1238 1127 simul&
1256 1093 1372 1128 eodem
1391 1106 1471 1128 tem-

85 1150 164 1188 pore
183 1137 313 1173 uberior
329 1137 439 1186 pluvia
457 1138 595 1174 decidat.
606 1139 642 1171 ld
653 1150 760 1173 tamen
773 1138 941 1173 intellectu
953 1139 1000 1173 est
1022 1138 1152 1175 difficile
1166 1139 1223 1186 qui
1238 1139 1305 1175 fieri
1325 1141 1417 1188 poffit
1436 1153 1470 1177 ut

84 1187 188 1230 nub-es
202 1187 272 1222 aliaer
282 1186 402 1223 inalias
421 1188 596 1234 praecipites
606 1198 697 1221 ruant
707 1215 716 1229 ,
727 1199 800 1221 cum
815 1187 895 1222 nihil
909 1187 995 1222 aliud
1010 1186 1069 1223 sint
1079 1217 1089 1232 ‚
1108 1188 1205 1236 quam
1220 1201 1310 1236 aquae
1321 1190 1470 1238 guttulae,

85 1249 155 1282 quae
168 1247 256 1271 tanta
271 1238 303 1271 vi
320 1234 427 1270 delabi
437 1247 503 1270 non
515 1233 656 1283 possunt,
674 1247 708 1270 ut
728 1234 866 1284 superius
879 1237 1074 1272 ostendimus
1085 1265 1094 1281 ‚
1112 1237 1173 1275 nisi
1183 1237 1270 1271 forte
1287 1240 1321 1272 in
1332 1237 1468 1286 glaciem

88 1284 146 1321 fint
163 1295 328 1320 concretae.
972 1328 976 1331 ι

92 1368 94 1371 ,
147 1334 210 1367 Sed
231 1346 440 1382 quaecumque
454 1334 489 1370 sit
507 1333 648 1371 fulminis
663 1362 671 1375 ,
681 1338 714 1369 &
731 1334 866 1369 tonitrui
878 1332 964 1369 causa
978 1362 988 1377 ,
1002 1331 1200 1382 perspicuum
1218 1335 1343 1370 videtur
1352 1347 1388 1371 ex
1400 1349 1467 1372 ma-

87 1384 165 1418 teria
176 1381 340 1431 sulphurea
355 1412 364 1426 ,
376 1395 429 1418 aut
451 1381 643 1418 bituminosa
659 1380 855 1430 potissimum
876 1383 970 1425 cudi3
989 1394 1122 1428 tumque
1137 1383 1258 1419 nitroso
1271 1412 1281 1427 ,
1294 1389 1327 1420 &
1341 1384 1469 1420 volatili

86 1431 148 1467 sale
165 1443 272 1466 aerem
287 1431 445 1466 refertum
458 1430 527 1468 else.
548 1432 646 1467 Unde
659 1442 724 1464 tam
737 1442 874 1479 praeceps
886 1431 967 1466 illius
979 1442 1085 1465 motus
1097 1458 1107 1473 ,
1123 1436 1157 1467 &
1169 1433 1251 1467 odor
1274 1432 1468 1476 sulphureus,

86 1479 263 1529 quasipyrii
281 1479 526 1528 pulveriszsales
538 1479 584 1514 illi
598 1482 630 1514 in
648 1491 732 1525 aqua
747 1479 814 1513 fere
831 1481 927 1515 instar
944 1479 1039 1514 calcis
1058 1479 1263 1516 incalescunt.
1288 1482 1398 1528 Qare
1414 1485 1467 1517 vix

86 1529 188 1565 ullum
205 1530 331 1564 cuditur
348 1528 472 1564 fulmen
489 1540 542 1563 aur
566 1530 698 1562 tonitrui
714 1527 806 1562 sonus
823 1529 969 1570 auditur,
984 1539 1038 1561 aut
1054 1527 1177 1575 fulgura
1191 1529 1303 1564 oculos
1321 1530 1468 1576 perstrin-

86 1589 168 1626 gunt
184 1606 188 1613 .
203 1580 278 1624 quin
295 1579 415 1612 eodem
433 1589 578 1625 tempore
589 1575 690 1610 nubes
706 1578 736 1610 in
751 1589 868 1623 aquam
882 1576 1082 1611 resolvatur:
1100 1576 1223 1611 tametsi
1241 1575 1344 1612 densae
1365 1577 1467 1613 nubes

85 1626 248 1662 interdum
264 1629 344 1660 circa
364 1625 533 1660 horisonris
551 1624 689 1659 limbum
705 1623 751 1658 ful
777 1636 870 1659 urant
884 1627 962 1659 citra
980 1626 1114 1659 tonitrui
1136 1623 1307 1662 bombum.
1340 1628 1418 1660 Sive
1434 1628 1467 1662 id

88 1674 212 1710 accidat
222 1675 308 1721 quod
321 1672 421 1709 nubes
437 1677 540 1708 minus
560 1672 655 1707 densa
666 1686 732 1708 non
748 1637 818 1707 {itis
828 1673 932 1707 valida
944 1671 981 1707 sit
994 1701 1004 1715 ‚
1014 1686 1086 1720 quae
1095 1685 1204 1708 aetem
1223 1676 1364 1722 exagitet
1375 1689 1382 1710 :
1393 1687 1466 1710 cum

88 1734 197 1758 tamen
215 1723 361 1770 quaedam
371 1723 580 1758 exhalationis
596 1733 701 1770 partes
716 1723 820 1767 primo
841 1721 1006 1756 elemento
1025 1724 1207 1757 innatantes
1220 1722 1349 1757 vibrent
1358 1723 1467 1771 fulgu—

88 1783 122 1806 ra
135 1789 144 1815 3
158 1770 221 1805 five
235 1783 269 1806 ut
287 1772 446 1806 existimat
469 1773 518 1805 vir
530 1769 652 1805 doffill'.
671 1767 773 1804 nubes
787 1770 846 1804 illae
865 1770 989 1818 longius
1008 1770 1029 1805 a
1050 1768 1142 1804 nobis
1162 1771 1412 1818 distent‚quam
1433 1783 1468 1806 ut

89 1822 220 1855 tonitrui
235 1819 374 1854 bombus
389 1820 428 1854 ad
446 1833 503 1854 nos
523 1821 704 1868 perveniat.
734 1821 771 1853 Et
784 1818 856 1853 sane
874 1819 1064 1867 plerumque
1082 1822 1194 1854 evenit
1208 1831 1244 1855 ut
1257 1822 1342 1856 inter
1355 1819 1468 1855 crebra

89 1868 144 1905 illa
158 1868 283 1917 fulgura
295 1869 458 1914 quoddam
478 1879 619 1903 murmur
631 1879 669 1901 ex
684 1867 782 1916 longo
800 1867 972 1902 intervallo
988 1868 1141 1902 audiatur.

133 1917 286 1951 Fulminis
299 1922 332 1953 δε
356 1918 490 1952 tonitrui
514 1916 723 1963 phaenomena
741 1929 778 1950 ex
795 1915 999 1965 percuslionis
1013 1915 1137 1963 legibus
1149 1929 1268 1965 magna
1285 1917 1469 1966 probabili..

91 1975 157 2000 tate
167 1966 298 1999 deducit
315 1965 403 1999 idem
419 1967 466 1999 vir
476 1963 586 2000 clai-its.
597 1966 628 1998 in
645 1966 738 2000 tradi.
752 1966 792 1999 de
807 1977 978 2013 corporum
995 1964 1171 2001 collisione.
1191 1968 1239 2001 Ac
1263 1969 1368 2014 primo
1391 1970 1466 2015 qui-

91 2014 166 2048 dem
180 2015 289 2061 ingens
304 2012 359 2046 ille
379 2013 524 2061 strepitus
537 2024 576 2046 ex
588 2024 694 2047 motus
705 2013 874 2047 celeritate
885 2043 893 2057 ,
904 2026 965 2061 prae
975 2012 1078 2048 subita
1094 2016 1175 2048 aeris
1194 2014 1384 2050 dilatatione
1396 2028 1470 2064 pro-

89 2060 235 2096 ficiscitur
248 2090 256 2100 ,
272 2073 332 2096 nec
350 2073 414 2095 non
429 2073 464 2094 ex
481 2063 625 2108 repetitis
638 2088 647 2102 ,
660 2066 692 2096 ὅ(
703 2060 822 2095 crebris
837 2060 974 2097 flammae
985 2061 1206 2109 eruptionibus
1221 2063 1354 2109 :quales
1368 2066 1400 2098 in
1420 2067 1469 2099 ni-

92 2110 172 2145 trosi
192 2108 345 2144 omnibus
362 2107 495 2143 accenfis
514 2112 710 2156 experimur.
736 2112 823 2145 Nam
837 2110 959 2158 spiritus
986 2111 1033 2145 his
1053 2109 1167 2146 salibus
1186 2110 1322 2146 conclusi
1341 2124 1462 2159 magno

89 2159 214 2206 impetu
229 2171 335 2192 aerem
349 2157 534 2199 verberant,
548 2163 580 2193 δι
593 2157 728 2192 dilatant
740 2187 749 2201 ,
761 2170 796 2192 ut
810 2160 840 2192 in
851 2172 929 2193 auro
939 2159 1131 2194 fulminante
1141 2161 1309 2196 cernimus,

128 2217 172 2244 τ’.
200 2206 440 2242 coruscationes
456 2205 515 2239 illae
533 2204 720 2247 subitaneae,
743 2211 775 2242 ὅ(
788 2210 934 2254 repetitae
953 2207 1097 2244 fulminis
1113 2210 1281 2242 materiam
1296 2220 1411 2256 magna
1433 2212 1468 2243 vi

93 2257 125 2290 in
140 2268 264 2303 parti-m
280 2254 456 2303 oppositam
472 2254 657 2302 propellunt
669 2282 678 2296 ,
696 2252 735 2288 fic
747 2266 854 2290 tamen
872 2268 908 2291 ut
921 2256 963 2290 ab
986 2254 1077 2303 ipsius
1101 2258 1182 2290 aeris
1201 2258 1234 2288 vi
1254 2255 1379 2289 elastica
1400 2269 1467 2292 non

94 2305 296 2341 mediocriter
313 2303 487 2353 repellatur
497 2316 509 2338 -:
521 2302 590 2339 fere
605 2304 684 2339 utin
698 2303 864 2352 pyrobolis
872 2333 883 2351 ,
895 2311 929 2344 δι
940 2307 975 2344 in
984 2305 1154 2342 tormentis
1164 2302 1288 2337 bellicis
1299 2306 1464 2342 cernimus.

1151 2350 1246 2389 Bbb
1275 2354 1296 2400 ij
