<?xml version="1.0" encoding="UTF-8"?>
<!DOCTYPE html PUBLIC "-//W3C//DTD XHTML 1.0 Transitional//EN"
    "http://www.w3.org/TR/xhtml1/DTD/xhtml1-transitional.dtd">
<html xmlns="http://www.w3.org/1999/xhtml" xml:lang="en" lang="en">
 <head>
  <title>
</title>
<meta http-equiv="Content-Type" content="text/html;charset=utf-8" />
  <meta name='ocr-system' content='tesseract 3.04.00' />
  <meta name='ocr-capabilities' content='ocr_page ocr_carea ocr_par ocr_line ocrx_word'/>
</head>
<body>
  <div class='ocr_page' id='page_1' title='image "./philosophiavetus02duhauoft_0239.png"; bbox 0 0 1878 2724; ppageno 0'>
   <div class='ocr_carea' id='block_1_1' title="bbox 57 86 1444 434">
    <p class='ocr_par' dir='ltr' id='par_1_1' title="bbox 57 86 1444 434">
     <span class='ocr_line' id='line_1_1' title="bbox 431 86 1443 138; baseline -0.006 -10"><span class='ocrx_word' id='word_1_1' title='bbox 431 88 789 129; x_wconf 82' lang='lat' dir='ltr'>TRACTATUS</span> <span class='ocrx_word' id='word_1_2' title='bbox 821 86 1090 126; x_wconf 78' lang='lat' dir='ltr'><strong>TERTIUS.</strong></span> <span class='ocrx_word' id='word_1_3' title='bbox 1387 107 1443 138; x_wconf 88' lang='lat'>²27</span> 
     </span>
     <span class='ocr_line' id='line_1_2' title="bbox 57 136 1442 194; baseline -0.005 -13"><span class='ocrx_word' id='word_1_4' title='bbox 57 139 262 194; x_wconf 51' lang='lat' dir='ltr'>separentur:</span> <span class='ocrx_word' id='word_1_5' title='bbox 276 152 349 178; x_wconf 85' lang='lat' dir='ltr'>cum</span> <span class='ocrx_word' id='word_1_6' title='bbox 363 152 470 191; x_wconf 83' lang='lat' dir='ltr'>patres</span> <span class='ocrx_word' id='word_1_7' title='bbox 490 142 562 176; x_wconf 86' lang='lat' dir='ltr'>duri</span> <span class='ocrx_word' id='word_1_8' title='bbox 578 152 634 175; x_wconf 87' lang='lat' dir='ltr'>cor</span> <span class='ocrx_word' id='word_1_9' title='bbox 657 141 721 174; x_wconf 88' lang='lat' dir='ltr'>oris</span> <span class='ocrx_word' id='word_1_10' title='bbox 734 141 837 175; x_wconf 86' lang='lat' dir='ltr'>motui</span> <span class='ocrx_word' id='word_1_11' title='bbox 855 138 939 173; x_wconf 88' lang='lat' dir='ltr'>adeo</span> <span class='ocrx_word' id='word_1_12' title='bbox 953 136 1096 173; x_wconf 76' lang='lat' dir='ltr'>resistant</span> <span class='ocrx_word' id='word_1_13' title='bbox 1108 167 1119 182; x_wconf 91' lang='lat'>‚</span> <span class='ocrx_word' id='word_1_14' title='bbox 1142 147 1178 174; x_wconf 91' lang='lat' dir='ltr'>ut</span> <span class='ocrx_word' id='word_1_15' title='bbox 1191 140 1246 174; x_wconf 83' lang='lat' dir='ltr'>vix</span> <span class='ocrx_word' id='word_1_16' title='bbox 1258 138 1357 174; x_wconf 90' lang='lat' dir='ltr'>dividi</span> <span class='ocrx_word' id='word_1_17' title='bbox 1371 143 1442 189; x_wconf 83' lang='lat' dir='ltr'>pos.</span> 
     </span>
     <span class='ocr_line' id='line_1_3' title="bbox 60 152 1442 239; baseline -0.003 -10"><span class='ocrx_word' id='word_1_18' title='bbox 60 194 130 231; x_wconf 64' lang='lat' dir='ltr'>fflit.</span> <span class='ocrx_word' id='word_1_19' title='bbox 144 196 220 231; x_wconf 89' lang='lat' dir='ltr'>Hoc</span> <span class='ocrx_word' id='word_1_20' title='bbox 234 190 315 228; x_wconf 72' lang='lat' dir='ltr'>vero</span> <span class='ocrx_word' id='word_1_21' title='bbox 326 192 459 239; x_wconf 87' lang='lat' dir='ltr'>dignum</span> <span class='ocrx_word' id='word_1_22' title='bbox 470 192 514 226; x_wconf 86' lang='lat' dir='ltr'>est</span> <span class='ocrx_word' id='word_1_23' title='bbox 526 152 712 238; x_wconf 61' lang='lat' dir='ltr'>Philosgphi</span> <span class='ocrx_word' id='word_1_24' title='bbox 729 186 1020 236; x_wconf 82' lang='lat' dir='ltr'><strong>contemplatione.</strong></span> <span class='ocrx_word' id='word_1_25' title='bbox 1044 189 1165 235; x_wconf 87' lang='lat' dir='ltr'>Neque</span> <span class='ocrx_word' id='word_1_26' title='bbox 1181 190 1269 223; x_wconf 84' lang='lat' dir='ltr'>enim</span> <span class='ocrx_word' id='word_1_27' title='bbox 1287 201 1442 238; x_wconf 81' lang='lat' dir='ltr'>magnum</span> 
     </span>
     <span class='ocr_line' id='line_1_4' title="bbox 60 236 1442 292; baseline -0.004 -14"><span class='ocrx_word' id='word_1_28' title='bbox 60 243 215 292; x_wconf 80' lang='lat' dir='ltr'>quiddam</span> <span class='ocrx_word' id='word_1_29' title='bbox 226 269 238 285; x_wconf 93' lang='lat'><strong><em>,</em></strong></span> <span class='ocrx_word' id='word_1_30' title='bbox 256 252 313 276; x_wconf 86' lang='lat' dir='ltr'>aut</span> <span class='ocrx_word' id='word_1_31' title='bbox 322 240 423 289; x_wconf 76' lang='lat' dir='ltr'>vulgo</span> <span class='ocrx_word' id='word_1_32' title='bbox 441 240 648 288; x_wconf 88' lang='lat' dir='ltr'>incognitum</span> <span class='ocrx_word' id='word_1_33' title='bbox 657 239 755 274; x_wconf 83' lang='lat' dir='ltr'>docet</span> <span class='ocrx_word' id='word_1_34' title='bbox 763 268 772 282; x_wconf 89' lang='lat'><em>‚</em></span> <span class='ocrx_word' id='word_1_35' title='bbox 790 241 846 286; x_wconf 90' lang='lat' dir='ltr'>qui</span> <span class='ocrx_word' id='word_1_36' title='bbox 860 237 991 272; x_wconf 88' lang='lat' dir='ltr'>humida</span> <span class='ocrx_word' id='word_1_37' title='bbox 999 247 1055 270; x_wconf 86' lang='lat' dir='ltr'>aut</span> <span class='ocrx_word' id='word_1_38' title='bbox 1068 236 1190 284; x_wconf 85' lang='lat' dir='ltr'>liquida</span> <span class='ocrx_word' id='word_1_39' title='bbox 1198 236 1343 273; x_wconf 87' lang='lat' dir='ltr'>diffluere</span> <span class='ocrx_word' id='word_1_40' title='bbox 1355 267 1365 282; x_wconf 86' lang='lat'>,</span> <span class='ocrx_word' id='word_1_41' title='bbox 1386 239 1442 276; x_wconf 82' lang='lat' dir='ltr'>nifi</span> 
     </span>
     <span class='ocr_line' id='line_1_5' title="bbox 60 285 1442 338; baseline -0.003 -10"><span class='ocrx_word' id='word_1_42' title='bbox 60 290 134 328; x_wconf 85' lang='lat' dir='ltr'>vase</span> <span class='ocrx_word' id='word_1_43' title='bbox 146 290 288 338; x_wconf 85' lang='lat' dir='ltr'>quodam</span> <span class='ocrx_word' id='word_1_44' title='bbox 303 293 530 326; x_wconf 82' lang='lat' dir='ltr'>contineantur</span> <span class='ocrx_word' id='word_1_45' title='bbox 542 304 551 331; x_wconf 75' lang='lat'>3</span> <span class='ocrx_word' id='word_1_46' title='bbox 565 287 643 322; x_wconf 87' lang='lat' dir='ltr'>dura</span> <span class='ocrx_word' id='word_1_47' title='bbox 651 299 707 323; x_wconf 88' lang='lat' dir='ltr'>aut</span> <span class='ocrx_word' id='word_1_48' title='bbox 718 286 793 322; x_wconf 81' lang='lat' dir='ltr'>sicca</span> <span class='ocrx_word' id='word_1_49' title='bbox 806 287 866 322; x_wconf 87' lang='lat' dir='ltr'>suis</span> <span class='ocrx_word' id='word_1_50' title='bbox 886 287 1029 320; x_wconf 86' lang='lat' dir='ltr'>terminis</span> <span class='ocrx_word' id='word_1_51' title='bbox 1043 285 1208 322; x_wconf 83' lang='lat' dir='ltr'>confistere</span> <span class='ocrx_word' id='word_1_52' title='bbox 1217 315 1228 330; x_wconf 91' lang='lat'>,</span> <span class='ocrx_word' id='word_1_53' title='bbox 1245 299 1349 334; x_wconf 90' lang='lat' dir='ltr'>neque</span> <span class='ocrx_word' id='word_1_54' title='bbox 1361 286 1391 322; x_wconf 90' lang='lat' dir='ltr'>se</span> <span class='ocrx_word' id='word_1_55' title='bbox 1399 289 1442 324; x_wconf 88' lang='lat' dir='ltr'>ad</span> 
     </span>
     <span class='ocr_line' id='line_1_6' title="bbox 61 335 1444 384; baseline -0.004 -8"><span class='ocrx_word' id='word_1_56' title='bbox 61 338 139 376; x_wconf 83' lang='lat' dir='ltr'>vafis</span> <span class='ocrx_word' id='word_1_57' title='bbox 154 339 300 374; x_wconf 87' lang='lat' dir='ltr'>formam·</span> <span class='ocrx_word' id='word_1_58' title='bbox 311 338 558 374; x_wconf 86' lang='lat' dir='ltr'>accommodare</span> <span class='ocrx_word' id='word_1_59' title='bbox 574 365 584 380; x_wconf 91' lang='lat'>‚</span> <span class='ocrx_word' id='word_1_60' title='bbox 609 347 665 372; x_wconf 89' lang='lat' dir='ltr'>aut</span> <span class='ocrx_word' id='word_1_61' title='bbox 679 335 775 371; x_wconf 71' lang='lat' dir='ltr'>facile</span> <span class='ocrx_word' id='word_1_62' title='bbox 791 336 892 369; x_wconf 85' lang='lat' dir='ltr'>dividi</span> <span class='ocrx_word' id='word_1_63' title='bbox 905 336 1104 381; x_wconf 81' lang='lat' dir='ltr'>pronuntiat.</span> <span class='ocrx_word' id='word_1_64' title='bbox 1120 336 1154 370; x_wconf 83' lang='lat' dir='ltr'>ld</span> <span class='ocrx_word' id='word_1_65' title='bbox 1169 338 1257 371; x_wconf 88' lang='lat' dir='ltr'>enim</span> <span class='ocrx_word' id='word_1_66' title='bbox 1272 338 1444 384; x_wconf 74' lang='lat' dir='ltr'>quaetimus</span> 
     </span>
     <span class='ocr_line' id='line_1_7' title="bbox 59 382 1365 434; baseline -0.005 -7"><span class='ocrx_word' id='word_1_67' title='bbox 59 388 248 427; x_wconf 76' lang='lat' dir='ltr'>unde-inter</span> <span class='ocrx_word' id='word_1_68' title='bbox 260 387 314 424; x_wconf 81' lang='lat' dir='ltr'>illa</span> <span class='ocrx_word' id='word_1_69' title='bbox 325 389 402 424; x_wconf 83' lang='lat' dir='ltr'>dura</span> <span class='ocrx_word' id='word_1_70' title='bbox 412 393 448 425; x_wconf 69' lang='grc'>86</span> <span class='ocrx_word' id='word_1_71' title='bbox 457 386 554 424; x_wconf 69' lang='lat' dir='ltr'>fluida</span> <span class='ocrx_word' id='word_1_72' title='bbox 564 415 575 432; x_wconf 88' lang='lat'><em>,</em></span> <span class='ocrx_word' id='word_1_73' title='bbox 585 383 662 420; x_wconf 82' lang='lat' dir='ltr'>sicca</span> <span class='ocrx_word' id='word_1_74' title='bbox 672 391 707 423; x_wconf 87' lang='lat'>&amp;</span> <span class='ocrx_word' id='word_1_75' title='bbox 718 384 850 421; x_wconf 86' lang='lat' dir='ltr'>humida</span> <span class='ocrx_word' id='word_1_76' title='bbox 861 382 1030 419; x_wconf 75' lang='lat' dir='ltr'>discrimen</span> <span class='ocrx_word' id='word_1_77' title='bbox 1047 385 1176 421; x_wconf 83' lang='lat' dir='ltr'>oriatur.</span> <span class='ocrx_word' id='word_1_78' title='bbox 1193 387 1242 421; x_wconf 87' lang='lat' dir='ltr'>Sit</span> <span class='ocrx_word' id='word_1_79' title='bbox 1253 387 1365 434; x_wconf 86' lang='lat' dir='ltr'>itaque</span> 
     </span>
    </p>
   </div>
   <div class='ocr_carea' id='block_1_2' title="bbox 603 482 915 528">
    <p class='ocr_par' dir='ltr' id='par_1_2' title="bbox 603 482 915 528">
     <span class='ocr_line' id='line_1_8' title="bbox 603 482 915 528; baseline -0.003 -9"><span class='ocrx_word' id='word_1_80' title='bbox 603 485 718 520; x_wconf 79' lang='lat' dir='ltr'>Prima</span> <span class='ocrx_word' id='word_1_81' title='bbox 741 482 915 528; x_wconf 73' lang='lat' dir='ltr'>Conclusio.</span> 
     </span>
    </p>
   </div>
   <div class='ocr_carea' id='block_1_3' title="bbox 51 580 1446 2387">
    <p class='ocr_par' dir='ltr' id='par_1_3' title="bbox 59 580 1441 681">
     <span class='ocr_line' id='line_1_9' title="bbox 93 580 1441 632; baseline -0.001 -12"><span class='ocrx_word' id='word_1_82' title='bbox 93 582 297 621; x_wconf 77' lang='lat' dir='ltr'>Fluidiratem</span> <span class='ocrx_word' id='word_1_83' title='bbox 307 581 406 619; x_wconf 84' lang='lat' dir='ltr'>efficit</span> <span class='ocrx_word' id='word_1_84' title='bbox 414 585 554 632; x_wconf 75' lang='lat' dir='ltr'>partium</span> <span class='ocrx_word' id='word_1_85' title='bbox 567 580 884 631; x_wconf 57' lang='lat' dir='ltr'>exiguitas135gura5</span> <span class='ocrx_word' id='word_1_86' title='bbox 897 591 1022 617; x_wconf 81' lang='lat' dir='ltr'>textura</span> <span class='ocrx_word' id='word_1_87' title='bbox 1035 583 1075 617; x_wconf 82' lang='lat' dir='ltr'>ad</span> <span class='ocrx_word' id='word_1_88' title='bbox 1089 582 1215 618; x_wconf 85' lang='lat' dir='ltr'>motum</span> <span class='ocrx_word' id='word_1_89' title='bbox 1225 583 1373 632; x_wconf 73' lang='lat' dir='ltr'>expedita</span> <span class='ocrx_word' id='word_1_90' title='bbox 1384 613 1394 628; x_wconf 85' lang='lat'><em>,</em></span> <span class='ocrx_word' id='word_1_91' title='bbox 1407 590 1441 622; x_wconf 83' lang='lat'>&amp;</span> 
     </span>
     <span class='ocr_line' id='line_1_10' title="bbox 59 631 1258 681; baseline -0.003 -11"><span class='ocrx_word' id='word_1_92' title='bbox 59 637 168 670; x_wconf 69' lang='lat' dir='ltr'>motus</span> <span class='ocrx_word' id='word_1_93' title='bbox 181 632 246 681; x_wconf 88' lang='lat' dir='ltr'>ipse</span> <span class='ocrx_word' id='word_1_94' title='bbox 255 631 297 668; x_wconf 84' lang='lat' dir='ltr'>ab</span> <span class='ocrx_word' id='word_1_95' title='bbox 315 633 434 668; x_wconf 86' lang='lat' dir='ltr'>aethere</span> <span class='ocrx_word' id='word_1_96' title='bbox 445 661 455 676; x_wconf 93' lang='lat'>‚</span> <span class='ocrx_word' id='word_1_97' title='bbox 464 632 517 668; x_wconf 85' lang='lat' dir='ltr'>vel</span> <span class='ocrx_word' id='word_1_98' title='bbox 525 644 598 667; x_wconf 87' lang='lat' dir='ltr'>aere</span> <span class='ocrx_word' id='word_1_99' title='bbox 609 659 620 675; x_wconf 93' lang='lat'>‚</span> <span class='ocrx_word' id='word_1_100' title='bbox 631 631 689 667; x_wconf 44' lang='lat' dir='ltr'>vel,</span> <span class='ocrx_word' id='word_1_101' title='bbox 696 632 830 667; x_wconf 87' lang='lat' dir='ltr'>humore</span> <span class='ocrx_word' id='word_1_102' title='bbox 840 633 1072 666; x_wconf 82' lang='lat' dir='ltr'>intercurrente</span> <span class='ocrx_word' id='word_1_103' title='bbox 1084 631 1258 680; x_wconf 65' lang='lat' dir='ltr'>profeciuS.</span> 
     </span>
    </p>

    <p class='ocr_par' dir='ltr' id='par_1_4' title="bbox 56 678 1446 876">
     <span class='ocr_line' id='line_1_11' title="bbox 68 678 1444 730; baseline 0.003 -19"><span class='ocrx_word' id='word_1_104' title='bbox 68 707 73 711; x_wconf 74' lang='grc'>,</span> <span class='ocrx_word' id='word_1_105' title='bbox 100 680 198 718; x_wconf 80' lang='lat' dir='ltr'>Proh.</span> <span class='ocrx_word' id='word_1_106' title='bbox 207 681 246 716; x_wconf 62' lang='grc' dir='ltr'>ῥ’</span> <span class='ocrx_word' id='word_1_107' title='bbox 259 682 444 730; x_wconf 79' lang='lat' dir='ltr'>explicatur</span> <span class='ocrx_word' id='word_1_108' title='bbox 455 682 552 718; x_wconf 66' lang='lat' dir='ltr'>conclg</span> <span class='ocrx_word' id='word_1_109' title='bbox 565 683 609 716; x_wconf 59' lang='lat' dir='ltr'>1n2·</span> <span class='ocrx_word' id='word_1_110' title='bbox 618 680 832 716; x_wconf 80' lang='lat' dir='ltr'>hocmaxime</span> <span class='ocrx_word' id='word_1_111' title='bbox 844 678 940 715; x_wconf 77' lang='lat' dir='ltr'>fluida</span> <span class='ocrx_word' id='word_1_112' title='bbox 954 692 1091 729; x_wconf 81' lang='lat' dir='ltr'>corpora</span> <span class='ocrx_word' id='word_1_113' title='bbox 1103 679 1216 715; x_wconf 68' lang='lat' dir='ltr'>aduris</span> <span class='ocrx_word' id='word_1_114' title='bbox 1228 685 1261 717; x_wconf 86' lang='lat'>&amp;</span> <span class='ocrx_word' id='word_1_115' title='bbox 1276 679 1362 716; x_wconf 84' lang='lat' dir='ltr'>ficcis</span> <span class='ocrx_word' id='word_1_116' title='bbox 1375 682 1444 718; x_wconf 72' lang='lat' dir='ltr'>dif,</span> 
     </span>
     <span class='ocr_line' id='line_1_12' title="bbox 57 727 1445 778; baseline 0.001 -12"><span class='ocrx_word' id='word_1_117' title='bbox 57 730 168 766; x_wconf 75' lang='lat' dir='ltr'>ferunt</span> <span class='ocrx_word' id='word_1_118' title='bbox 178 759 188 775; x_wconf 91' lang='lat'>,</span> <span class='ocrx_word' id='word_1_119' title='bbox 207 730 294 778; x_wconf 88' lang='lat' dir='ltr'>quod</span> <span class='ocrx_word' id='word_1_120' title='bbox 308 741 420 765; x_wconf 87' lang='lat' dir='ltr'>eorum</span> <span class='ocrx_word' id='word_1_121' title='bbox 439 741 545 778; x_wconf 83' lang='lat' dir='ltr'>partes</span> <span class='ocrx_word' id='word_1_122' title='bbox 563 728 658 765; x_wconf 62' lang='lat' dir='ltr'>facile</span> <span class='ocrx_word' id='word_1_123' title='bbox 672 730 732 765; x_wconf 91' lang='lat' dir='ltr'>huc</span> <span class='ocrx_word' id='word_1_124' title='bbox 745 728 819 764; x_wconf 88' lang='lat' dir='ltr'>illuc</span> <span class='ocrx_word' id='word_1_125' title='bbox 829 740 1042 772; x_wconf 82' lang='lat' dir='ltr'>moveantur,</span> <span class='ocrx_word' id='word_1_126' title='bbox 1057 734 1090 766; x_wconf 71' lang='grc' dir='ltr'>ὅ(</span> <span class='ocrx_word' id='word_1_127' title='bbox 1102 727 1249 764; x_wconf 83' lang='lat' dir='ltr'>divifioni</span> <span class='ocrx_word' id='word_1_128' title='bbox 1261 733 1445 768; x_wconf 87' lang='lat' dir='ltr'>motuinon·</span> 
     </span>
     <span class='ocr_line' id='line_1_13' title="bbox 57 775 1446 827; baseline -0.001 -13"><span class='ocrx_word' id='word_1_129' title='bbox 57 778 188 815; x_wconf 83' lang='lat' dir='ltr'>obstent</span> <span class='ocrx_word' id='word_1_130' title='bbox 203 796 212 823; x_wconf 82' lang='lat'>3</span> <span class='ocrx_word' id='word_1_131' title='bbox 222 790 334 814; x_wconf 81' lang='lat' dir='ltr'>contra</span> <span class='ocrx_word' id='word_1_132' title='bbox 351 789 450 827; x_wconf 82' lang='lat' dir='ltr'>atque</span> <span class='ocrx_word' id='word_1_133' title='bbox 459 782 570 815; x_wconf 86' lang='lat' dir='ltr'>evenit</span> <span class='ocrx_word' id='word_1_134' title='bbox 583 781 618 814; x_wconf 85' lang='lat' dir='ltr'>in</span> <span class='ocrx_word' id='word_1_135' title='bbox 627 779 719 813; x_wconf 70' lang='lat' dir='ltr'>duris</span> <span class='ocrx_word' id='word_1_136' title='bbox 726 777 941 827; x_wconf 67' lang='lat' dir='ltr'>corporibus:</span> <span class='ocrx_word' id='word_1_137' title='bbox 960 777 1013 813; x_wconf 84' lang='lat' dir='ltr'>sed</span> <span class='ocrx_word' id='word_1_138' title='bbox 1025 777 1101 814; x_wconf 87' lang='lat' dir='ltr'>illud</span> <span class='ocrx_word' id='word_1_139' title='bbox 1111 775 1261 815; x_wconf 79' lang='lat' dir='ltr'>efficiunt</span> <span class='ocrx_word' id='word_1_140' title='bbox 1272 779 1446 816; x_wconf 65' lang='lat' dir='ltr'>mechani-¹</span> 
     </span>
     <span class='ocr_line' id='line_1_14' title="bbox 56 827 835 876; baseline 0.003 -13"><span class='ocrx_word' id='word_1_141' title='bbox 56 839 102 863; x_wconf 84' lang='lat' dir='ltr'>cae</span> <span class='ocrx_word' id='word_1_142' title='bbox 119 827 309 864; x_wconf 63' lang='lat' dir='ltr'>affectiones</span> <span class='ocrx_word' id='word_1_143' title='bbox 323 839 405 875; x_wconf 86' lang='lat' dir='ltr'>quas</span> <span class='ocrx_word' id='word_1_144' title='bbox 417 827 595 866; x_wconf 71' lang='lat' dir='ltr'>attulimus,</span> <span class='ocrx_word' id='word_1_145' title='bbox 610 828 633 859; x_wconf 64' lang='lat'>-&#39;</span> <span class='ocrx_word' id='word_1_146' title='bbox 829 872 835 876; x_wconf 16' lang='grc' dir='ltr'>ἡ</span> 
     </span>
    </p>

    <p class='ocr_par' dir='ltr' id='par_1_5' title="bbox 52 873 1446 1656">
     <span class='ocr_line' id='line_1_15' title="bbox 89 873 1441 926; baseline 0.001 -13"><span class='ocrx_word' id='word_1_147' title='bbox 89 877 239 913; x_wconf 63' lang='lat' dir='ltr'>Primum·</span> <span class='ocrx_word' id='word_1_148' title='bbox 250 880 343 912; x_wconf 83' lang='lat' dir='ltr'>enim</span> <span class='ocrx_word' id='word_1_149' title='bbox 355 878 515 926; x_wconf 80' lang='lat' dir='ltr'>exiguitas</span> <span class='ocrx_word' id='word_1_150' title='bbox 531 875 721 926; x_wconf 65' lang='lat' dir='ltr'>partiumid</span> <span class='ocrx_word' id='word_1_151' title='bbox 729 873 875 925; x_wconf 55' lang='grc' dir='ltr'>ἱππῆες</span> <span class='ocrx_word' id='word_1_152' title='bbox 890 877 977 912; x_wconf 75' lang='lat' dir='ltr'>uta-d</span> <span class='ocrx_word' id='word_1_153' title='bbox 986 887 1114 913; x_wconf 82' lang='lat' dir='ltr'>motum</span> <span class='ocrx_word' id='word_1_154' title='bbox 1127 875 1185 913; x_wconf 70' lang='lat' dir='ltr'>sint</span> <span class='ocrx_word' id='word_1_155' title='bbox 1198 890 1291 926; x_wconf 88' lang='lat' dir='ltr'>prom</span> <span class='ocrx_word' id='word_1_156' title='bbox 1317 881 1414 915; x_wconf 87' lang='lat' dir='ltr'>tiores</span> <span class='ocrx_word' id='word_1_157' title='bbox 1429 894 1441 924; x_wconf 71' lang='lat'>3</span> 
     </span>
     <span class='ocr_line' id='line_1_16' title="bbox 55 924 1446 976; baseline 0.001 -15"><span class='ocrx_word' id='word_1_158' title='bbox 55 938 94 962; x_wconf 79' lang='lat' dir='ltr'>ac</span> <span class='ocrx_word' id='word_1_159' title='bbox 105 924 871 963; x_wconf 62' lang='lat' dir='ltr'>subtilis&gt;materiae-incursu‹faciliusdividantun</span> <span class='ocrx_word' id='word_1_160' title='bbox 884 928 973 963; x_wconf 84' lang='lat' dir='ltr'>Nam</span> <span class='ocrx_word' id='word_1_161' title='bbox 986 925 1007 961; x_wconf 82' lang='lat' dir='ltr'>fi</span> <span class='ocrx_word' id='word_1_162' title='bbox 1017 938 1124 976; x_wconf 85' lang='lat' dir='ltr'>partes</span> <span class='ocrx_word' id='word_1_163' title='bbox 1135 925 1194 962; x_wconf 86' lang='lat' dir='ltr'>fint</span> <span class='ocrx_word' id='word_1_164' title='bbox 1203 933 1286 976; x_wconf 81' lang='lat' dir='ltr'>maju</span> <span class='ocrx_word' id='word_1_165' title='bbox 1300 929 1376 964; x_wconf 81' lang='lat' dir='ltr'>culae</span> <span class='ocrx_word' id='word_1_166' title='bbox 1386 958 1396 973; x_wconf 91' lang='lat'>‚</span> <span class='ocrx_word' id='word_1_167' title='bbox 1407 935 1446 967; x_wconf 78' lang='lat'>&amp;-</span> 
     </span>
     <span class='ocr_line' id='line_1_17' title="bbox 54 972 1443 1023; baseline 0 -13"><span class='ocrx_word' id='word_1_168' title='bbox 54 973 218 1011; x_wconf 77' lang='lat' dir='ltr'>craffiores</span> <span class='ocrx_word' id='word_1_169' title='bbox 226 1003 236 1019; x_wconf 90' lang='lat'>,</span> <span class='ocrx_word' id='word_1_170' title='bbox 245 987 312 1010; x_wconf 82' lang='lat' dir='ltr'>non</span> <span class='ocrx_word' id='word_1_171' title='bbox 322 974 418 1010; x_wconf 66' lang='lat' dir='ltr'>facist</span> <span class='ocrx_word' id='word_1_172' title='bbox 429 975 577 1011; x_wconf 79' lang='lat' dir='ltr'>huoiliuc</span> <span class='ocrx_word' id='word_1_173' title='bbox 587 976 718 1012; x_wconf 83' lang='lat' dir='ltr'>moveri</span> <span class='ocrx_word' id='word_1_174' title='bbox 725 972 853 1023; x_wconf 72' lang='lat' dir='ltr'>poffunt</span> <span class='ocrx_word' id='word_1_175' title='bbox 866 990 874 1011; x_wconf 72' lang='grc' dir='ltr'><strong>ε</strong></span> <span class='ocrx_word' id='word_1_176' title='bbox 891 976 982 1023; x_wconf 77' lang='lat' dir='ltr'>quod</span> <span class='ocrx_word' id='word_1_177' title='bbox 996 978 1109 1023; x_wconf 88' lang='lat' dir='ltr'>utique</span> <span class='ocrx_word' id='word_1_178' title='bbox 1120 976 1160 1010; x_wconf 85' lang='lat' dir='ltr'>ad</span> <span class='ocrx_word' id='word_1_179' title='bbox 1176 987 1324 1012; x_wconf 83' lang='lat' dir='ltr'>naturam</span> <span class='ocrx_word' id='word_1_180' title='bbox 1335 977 1443 1014; x_wconf 84' lang='lat' dir='ltr'>fluidi-</span> 
     </span>
     <span class='ocr_line' id='line_1_18' title="bbox 55 1021 1443 1074; baseline 0.003 -15"><span class='ocrx_word' id='word_1_181' title='bbox 55 1027 130 1059; x_wconf 80' lang='lat' dir='ltr'>tatis</span> <span class='ocrx_word' id='word_1_182' title='bbox 140 1027 281 1060; x_wconf 79' lang='lat' dir='ltr'>maxime</span> <span class='ocrx_word' id='word_1_183' title='bbox 295 1026 450 1072; x_wconf 83' lang='lat' dir='ltr'>pertinet.</span> <span class='ocrx_word' id='word_1_184' title='bbox 458 1027 508 1059; x_wconf 83' lang='lat' dir='ltr'>Sic</span> <span class='ocrx_word' id='word_1_185' title='bbox 519 1024 669 1073; x_wconf 77' lang='lat' dir='ltr'>pulveres</span> <span class='ocrx_word' id='word_1_186' title='bbox 679 1021 862 1059; x_wconf 65' lang='lat' dir='ltr'>’tenuiffimi</span> <span class='ocrx_word' id='word_1_187' title='bbox 879 1023 1042 1072; x_wconf 83' lang='lat' dir='ltr'>liquorum</span> <span class='ocrx_word' id='word_1_188' title='bbox 1061 1024 1199 1073; x_wconf 85' lang='lat' dir='ltr'>speciem</span> <span class='ocrx_word' id='word_1_189' title='bbox 1210 1026 1366 1074; x_wconf 70' lang='lat' dir='ltr'>praebent,</span> <span class='ocrx_word' id='word_1_190' title='bbox 1381 1040 1443 1063; x_wconf 87' lang='lat' dir='ltr'>nec</span> 
     </span>
     <span class='ocr_line' id='line_1_19' title="bbox 55 1070 1440 1121; baseline 0.004 -13"><span class='ocrx_word' id='word_1_191' title='bbox 55 1072 263 1108; x_wconf 84' lang='lat' dir='ltr'>metallorum</span> <span class='ocrx_word' id='word_1_192' title='bbox 283 1071 371 1107; x_wconf 45' lang='lat' dir='ltr'>fufio*</span> <span class='ocrx_word' id='word_1_193' title='bbox 382 1072 472 1108; x_wconf 73' lang='lat' dir='ltr'>valiud</span> <span class='ocrx_word' id='word_1_194' title='bbox 489 1074 643 1121; x_wconf 80' lang='lat' dir='ltr'>quiddam</span> <span class='ocrx_word' id='word_1_195' title='bbox 668 1073 797 1108; x_wconf 79' lang='lat' dir='ltr'>viderur</span> <span class='ocrx_word' id='word_1_196' title='bbox 809 1070 901 1116; x_wconf 60' lang='lat' dir='ltr'>effe,</span> <span class='ocrx_word' id='word_1_197' title='bbox 922 1072 1024 1119; x_wconf 63' lang='lat' dir='ltr'>quam</span> <span class='ocrx_word' id='word_1_198' title='bbox 1047 1075 1187 1121; x_wconf 83' lang='lat' dir='ltr'>partium</span> <span class='ocrx_word' id='word_1_199' title='bbox 1213 1078 1440 1113; x_wconf 86' lang='lat' dir='ltr'>comminuti0.·</span> 
     </span>
     <span class='ocr_line' id='line_1_20' title="bbox 56 1120 1441 1172; baseline 0.001 -14"><span class='ocrx_word' id='word_1_200' title='bbox 56 1120 307 1158; x_wconf 67' lang='lat' dir='ltr'>Hinc=autifices</span> <span class='ocrx_word' id='word_1_201' title='bbox 314 1133 487 1170; x_wconf 85' lang='lat' dir='ltr'>argentum</span> <span class='ocrx_word' id='word_1_202' title='bbox 499 1124 661 1171; x_wconf 64' lang='lat' dir='ltr'>inmagna</span> <span class='ocrx_word' id='word_1_203' title='bbox 679 1120 1000 1158; x_wconf 68' lang='lat' dir='ltr'>&amp;diuturnaefufione</span> <span class='ocrx_word' id='word_1_204' title='bbox 1008 1123 1175 1167; x_wconf 86' lang='lat' dir='ltr'>detinent,</span> <span class='ocrx_word' id='word_1_205' title='bbox 1189 1135 1258 1170; x_wconf 88' lang='lat' dir='ltr'>quo</span> <span class='ocrx_word' id='word_1_206' title='bbox 1276 1126 1364 1172; x_wconf 84' lang='lat' dir='ltr'>typi,</span> <span class='ocrx_word' id='word_1_207' title='bbox 1383 1137 1441 1160; x_wconf 88' lang='lat' dir='ltr'>aut</span> 
     </span>
     <span class='ocr_line' id='line_1_21' title="bbox 55 1168 1443 1219; baseline 0.002 -14"><span class='ocrx_word' id='word_1_208' title='bbox 55 1170 185 1206; x_wconf 82' lang='lat' dir='ltr'>moduli</span> <span class='ocrx_word' id='word_1_209' title='bbox 206 1168 446 1219; x_wconf 84' lang='lat' dir='ltr'>impreffionem</span> <span class='ocrx_word' id='word_1_210' title='bbox 467 1169 594 1206; x_wconf 66' lang='lat' dir='ltr'>facilius</span> <span class='ocrx_word' id='word_1_211' title='bbox 609 1171 750 1218; x_wconf 82' lang='lat' dir='ltr'>excipiat</span> <span class='ocrx_word' id='word_1_212' title='bbox 767 1186 778 1213; x_wconf 72' lang='grc' dir='ltr'>ς</span> <span class='ocrx_word' id='word_1_213' title='bbox 797 1181 868 1205; x_wconf 56' lang='lat' dir='ltr'>&gt;nec</span> <span class='ocrx_word' id='word_1_214' title='bbox 876 1181 977 1218; x_wconf 78' lang='lat' dir='ltr'>-aquae-</span> <span class='ocrx_word' id='word_1_215' title='bbox 986 1169 1086 1205; x_wconf 88' lang='lat' dir='ltr'>fortes</span> <span class='ocrx_word' id='word_1_216' title='bbox 1103 1175 1146 1206; x_wconf 56' lang='grc' dir='ltr'>’δε</span> <span class='ocrx_word' id='word_1_217' title='bbox 1164 1170 1328 1207; x_wconf 84' lang='lat' dir='ltr'>cotrofivae</span> <span class='ocrx_word' id='word_1_218' title='bbox 1350 1173 1443 1208; x_wconf 83' lang='lat' dir='ltr'>aliud</span> 
     </span>
     <span class='ocr_line' id='line_1_22' title="bbox 54 1217 1440 1267; baseline 0.001 -13"><span class='ocrx_word' id='word_1_219' title='bbox 54 1217 124 1255; x_wconf 86' lang='lat' dir='ltr'>sunt</span> <span class='ocrx_word' id='word_1_220' title='bbox 138 1231 254 1267; x_wconf 83' lang='lat' dir='ltr'>praeter</span> <span class='ocrx_word' id='word_1_221' title='bbox 263 1218 341 1254; x_wconf 89' lang='lat' dir='ltr'>sales</span> <span class='ocrx_word' id='word_1_222' title='bbox 350 1222 382 1253; x_wconf 88' lang='lat' dir='ltr'>in</span> <span class='ocrx_word' id='word_1_223' title='bbox 390 1229 517 1254; x_wconf 75' lang='lat' dir='ltr'>atomos</span> <span class='ocrx_word' id='word_1_224' title='bbox 528 1230 611 1267; x_wconf 79' lang='lat' dir='ltr'>pene</span> <span class='ocrx_word' id='word_1_225' title='bbox 623 1220 853 1254; x_wconf 84' lang='lat' dir='ltr'>comminutos.</span> <span class='ocrx_word' id='word_1_226' title='bbox 868 1219 924 1253; x_wconf 82' lang='lat' dir='ltr'>Sic</span> <span class='ocrx_word' id='word_1_227' title='bbox 937 1231 1077 1253; x_wconf 86' lang='lat' dir='ltr'>ovorum</span> <span class='ocrx_word' id='word_1_228' title='bbox 1091 1217 1258 1254; x_wconf 87' lang='lat' dir='ltr'>albumina</span> <span class='ocrx_word' id='word_1_229' title='bbox 1267 1249 1276 1264; x_wconf 91' lang='lat'>,</span> <span class='ocrx_word' id='word_1_230' title='bbox 1287 1226 1321 1257; x_wconf 70' lang='grc' dir='ltr'>δε</span> <span class='ocrx_word' id='word_1_231' title='bbox 1335 1221 1440 1257; x_wconf 83' lang='lat' dir='ltr'>visco-</span> 
     </span>
     <span class='ocr_line' id='line_1_23' title="bbox 53 1265 1440 1316; baseline 0.001 -13"><span class='ocrx_word' id='word_1_232' title='bbox 53 1267 85 1303; x_wconf 79' lang='lat' dir='ltr'>sa</span> <span class='ocrx_word' id='word_1_233' title='bbox 101 1269 246 1316; x_wconf 85' lang='lat' dir='ltr'>quaedam</span> <span class='ocrx_word' id='word_1_234' title='bbox 263 1279 400 1316; x_wconf 80' lang='lat' dir='ltr'>corpora</span> <span class='ocrx_word' id='word_1_235' title='bbox 415 1266 610 1304; x_wconf 80' lang='lat' dir='ltr'>influidam</span> <span class='ocrx_word' id='word_1_236' title='bbox 625 1265 826 1314; x_wconf 73' lang='lat' dir='ltr'>&amp;aquosam</span> <span class='ocrx_word' id='word_1_237' title='bbox 846 1265 975 1302; x_wconf 59' lang='lat' dir='ltr'>abeunt</span> <span class='ocrx_word' id='word_1_238' title='bbox 989 1266 1218 1311; x_wconf 67' lang='lat' dir='ltr'>substa&#39;ntiam3</span> <span class='ocrx_word' id='word_1_239' title='bbox 1236 1280 1310 1304; x_wconf 87' lang='lat' dir='ltr'>cum</span> <span class='ocrx_word' id='word_1_240' title='bbox 1325 1269 1440 1305; x_wconf 79' lang='lat' dir='ltr'>crebra</span> 
     </span>
     <span class='ocr_line' id='line_1_24' title="bbox 53 1314 1445 1366; baseline 0.003 -16"><span class='ocrx_word' id='word_1_241' title='bbox 53 1318 232 1365; x_wconf 76' lang='lat' dir='ltr'>agitatione</span> <span class='ocrx_word' id='word_1_242' title='bbox 242 1328 346 1366; x_wconf 84' lang='lat' dir='ltr'>partes</span> <span class='ocrx_word' id='word_1_243' title='bbox 360 1328 536 1364; x_wconf 58' lang='lat' dir='ltr'>quaerant</span> <span class='ocrx_word' id='word_1_244' title='bbox 548 1318 623 1352; x_wconf 69' lang='lat' dir='ltr'>ante</span> <span class='ocrx_word' id='word_1_245' title='bbox 640 1315 888 1363; x_wconf 66' lang='lat' dir='ltr'>aliis‘impiicitae</span> <span class='ocrx_word' id='word_1_246' title='bbox 900 1336 914 1358; x_wconf 65' lang='lat'>=,</span> <span class='ocrx_word' id='word_1_247' title='bbox 929 1314 1011 1351; x_wconf 90' lang='lat' dir='ltr'>fiunt</span> <span class='ocrx_word' id='word_1_248' title='bbox 1029 1318 1228 1353; x_wconf 54' lang='lat' dir='ltr'>xm‘nutiores</span> <span class='ocrx_word' id='word_1_249' title='bbox 1254 1319 1312 1352; x_wconf 82' lang='lat' dir='ltr'>Sic·</span> <span class='ocrx_word' id='word_1_250' title='bbox 1327 1317 1445 1354; x_wconf 46' lang='lat' dir='ltr'>alaha-r</span> 
     </span>
     <span class='ocr_line' id='line_1_25' title="bbox 53 1364 1438 1414; baseline 0.001 -14"><span class='ocrx_word' id='word_1_251' title='bbox 53 1365 150 1401; x_wconf 79' lang='lat' dir='ltr'>strum</span> <span class='ocrx_word' id='word_1_252' title='bbox 161 1368 193 1401; x_wconf 87' lang='lat' dir='ltr'>in</span> <span class='ocrx_word' id='word_1_253' title='bbox 211 1364 608 1414; x_wconf 69' lang='lat' dir='ltr'>tenuissimum-pulverem</span> <span class='ocrx_word' id='word_1_254' title='bbox 618 1366 854 1401; x_wconf 84' lang='lat' dir='ltr'>comminutum</span> <span class='ocrx_word' id='word_1_255' title='bbox 866 1393 875 1407; x_wconf 80' lang='grc'><strong>,</strong></span> <span class='ocrx_word' id='word_1_256' title='bbox 890 1367 1000 1414; x_wconf 80' lang='lat' dir='ltr'>&amp;igni</span> <span class='ocrx_word' id='word_1_257' title='bbox 1019 1366 1186 1400; x_wconf 79' lang='lat' dir='ltr'>admotum</span> <span class='ocrx_word' id='word_1_258' title='bbox 1196 1365 1331 1414; x_wconf 57' lang='lat' dir='ltr'>&#39;liquoris</span> <span class='ocrx_word' id='word_1_259' title='bbox 1348 1367 1438 1402; x_wconf 77' lang='lat' dir='ltr'>ebul-</span> 
     </span>
     <span class='ocr_line' id='line_1_26' title="bbox 54 1410 1443 1463; baseline 0.001 -14"><span class='ocrx_word' id='word_1_260' title='bbox 54 1413 163 1449; x_wconf 80' lang='lat' dir='ltr'>lientis</span> <span class='ocrx_word' id='word_1_261' title='bbox 177 1413 317 1463; x_wconf 84' lang='lat' dir='ltr'>speciem</span> <span class='ocrx_word' id='word_1_262' title='bbox 330 1412 451 1462; x_wconf 85' lang='lat' dir='ltr'>praebet</span> <span class='ocrx_word' id='word_1_263' title='bbox 462 1443 472 1458; x_wconf 94' lang='lat'>,</span> <span class='ocrx_word' id='word_1_264' title='bbox 490 1419 524 1451; x_wconf 91' lang='lat'>&amp;</span> <span class='ocrx_word' id='word_1_265' title='bbox 538 1413 656 1448; x_wconf 85' lang='lat' dir='ltr'>bacillo</span> <span class='ocrx_word' id='word_1_266' title='bbox 672 1410 828 1462; x_wconf 70' lang='lat' dir='ltr'>agitatum</span> <span class='ocrx_word' id='word_1_267' title='bbox 835 1428 839 1438; x_wconf 92' lang='grc'>·-</span> <span class='ocrx_word' id='word_1_268' title='bbox 847 1426 916 1450; x_wconf 86' lang='lat' dir='ltr'>non</span> <span class='ocrx_word' id='word_1_269' title='bbox 936 1415 1038 1462; x_wconf 80' lang='lat' dir='ltr'>magis</span> <span class='ocrx_word' id='word_1_270' title='bbox 1054 1412 1162 1450; x_wconf 78' lang='lat' dir='ltr'>resistit</span> <span class='ocrx_word' id='word_1_271' title='bbox 1172 1442 1182 1457; x_wconf 88' lang='lat'>‚</span> <span class='ocrx_word' id='word_1_272' title='bbox 1202 1415 1302 1461; x_wconf 68' lang='lat' dir='ltr'>quarn</span> <span class='ocrx_word' id='word_1_273' title='bbox 1318 1416 1443 1452; x_wconf 63' lang='lat' dir='ltr'>mem-1</span> 
     </span>
     <span class='ocr_line' id='line_1_27' title="bbox 52 1461 1444 1514; baseline 0.001 -16"><span class='ocrx_word' id='word_1_274' title='bbox 52 1461 123 1498; x_wconf 85' lang='lat' dir='ltr'>lum</span> <span class='ocrx_word' id='word_1_275' title='bbox 133 1462 236 1498; x_wconf 84' lang='lat' dir='ltr'>fusum</span> <span class='ocrx_word' id='word_1_276' title='bbox 251 1477 260 1499; x_wconf 84' lang='lat'>:</span> <span class='ocrx_word' id='word_1_277' title='bbox 273 1465 351 1511; x_wconf 79' lang='lat' dir='ltr'>quin</span> <span class='ocrx_word' id='word_1_278' title='bbox 362 1468 396 1499; x_wconf 90' lang='lat'><strong>&amp;</strong></span> <span class='ocrx_word' id='word_1_279' title='bbox 406 1461 514 1498; x_wconf 87' lang='lat' dir='ltr'>fumos</span> <span class='ocrx_word' id='word_1_280' title='bbox 524 1463 559 1497; x_wconf 91' lang='lat' dir='ltr'>id·</span> <span class='ocrx_word' id='word_1_281' title='bbox 572 1463 701 1497; x_wconf 85' lang='lat' dir='ltr'>videtur</span> <span class='ocrx_word' id='word_1_282' title='bbox 715 1464 872 1497; x_wconf 86' lang='lat' dir='ltr'>emittere.</span> <span class='ocrx_word' id='word_1_283' title='bbox 886 1462 990 1514; x_wconf 78' lang='lat' dir='ltr'>Qd</span> <span class='ocrx_word' id='word_1_284' title='bbox 1000 1461 1019 1498; x_wconf 86' lang='lat' dir='ltr'>fi</span> <span class='ocrx_word' id='word_1_285' title='bbox 1036 1470 1143 1498; x_wconf 85' lang='lat' dir='ltr'>tamen</span> <span class='ocrx_word' id='word_1_286' title='bbox 1154 1463 1316 1511; x_wconf 81' lang='lat' dir='ltr'>paululum</span> <span class='ocrx_word' id='word_1_287' title='bbox 1327 1463 1444 1500; x_wconf 75' lang='lat' dir='ltr'>alaha-¹</span> 
     </span>
     <span class='ocr_line' id='line_1_28' title="bbox 53 1510 1442 1560; baseline 0.002 -14"><span class='ocrx_word' id='word_1_288' title='bbox 53 1511 111 1547; x_wconf 78' lang='lat' dir='ltr'>stri</span> <span class='ocrx_word' id='word_1_289' title='bbox 123 1510 163 1547; x_wconf 82' lang='lat' dir='ltr'>fic</span> <span class='ocrx_word' id='word_1_290' title='bbox 180 1511 239 1547; x_wconf 85' lang='lat' dir='ltr'>fufi</span> <span class='ocrx_word' id='word_1_291' title='bbox 250 1511 462 1560; x_wconf 67' lang='lat' dir='ltr'>puraechartae</span> <span class='ocrx_word' id='word_1_292' title='bbox 477 1523 548 1547; x_wconf 73' lang='lat' dir='ltr'>tum</span> <span class='ocrx_word' id='word_1_293' title='bbox 567 1510 773 1559; x_wconf 77' lang='lat' dir='ltr'>imposueri5‚</span> <span class='ocrx_word' id='word_1_294' title='bbox 792 1523 867 1545; x_wconf 84' lang='lat' dir='ltr'>cum</span> <span class='ocrx_word' id='word_1_295' title='bbox 880 1513 1022 1547; x_wconf 82' lang='lat' dir='ltr'>maxime</span> <span class='ocrx_word' id='word_1_296' title='bbox 1044 1512 1172 1547; x_wconf 87' lang='lat' dir='ltr'>videtur</span> <span class='ocrx_word' id='word_1_297' title='bbox 1193 1511 1351 1557; x_wconf 71' lang='lat' dir='ltr'>ebullire,</span> <span class='ocrx_word' id='word_1_298' title='bbox 1374 1526 1442 1550; x_wconf 81' lang='lat' dir='ltr'>nec</span> 
     </span>
     <span class='ocr_line' id='line_1_29' title="bbox 52 1558 1442 1607; baseline 0.002 -13"><span class='ocrx_word' id='word_1_299' title='bbox 52 1559 199 1595; x_wconf 81' lang='lat' dir='ltr'>chartam</span> <span class='ocrx_word' id='word_1_300' title='bbox 212 1560 426 1601; x_wconf 80' lang='lat' dir='ltr'>madefaciet,</span> <span class='ocrx_word' id='word_1_301' title='bbox 435 1572 495 1594; x_wconf 88' lang='lat' dir='ltr'>nec</span> <span class='ocrx_word' id='word_1_302' title='bbox 505 1562 683 1607; x_wconf 84' lang='lat' dir='ltr'>quicquam</span> <span class='ocrx_word' id='word_1_303' title='bbox 691 1558 777 1593; x_wconf 84' lang='lat' dir='ltr'>aliud</span> <span class='ocrx_word' id='word_1_304' title='bbox 794 1559 966 1606; x_wconf 85' lang='lat' dir='ltr'>apparebit</span> <span class='ocrx_word' id='word_1_305' title='bbox 976 1588 985 1603; x_wconf 85' lang='lat'>‚</span> <span class='ocrx_word' id='word_1_306' title='bbox 1000 1559 1055 1594; x_wconf 86' lang='lat' dir='ltr'>nisi</span> <span class='ocrx_word' id='word_1_307' title='bbox 1068 1560 1174 1607; x_wconf 83' lang='lat' dir='ltr'>pulvis</span> <span class='ocrx_word' id='word_1_308' title='bbox 1188 1561 1357 1596; x_wconf 71' lang='lat' dir='ltr'>candidior</span> <span class='ocrx_word' id='word_1_309' title='bbox 1370 1576 1377 1597; x_wconf 95' lang='lat'>:</span> <span class='ocrx_word' id='word_1_310' title='bbox 1391 1564 1442 1597; x_wconf 83' lang='lat' dir='ltr'>ita-</span> 
     </span>
     <span class='ocr_line' id='line_1_30' title="bbox 53 1606 1216 1656; baseline 0 -13"><span class='ocrx_word' id='word_1_311' title='bbox 53 1618 92 1643; x_wconf 83' lang='lat' dir='ltr'>ut</span> <span class='ocrx_word' id='word_1_312' title='bbox 99 1620 167 1644; x_wconf 89' lang='lat' dir='ltr'>non</span> <span class='ocrx_word' id='word_1_313' title='bbox 178 1607 372 1651; x_wconf 69' lang='lat' dir='ltr'>satione-,sed</span> <span class='ocrx_word' id='word_1_314' title='bbox 386 1607 450 1642; x_wconf 84' lang='lat' dir='ltr'>sola</span> <span class='ocrx_word' id='word_1_315' title='bbox 460 1611 598 1656; x_wconf 80' lang='lat' dir='ltr'>partium</span> <span class='ocrx_word' id='word_1_316' title='bbox 612 1608 791 1656; x_wconf 84' lang='lat' dir='ltr'>agitatione</span> <span class='ocrx_word' id='word_1_317' title='bbox 811 1606 944 1642; x_wconf 80' lang='lat' dir='ltr'>fluidum</span> <span class='ocrx_word' id='word_1_318' title='bbox 960 1608 1020 1643; x_wconf 81' lang='lat' dir='ltr'>effe</span> <span class='ocrx_word' id='word_1_319' title='bbox 1036 1609 1216 1644; x_wconf 54' lang='lat' dir='ltr'>videatur:-</span> 
     </span>
    </p>

    <p class='ocr_par' dir='ltr' id='par_1_6' title="bbox 51 1655 1443 1948">
     <span class='ocr_line' id='line_1_31' title="bbox 63 1655 1443 1705; baseline 0.004 -15"><span class='ocrx_word' id='word_1_320' title='bbox 63 1679 67 1682; x_wconf 90' lang='lat'><em>-</em></span> <span class='ocrx_word' id='word_1_321' title='bbox 91 1655 266 1701; x_wconf 75' lang='lat' dir='ltr'>Secundo,</span> <span class='ocrx_word' id='word_1_322' title='bbox 291 1657 390 1705; x_wconf 85' lang='lat' dir='ltr'>figura</span> <span class='ocrx_word' id='word_1_323' title='bbox 410 1659 549 1704; x_wconf 85' lang='lat' dir='ltr'>partium</span> <span class='ocrx_word' id='word_1_324' title='bbox 570 1656 707 1691; x_wconf 85' lang='lat' dir='ltr'>multum</span> <span class='ocrx_word' id='word_1_325' title='bbox 720 1656 760 1690; x_wconf 85' lang='lat' dir='ltr'>ad</span> <span class='ocrx_word' id='word_1_326' title='bbox 775 1655 967 1691; x_wconf 79' lang='lat' dir='ltr'>fluiditatem</span> <span class='ocrx_word' id='word_1_327' title='bbox 978 1657 1113 1692; x_wconf 64' lang='lat' dir='ltr'>confert</span> <span class='ocrx_word' id='word_1_328' title='bbox 1139 1659 1228 1693; x_wconf 88' lang='lat' dir='ltr'>Nam</span> <span class='ocrx_word' id='word_1_329' title='bbox 1248 1669 1356 1705; x_wconf 76' lang='lat' dir='ltr'>partes</span> <span class='ocrx_word' id='word_1_330' title='bbox 1375 1659 1443 1695; x_wconf 71' lang='lat' dir='ltr'>illaes</span> 
     </span>
     <span class='ocr_line' id='line_1_32' title="bbox 52 1704 1443 1752; baseline 0.002 -12"><span class='ocrx_word' id='word_1_331' title='bbox 52 1704 268 1749; x_wconf 47' lang='lat' dir='ltr'>insenfibiieffi</span> <span class='ocrx_word' id='word_1_332' title='bbox 281 1718 337 1741; x_wconf 85' lang='lat' dir='ltr'>aut</span> <span class='ocrx_word' id='word_1_333' title='bbox 346 1716 459 1752; x_wconf 85' lang='lat' dir='ltr'>patum</span> <span class='ocrx_word' id='word_1_334' title='bbox 469 1733 479 1748; x_wconf 87' lang='lat'>‚</span> <span class='ocrx_word' id='word_1_335' title='bbox 490 1704 630 1740; x_wconf 82' lang='lat' dir='ltr'>antnihil</span> <span class='ocrx_word' id='word_1_336' title='bbox 646 1707 728 1739; x_wconf 88' lang='lat' dir='ltr'>inter</span> <span class='ocrx_word' id='word_1_337' title='bbox 739 1704 770 1738; x_wconf 92' lang='lat' dir='ltr'>se</span> <span class='ocrx_word' id='word_1_338' title='bbox 784 1704 1102 1741; x_wconf 76' lang='lat' dir='ltr'>cohaereantneceffe</span> <span class='ocrx_word' id='word_1_339' title='bbox 1117 1705 1161 1741; x_wconf 89' lang='lat' dir='ltr'>est</span> <span class='ocrx_word' id='word_1_340' title='bbox 1179 1720 1187 1741; x_wconf 91' lang='grc'>;</span> <span class='ocrx_word' id='word_1_341' title='bbox 1204 1704 1244 1740; x_wconf 82' lang='lat' dir='ltr'>fic</span> <span class='ocrx_word' id='word_1_342' title='bbox 1255 1710 1341 1742; x_wconf 84' lang='lat' dir='ltr'>enim</span> <span class='ocrx_word' id='word_1_343' title='bbox 1359 1707 1443 1743; x_wconf 51' lang='lat' dir='ltr'>faci-¹¹</span> 
     </span>
     <span class='ocr_line' id='line_1_33' title="bbox 51 1752 1436 1802; baseline 0.002 -13"><span class='ocrx_word' id='word_1_344' title='bbox 51 1752 116 1790; x_wconf 70' lang='lat' dir='ltr'>lius</span> <span class='ocrx_word' id='word_1_345' title='bbox 127 1754 321 1790; x_wconf 82' lang='lat' dir='ltr'>dividuntur.</span> <span class='ocrx_word' id='word_1_346' title='bbox 337 1754 436 1790; x_wconf 88' lang='lat' dir='ltr'>Unde</span> <span class='ocrx_word' id='word_1_347' title='bbox 450 1754 612 1788; x_wconf 83' lang='lat' dir='ltr'>interdurn</span> <span class='ocrx_word' id='word_1_348' title='bbox 622 1755 752 1788; x_wconf 88' lang='lat' dir='ltr'>evenire</span> <span class='ocrx_word' id='word_1_349' title='bbox 762 1753 865 1800; x_wconf 83' lang='lat' dir='ltr'>potest</span> <span class='ocrx_word' id='word_1_350' title='bbox 875 1781 883 1796; x_wconf 89' lang='lat'>‚</span> <span class='ocrx_word' id='word_1_351' title='bbox 896 1764 932 1787; x_wconf 89' lang='lat' dir='ltr'>ut</span> <span class='ocrx_word' id='word_1_352' title='bbox 944 1754 1104 1802; x_wconf 77' lang='lat' dir='ltr'>particulae</span> <span class='ocrx_word' id='word_1_353' title='bbox 1120 1756 1264 1802; x_wconf 81' lang='lat' dir='ltr'>corporis</span> <span class='ocrx_word' id='word_1_354' title='bbox 1281 1758 1436 1792; x_wconf 82' lang='lat' dir='ltr'>minurius</span> 
     </span>
     <span class='ocr_line' id='line_1_34' title="bbox 52 1800 1435 1851; baseline 0.001 -13"><span class='ocrx_word' id='word_1_355' title='bbox 52 1801 142 1838; x_wconf 63' lang='lat' dir='ltr'>sestae</span> <span class='ocrx_word' id='word_1_356' title='bbox 155 1801 270 1851; x_wconf 83' lang='lat' dir='ltr'>figuras</span> <span class='ocrx_word' id='word_1_357' title='bbox 281 1814 412 1850; x_wconf 88' lang='lat' dir='ltr'>quoque</span> <span class='ocrx_word' id='word_1_358' title='bbox 425 1804 527 1838; x_wconf 87' lang='lat' dir='ltr'>minus</span> <span class='ocrx_word' id='word_1_359' title='bbox 540 1801 713 1849; x_wconf 68' lang='lat' dir='ltr'>aequabiles</span> <span class='ocrx_word' id='word_1_360' title='bbox 723 1800 913 1845; x_wconf 67' lang='lat' dir='ltr'>sortiantur,</span> <span class='ocrx_word' id='word_1_361' title='bbox 937 1808 971 1839; x_wconf 90' lang='lat'>&amp;</span> <span class='ocrx_word' id='word_1_362' title='bbox 980 1803 1095 1837; x_wconf 66' lang='lat' dir='ltr'>aterius</span> <span class='ocrx_word' id='word_1_363' title='bbox 1107 1806 1189 1837; x_wconf 85' lang='lat' dir='ltr'>inter</span> <span class='ocrx_word' id='word_1_364' title='bbox 1204 1803 1236 1837; x_wconf 90' lang='lat' dir='ltr'>se</span> <span class='ocrx_word' id='word_1_365' title='bbox 1246 1804 1435 1842; x_wconf 69' lang='lat' dir='ltr'>cohaereant.</span> 
     </span>
     <span class='ocr_line' id='line_1_35' title="bbox 54 1849 1436 1901; baseline 0.001 -15"><span class='ocrx_word' id='word_1_366' title='bbox 54 1849 136 1899; x_wconf 77' lang='lat' dir='ltr'>Qo</span> <span class='ocrx_word' id='word_1_367' title='bbox 155 1864 262 1887; x_wconf 85' lang='lat' dir='ltr'>autem</span> <span class='ocrx_word' id='word_1_368' title='bbox 281 1857 417 1901; x_wconf 82' lang='lat' dir='ltr'>majores</span> <span class='ocrx_word' id='word_1_369' title='bbox 429 1863 487 1899; x_wconf 87' lang='lat' dir='ltr'>pro</span> <span class='ocrx_word' id='word_1_370' title='bbox 497 1849 651 1886; x_wconf 75' lang='lat' dir='ltr'>mole-sua</span> <span class='ocrx_word' id='word_1_371' title='bbox 664 1849 788 1886; x_wconf 80' lang='lat' dir='ltr'>habent</span> <span class='ocrx_word' id='word_1_372' title='bbox 798 1849 976 1898; x_wconf 84' lang='lat' dir='ltr'>superficies</span> <span class='ocrx_word' id='word_1_373' title='bbox 988 1880 999 1895; x_wconf 92' lang='lat'>,</span> <span class='ocrx_word' id='word_1_374' title='bbox 1017 1852 1079 1886; x_wconf 90' lang='lat' dir='ltr'>hoc</span> <span class='ocrx_word' id='word_1_375' title='bbox 1098 1852 1139 1886; x_wconf 90' lang='lat' dir='ltr'>ad</span> <span class='ocrx_word' id='word_1_376' title='bbox 1152 1853 1299 1899; x_wconf 83' lang='lat' dir='ltr'>quietum</span> <span class='ocrx_word' id='word_1_377' title='bbox 1320 1859 1354 1891; x_wconf 69' lang='grc' dir='ltr'>ἃς</span> <span class='ocrx_word' id='word_1_378' title='bbox 1374 1857 1436 1891; x_wconf 87' lang='lat' dir='ltr'>im-</span> 
     </span>
     <span class='ocr_line' id='line_1_36' title="bbox 55 1898 1042 1948; baseline 0.002 -14"><span class='ocrx_word' id='word_1_379' title='bbox 55 1898 232 1936; x_wconf 76' lang='lat' dir='ltr'>mediatum</span> <span class='ocrx_word' id='word_1_380' title='bbox 247 1903 435 1936; x_wconf 68' lang='lat' dir='ltr'>contactum</span> <span class='ocrx_word' id='word_1_381' title='bbox 449 1928 457 1942; x_wconf 90' lang='lat'>‚</span> <span class='ocrx_word' id='word_1_382' title='bbox 467 1899 519 1933; x_wconf 82' lang='lat' dir='ltr'>seu</span> <span class='ocrx_word' id='word_1_383' title='bbox 531 1900 571 1933; x_wconf 85' lang='lat' dir='ltr'>ad</span> <span class='ocrx_word' id='word_1_384' title='bbox 582 1898 771 1935; x_wconf 81' lang='lat' dir='ltr'>firmitatem</span> <span class='ocrx_word' id='word_1_385' title='bbox 785 1899 855 1934; x_wconf 89' lang='lat' dir='ltr'>sunt</span> <span class='ocrx_word' id='word_1_386' title='bbox 869 1902 1019 1948; x_wconf 79' lang='lat' dir='ltr'>aptiores.</span> <span class='ocrx_word' id='word_1_387' title='bbox 1040 1922 1042 1925; x_wconf 95' lang='lat'>·</span> 
     </span>
    </p>

    <p class='ocr_par' dir='ltr' id='par_1_7' title="bbox 55 1946 1441 2387">
     <span class='ocr_line' id='line_1_37' title="bbox 89 1946 1437 1997; baseline 0.005 -15"><span class='ocrx_word' id='word_1_388' title='bbox 89 1948 197 1992; x_wconf 86' lang='lat' dir='ltr'>Atque</span> <span class='ocrx_word' id='word_1_389' title='bbox 209 1947 290 1982; x_wconf 78' lang='lat' dir='ltr'>hanc</span> <span class='ocrx_word' id='word_1_390' title='bbox 299 1947 464 1983; x_wconf 74' lang='lat' dir='ltr'>fluiditatis</span> <span class='ocrx_word' id='word_1_391' title='bbox 475 1946 599 1982; x_wconf 85' lang='lat' dir='ltr'>causam</span> <span class='ocrx_word' id='word_1_392' title='bbox 613 1958 816 1997; x_wconf 79' lang='lat' dir='ltr'>agnoverunt</span> <span class='ocrx_word' id='word_1_393' title='bbox 825 1949 972 1996; x_wconf 83' lang='lat' dir='ltr'>Epicurei</span> <span class='ocrx_word' id='word_1_394' title='bbox 982 1977 993 1993; x_wconf 86' lang='lat'><strong><em>,</em></strong></span> <span class='ocrx_word' id='word_1_395' title='bbox 1016 1961 1088 1997; x_wconf 85' lang='lat' dir='ltr'>quae</span> <span class='ocrx_word' id='word_1_396' title='bbox 1099 1960 1143 1984; x_wconf 57' lang='lat' dir='ltr'>2ut</span> <span class='ocrx_word' id='word_1_397' title='bbox 1160 1963 1236 1986; x_wconf 86' lang='lat' dir='ltr'>vera</span> <span class='ocrx_word' id='word_1_398' title='bbox 1252 1950 1303 1996; x_wconf 82' lang='lat' dir='ltr'>fit,</span> <span class='ocrx_word' id='word_1_399' title='bbox 1324 1961 1437 1989; x_wconf 75' lang='lat' dir='ltr'>tamen</span> 
     </span>
     <span class='ocr_line' id='line_1_38' title="bbox 56 1993 1436 2046; baseline 0.004 -15"><span class='ocrx_word' id='word_1_400' title='bbox 56 2007 124 2031; x_wconf 76' lang='lat' dir='ltr'>non</span> <span class='ocrx_word' id='word_1_401' title='bbox 137 1993 201 2028; x_wconf 85' lang='lat' dir='ltr'>sola</span> <span class='ocrx_word' id='word_1_402' title='bbox 213 1996 271 2030; x_wconf 86' lang='lat' dir='ltr'>est.</span> <span class='ocrx_word' id='word_1_403' title='bbox 292 1999 410 2043; x_wconf 84' lang='lat' dir='ltr'>Neque</span> <span class='ocrx_word' id='word_1_404' title='bbox 424 1998 511 2031; x_wconf 80' lang='lat' dir='ltr'>enim</span> <span class='ocrx_word' id='word_1_405' title='bbox 524 2024 534 2039; x_wconf 90' lang='lat'>‚</span> <span class='ocrx_word' id='word_1_406' title='bbox 554 2007 589 2031; x_wconf 87' lang='lat' dir='ltr'>ut</span> <span class='ocrx_word' id='word_1_407' title='bbox 605 1998 642 2032; x_wconf 88' lang='lat' dir='ltr'>iis</span> <span class='ocrx_word' id='word_1_408' title='bbox 663 1999 811 2041; x_wconf 87' lang='lat' dir='ltr'>videtur,</span> <span class='ocrx_word' id='word_1_409' title='bbox 829 2010 943 2033; x_wconf 85' lang='lat' dir='ltr'>omnes</span> <span class='ocrx_word' id='word_1_410' title='bbox 970 2000 1112 2046; x_wconf 86' lang='lat' dir='ltr'>corporis</span> <span class='ocrx_word' id='word_1_411' title='bbox 1135 1997 1226 2034; x_wconf 85' lang='lat' dir='ltr'>fluidi</span> <span class='ocrx_word' id='word_1_412' title='bbox 1240 2011 1368 2037; x_wconf 85' lang='lat' dir='ltr'>atomos</span> <span class='ocrx_word' id='word_1_413' title='bbox 1387 2015 1436 2037; x_wconf 82' lang='lat' dir='ltr'>ro-</span> 
     </span>
     <span class='ocr_line' id='line_1_39' title="bbox 56 2041 1436 2097; baseline 0.005 -19"><span class='ocrx_word' id='word_1_414' title='bbox 56 2043 168 2078; x_wconf 81' lang='lat' dir='ltr'>tundas</span> <span class='ocrx_word' id='word_1_415' title='bbox 188 2041 247 2078; x_wconf 77' lang='lat' dir='ltr'>effe</span> <span class='ocrx_word' id='word_1_416' title='bbox 259 2045 448 2079; x_wconf 81' lang='lat' dir='ltr'>crediderim</span> <span class='ocrx_word' id='word_1_417' title='bbox 462 2059 470 2080; x_wconf 73' lang='grc' dir='ltr'>ε</span> <span class='ocrx_word' id='word_1_418' title='bbox 492 2045 573 2078; x_wconf 85' lang='lat' dir='ltr'>adeo</span> <span class='ocrx_word' id='word_1_419' title='bbox 582 2057 616 2080; x_wconf 88' lang='lat' dir='ltr'>ut</span> <span class='ocrx_word' id='word_1_420' title='bbox 626 2045 688 2080; x_wconf 88' lang='lat' dir='ltr'>sese</span> <span class='ocrx_word' id='word_1_421' title='bbox 701 2049 733 2081; x_wconf 89' lang='lat' dir='ltr'>in</span> <span class='ocrx_word' id='word_1_422' title='bbox 747 2048 874 2093; x_wconf 67' lang='lat' dir='ltr'>punctis</span> <span class='ocrx_word' id='word_1_423' title='bbox 886 2050 1078 2097; x_wconf 84' lang='lat' dir='ltr'>contingant</span> <span class='ocrx_word' id='word_1_424' title='bbox 1094 2077 1104 2091; x_wconf 86' lang='lat'>,</span> <span class='ocrx_word' id='word_1_425' title='bbox 1123 2059 1158 2082; x_wconf 89' lang='lat' dir='ltr'>ut</span> <span class='ocrx_word' id='word_1_426' title='bbox 1172 2048 1298 2084; x_wconf 66' lang='lat' dir='ltr'>facilius</span> <span class='ocrx_word' id='word_1_427' title='bbox 1311 2050 1436 2096; x_wconf 82' lang='lat' dir='ltr'>divelli,</span> 
     </span>
     <span class='ocr_line' id='line_1_40' title="bbox 57 2094 1436 2146; baseline 0.001 -17"><span class='ocrx_word' id='word_1_428' title='bbox 57 2098 93 2129; x_wconf 68' lang='grc' dir='ltr'>δέ</span> <span class='ocrx_word' id='word_1_429' title='bbox 107 2094 230 2127; x_wconf 85' lang='lat' dir='ltr'>moveri</span> <span class='ocrx_word' id='word_1_430' title='bbox 240 2104 344 2139; x_wconf 82' lang='lat' dir='ltr'>quean</span> <span class='ocrx_word' id='word_1_431' title='bbox 350 2104 370 2127; x_wconf 86' lang='lat' dir='ltr'>r.</span> <span class='ocrx_word' id='word_1_432' title='bbox 380 2096 486 2128; x_wconf 83' lang='lat' dir='ltr'>Tanta</span> <span class='ocrx_word' id='word_1_433' title='bbox 497 2095 615 2141; x_wconf 84' lang='lat' dir='ltr'>quippe</span> <span class='ocrx_word' id='word_1_434' title='bbox 624 2095 666 2129; x_wconf 88' lang='lat' dir='ltr'>est</span> <span class='ocrx_word' id='word_1_435' title='bbox 675 2097 707 2130; x_wconf 88' lang='lat' dir='ltr'>in</span> <span class='ocrx_word' id='word_1_436' title='bbox 717 2095 822 2131; x_wconf 86' lang='lat' dir='ltr'>fluidis</span> <span class='ocrx_word' id='word_1_437' title='bbox 834 2096 1022 2144; x_wconf 87' lang='lat' dir='ltr'>corporibus</span> <span class='ocrx_word' id='word_1_438' title='bbox 1034 2100 1169 2132; x_wconf 76' lang='lat' dir='ltr'>varietas</span> <span class='ocrx_word' id='word_1_439' title='bbox 1181 2126 1190 2141; x_wconf 91' lang='lat'>‚</span> <span class='ocrx_word' id='word_1_440' title='bbox 1200 2110 1236 2132; x_wconf 91' lang='lat' dir='ltr'>ut</span> <span class='ocrx_word' id='word_1_441' title='bbox 1246 2110 1352 2146; x_wconf 86' lang='lat' dir='ltr'>partes</span> <span class='ocrx_word' id='word_1_442' title='bbox 1362 2101 1436 2146; x_wconf 89' lang='lat' dir='ltr'>qui-</span> 
     </span>
     <span class='ocr_line' id='line_1_41' title="bbox 57 2139 1436 2193; baseline 0.004 -18"><span class='ocrx_word' id='word_1_443' title='bbox 57 2139 116 2175; x_wconf 90' lang='lat' dir='ltr'>bus</span> <span class='ocrx_word' id='word_1_444' title='bbox 132 2141 289 2181; x_wconf 66' lang='lat' dir='ltr'>constant,</span> <span class='ocrx_word' id='word_1_445' title='bbox 302 2144 394 2176; x_wconf 81' lang='lat' dir='ltr'>unius</span> <span class='ocrx_word' id='word_1_446' title='bbox 409 2147 442 2177; x_wconf 91' lang='lat'><strong>&amp;</strong></span> <span class='ocrx_word' id='word_1_447' title='bbox 453 2140 590 2189; x_wconf 76' lang='lat' dir='ltr'>ejusdem</span> <span class='ocrx_word' id='word_1_448' title='bbox 609 2141 716 2190; x_wconf 79' lang='lat' dir='ltr'>figurae</span> <span class='ocrx_word' id='word_1_449' title='bbox 734 2142 794 2179; x_wconf 78' lang='lat' dir='ltr'>esse</span> <span class='ocrx_word' id='word_1_450' title='bbox 811 2157 876 2179; x_wconf 88' lang='lat' dir='ltr'>non</span> <span class='ocrx_word' id='word_1_451' title='bbox 895 2144 1020 2193; x_wconf 80' lang='lat' dir='ltr'>poffint-</span> <span class='ocrx_word' id='word_1_452' title='bbox 1039 2147 1101 2181; x_wconf 87' lang='lat' dir='ltr'>Sed</span> <span class='ocrx_word' id='word_1_453' title='bbox 1118 2157 1227 2182; x_wconf 88' lang='lat' dir='ltr'>tamen</span> <span class='ocrx_word' id='word_1_454' title='bbox 1241 2159 1308 2181; x_wconf 89' lang='lat' dir='ltr'>non</span> <span class='ocrx_word' id='word_1_455' title='bbox 1327 2147 1359 2181; x_wconf 91' lang='lat' dir='ltr'>id</span> <span class='ocrx_word' id='word_1_456' title='bbox 1373 2160 1436 2181; x_wconf 86' lang='lat' dir='ltr'>ne..</span> 
     </span>
     <span class='ocr_line' id='line_1_42' title="bbox 55 2189 1441 2241; baseline 0.005 -18"><span class='ocrx_word' id='word_1_457' title='bbox 55 2192 201 2238; x_wconf 70' lang='lat' dir='ltr'>gaverim</span> <span class='ocrx_word' id='word_1_458' title='bbox 214 2189 304 2225; x_wconf 87' lang='lat' dir='ltr'>fluidi</span> <span class='ocrx_word' id='word_1_459' title='bbox 322 2193 463 2239; x_wconf 82' lang='lat' dir='ltr'>corporis</span> <span class='ocrx_word' id='word_1_460' title='bbox 482 2190 650 2238; x_wconf 80' lang='lat' dir='ltr'>particulas</span> <span class='ocrx_word' id='word_1_461' title='bbox 664 2191 853 2239; x_wconf 86' lang='lat' dir='ltr'>plerumque</span> <span class='ocrx_word' id='word_1_462' title='bbox 870 2192 976 2241; x_wconf 78' lang='lat' dir='ltr'>figurae</span> <span class='ocrx_word' id='word_1_463' title='bbox 993 2193 1055 2230; x_wconf 79' lang='lat' dir='ltr'>esse</span> <span class='ocrx_word' id='word_1_464' title='bbox 1071 2195 1215 2230; x_wconf 86' lang='lat' dir='ltr'>rotundae</span> <span class='ocrx_word' id='word_1_465' title='bbox 1231 2210 1240 2236; x_wconf 78' lang='lat'>3</span> <span class='ocrx_word' id='word_1_466' title='bbox 1261 2207 1328 2229; x_wconf 89' lang='lat' dir='ltr'>non</span> <span class='ocrx_word' id='word_1_467' title='bbox 1346 2195 1441 2241; x_wconf 80' lang='lat' dir='ltr'>quod¹</span> 
     </span>
     <span class='ocr_line' id='line_1_43' title="bbox 56 2238 1435 2292; baseline 0.004 -19"><span class='ocrx_word' id='word_1_468' title='bbox 56 2250 171 2274; x_wconf 86' lang='lat' dir='ltr'>omnes</span> <span class='ocrx_word' id='word_1_469' title='bbox 186 2238 243 2274; x_wconf 84' lang='lat' dir='ltr'>fint</span> <span class='ocrx_word' id='word_1_470' title='bbox 254 2239 411 2288; x_wconf 70' lang='lat' dir='ltr'>globofae,</span> <span class='ocrx_word' id='word_1_471' title='bbox 437 2239 488 2274; x_wconf 91' lang='lat' dir='ltr'>sed</span> <span class='ocrx_word' id='word_1_472' title='bbox 505 2241 622 2287; x_wconf 80' lang='lat' dir='ltr'>partim</span> <span class='ocrx_word' id='word_1_473' title='bbox 643 2238 713 2275; x_wconf 88' lang='lat' dir='ltr'>sunt</span> <span class='ocrx_word' id='word_1_474' title='bbox 737 2241 920 2288; x_wconf 83' lang='lat' dir='ltr'>cylindricae</span> <span class='ocrx_word' id='word_1_475' title='bbox 936 2272 947 2286; x_wconf 87' lang='lat'><strong>‚</strong></span> <span class='ocrx_word' id='word_1_476' title='bbox 971 2245 1091 2292; x_wconf 85' lang='lat' dir='ltr'>partim</span> <span class='ocrx_word' id='word_1_477' title='bbox 1112 2242 1270 2290; x_wconf 82' lang='lat' dir='ltr'>sphaericae</span> <span class='ocrx_word' id='word_1_478' title='bbox 1282 2271 1291 2285; x_wconf 87' lang='lat'>,</span> <span class='ocrx_word' id='word_1_479' title='bbox 1316 2245 1435 2290; x_wconf 80' lang='lat' dir='ltr'>partim</span> 
     </span>
     <span class='ocr_line' id='line_1_44' title="bbox 57 2287 1434 2339; baseline 0.004 -17"><span class='ocrx_word' id='word_1_480' title='bbox 57 2289 178 2322; x_wconf 83' lang='lat' dir='ltr'>conicae</span> <span class='ocrx_word' id='word_1_481' title='bbox 187 2288 352 2331; x_wconf 56' lang='lat' dir='ltr'>«‚autalias</span> <span class='ocrx_word' id='word_1_482' title='bbox 366 2290 467 2323; x_wconf 64' lang='lat' dir='ltr'><strong>113&amp;ae</strong></span> <span class='ocrx_word' id='word_1_483' title='bbox 480 2288 551 2324; x_wconf 85' lang='lat' dir='ltr'>sunt</span> <span class='ocrx_word' id='word_1_484' title='bbox 563 2287 679 2336; x_wconf 83' lang='lat' dir='ltr'>figuras</span> <span class='ocrx_word' id='word_1_485' title='bbox 694 2300 731 2322; x_wconf 84' lang='lat' dir='ltr'>ex</span> <span class='ocrx_word' id='word_1_486' title='bbox 746 2291 784 2323; x_wconf 78' lang='lat' dir='ltr'>iis</span> <span class='ocrx_word' id='word_1_487' title='bbox 794 2291 993 2339; x_wconf 74' lang='lat' dir='ltr'>compositas.</span> <span class='ocrx_word' id='word_1_488' title='bbox 1023 2294 1076 2326; x_wconf 86' lang='lat' dir='ltr'>Sic</span> <span class='ocrx_word' id='word_1_489' title='bbox 1087 2293 1172 2325; x_wconf 83' lang='lat' dir='ltr'>enim</span> <span class='ocrx_word' id='word_1_490' title='bbox 1187 2292 1293 2326; x_wconf 81' lang='lat' dir='ltr'>minus</span> <span class='ocrx_word' id='word_1_491' title='bbox 1305 2293 1389 2328; x_wconf 85' lang='lat' dir='ltr'>inter</span> <span class='ocrx_word' id='word_1_492' title='bbox 1402 2292 1434 2328; x_wconf 87' lang='lat' dir='ltr'>se</span> 
     </span>
     <span class='ocr_line' id='line_1_45' title="bbox 55 2335 1136 2387; baseline 0.009 -17"><span class='ocrx_word' id='word_1_493' title='bbox 55 2335 237 2383; x_wconf 78' lang='lat' dir='ltr'>cohaerent,</span> <span class='ocrx_word' id='word_1_494' title='bbox 251 2342 284 2375; x_wconf 67' lang='grc' dir='ltr'>δε</span> <span class='ocrx_word' id='word_1_495' title='bbox 298 2336 422 2374; x_wconf 69' lang='lat' dir='ltr'>facilius</span> <span class='ocrx_word' id='word_1_496' title='bbox 441 2337 461 2375; x_wconf 71' lang='lat' dir='ltr'>a</span> <span class='ocrx_word' id='word_1_497' title='bbox 483 2337 513 2375; x_wconf 88' lang='lat' dir='ltr'>se</span> <span class='ocrx_word' id='word_1_498' title='bbox 530 2338 672 2375; x_wconf 73' lang='lat' dir='ltr'>invicem</span> <span class='ocrx_word' id='word_1_499' title='bbox 686 2336 849 2376; x_wconf 68' lang='lat' dir='ltr'>discedunt</span> <span class='ocrx_word' id='word_1_500' title='bbox 861 2367 873 2387; x_wconf 85' lang='lat'>‚</span> <span class='ocrx_word' id='word_1_501' title='bbox 894 2352 933 2379; x_wconf 80' lang='lat' dir='ltr'>ac</span> <span class='ocrx_word' id='word_1_502' title='bbox 951 2350 1136 2378; x_wconf 84' lang='lat' dir='ltr'>moventur.</span> 
     </span>
    </p>
   </div>
   <div class='ocr_carea' id='block_1_4' title="bbox 1167 2388 1271 2437">
    <p class='ocr_par' dir='ltr' id='par_1_8' title="bbox 1167 2388 1271 2437">
     <span class='ocr_line' id='line_1_46' title="bbox 1167 2388 1271 2437; baseline -0.019 -13"><span class='ocrx_word' id='word_1_503' title='bbox 1167 2388 1271 2437; x_wconf 54' lang='grc' dir='ltr'>ΡΜ]-</span> 
     </span>
    </p>
   </div>
  </div>
 </body>
</html>
