1878 2724
622 144 762 180 PARS
798 144 1018 182 TERTIA.
1475 153 1523 182 σι

161 194 312 247 §ecunda
329 192 495 244 oesophagi
510 192 703 230 membrana
720 196 855 229 omnino
866 194 995 229 carnosa
1006 194 1049 229 est
1067 223 1077 237 ‚
1091 197 1125 230 &
1143 192 1339 239 musculatis,
1350 205 1422 242 quae
1436 161 1523 229 fibris

131 258 166 282 ut
183 245 388 281 observatum
407 241 471 279 fuit
483 243 503 279 a
515 246 661 287 Stenone
671 272 680 287 ,
691 242 858 292 spiralibus
868 242 907 278 fic
917 244 1064 278 instructa
1076 243 1122 278 est
1134 271 1143 286 ,
1158 255 1192 278 ut
1203 244 1324 294 duplex
1335 244 1417 279 ordo
1433 242 1525 279 fibra-

130 308 202 330 rum
218 293 280 330 sese
297 293 558 330 intersecantium
583 304 736 341 appareat
752 320 764 336 ,
780 298 814 330 &
826 293 902 326 duas
916 292 1008 327 velut
1025 292 1172 328 cochleas
1190 285 1337 328 efficiant
1360 307 1368 329 :
1393 293 1477 327 adeo
1492 304 1526 327 ut

131 343 252 393 duplex
269 342 304 378 sit
318 343 409 378 senes
426 344 615 379 interiorum
637 353 708 390 quae
728 340 943 386 descendunt,
964 341 1083 391 duplex
1099 342 1213 376 itidem
1233 343 1314 377 ordo
1329 344 1526 377 exteriorum

130 405 204 441 quae
223 392 408 429 ascendunt.
701 405 703 407 ·
897 398 906 407 ”

167 445 323 479 Tertia&
336 444 458 477 extima
475 442 582 476 tunica
592 439 771 490 oesophago
785 445 819 478 δε
829 440 1011 476 ventriculo
1024 441 1207 476 communis
1225 470 1234 484 ‚
1259 437 1328 476 tota
1351 440 1397 475 est
1422 452 1527 475 mem-

131 490 268 526 branosa
281 519 291 534 ,
307 497 340 528 δι
351 491 371 527 a
384 491 628 539 diaphragmate
642 502 751 525 ortum
762 489 849 526 suurn
870 490 989 524 ducere
1005 491 1156 526 creditur.
1177 492 1283 526 Prima
1301 493 1412 538 itaque
1430 494 1463 526 &
1478 493 1528 524 in-

131 543 214 575 tima
230 543 336 576 tunica
348 541 388 575 ad
404 539 525 575 sensum
538 540 670 575 videtur
680 538 834 576 conceffa.
850 540 940 575 Hinc
949 539 1063 574 villosa
1076 539 1120 574 est
1133 568 1143 583 ,
1159 550 1196 574 ut
1204 539 1352 574 ciborum
1363 538 1453 574 velut
1464 541 1529 572 tin-

133 591 256 626 &tuam
270 588 389 624 diutius
410 591 560 625 retineat.
579 588 682 626 Fibrae
693 601 820 624 nerveae
833 600 900 624 turn
915 589 955 622 ad
973 587 1162 624 firmitatem
1179 617 1188 632 ‚
1212 601 1280 623 tum
1294 589 1333 623 ad
1347 587 1529 623 faciliorem

130 639 356 674 dilatationem
366 639 551 674 conferunt.
567 639 661 685 Qin
675 640 774 674 etiam
787 641 820 673 in
833 638 880 674 his
897 637 987 673 fibris
1002 636 1127 686 spiritus
1150 637 1306 673 animales
1321 639 1409 676 varie
1418 648 1529 672 move-

130 691 202 725 ri&
216 689 354 737 expandi
372 686 500 737 poffimt
510 716 521 732 ‚
538 700 579 730 ut
592 688 743 724 humores
752 686 904 738 superflui
915 690 1114 723 excutiantur
1124 715 1133 730 ‚
1151 699 1186 722 ut
1200 689 1233 723 in
1243 684 1438 722 oscitatione
1448 698 1528 720 con-

130 749 239 787 ungu.

167 787 315 822 Secunda
334 785 498 836 oesophagi
510 789 616 823 tunica
628 786 675 822 est
693 785 778 835 quafi
795 785 914 834 duplex
926 787 1095 823 musculus.
1111 785 1208 822 Fibrae
1231 783 1458 820 descendentes
1472 784 1529 818 de-

130 835 300 885 glutitioni
313 835 471 881 serviunt,
489 836 696 872 ascendentes
711 836 796 872 forte
807 838 987 882 expuitioni
1002 843 1035 874 &
1058 837 1244 874 vomitioni.
1273 835 1474 881 Qanquam
1492 832 1530 867 il-

130 885 185 921 lud
196 884 459 921 verisimillimum
471 887 614 929 videtur,
630 884 726 919 fibras
745 885 816 919 illas
834 886 866 918 in
884 884 971 931 spirae
984 887 1117 920 modum
1135 894 1300 919 contortas
1319 882 1528 930 oesophagum

130 934 353 982 constringere
366 963 376 978 ,
387 945 422 968 ut
431 933 498 968 cibi
511 933 677 969 descensus
686 932 879 980 adjuvetur3
893 932 962 968 fere
976 945 1012 968 ut
1025 933 1185 981 utriusque
1199 932 1313 966 mancis
1331 931 1439 979 digitis
1458 944 1528 969 mu.-

131 995 189 1018 tuo
201 983 324 1019 insertis
333 995 403 1018 rem
415 983 559 1031 aliquam
576 983 817 1030 comprimimus
832 995 840 1017 ε
866 984 910 1016 ita
925 985 1013 1017 enim
1036 984 1168 1030 conjicit
1186 985 1352 1016 Vernaeus.
1377 982 1423 1015 Ac
1440 979 1529 1015 fibra:

131 1032 195 1067 illae
205 1033 322 1068 eodem
340 1031 410 1068 fere
423 1032 525 1066 modo
539 1043 637 1078 atque
647 1033 686 1065 in
693 1030 790 1065 corde
804 1029 1017 1078 disponuntur
1030 1060 1041 1074 ,
1066 1043 1203 1079 quaeque
1226 1031 1402 1064 exteriores
1416 1041 1507 1064 erant
1518 1057 1530 1072 ‚

131 1081 216 1118 fiunt
229 1080 407 1117 interiores‘
415 1109 425 1124 ‚
439 1085 473 1117 &
490 1078 636 1115 viciffim.

173 1133 286 1166 Primae
297 1132 412 1165 tunicae
422 1131 600 1179 praecipuus
618 1129 746 1165 videtur
765 1128 834 1165 usus
850 1131 883 1167 in
900 1142 940 1166 eo
957 1127 1075 1179 pofitus
1087 1157 1097 1173 ,
1115 1139 1150 1163 ut
1165 1125 1201 1162 sit
1218 1125 1347 1163 firmum
1365 1126 1527 1176 oesophagi

132 1180 351 1216 involucrum.

168 1227 396 1266 Nondiffimili
410 1228 536 1263 ratione
554 1227 750 1264 ventriculus
763 1239 879 1276 praeter
902 1231 1056 1264 extimam
1077 1225 1301 1264 memlnanam
1324 1227 1344 1262 ἐι
1360 1227 1531 1276 diaphrag-

133 1290 223 1316 mate
250 1290 356 1313 ortam
373 1276 488 1326 triplici
511 1277 636 1313 constat
650 1279 755 1312 tunica
767 1306 776 1320 ,
794 1290 930 1324 quarum
948 1280 1096 1313 omnium
1108 1277 1223 1312 in‘tima
1235 1281 1269 1312 &
1283 1276 1405 1319 villosa,
1417 1281 1450 1313 ἅτ
1461 1288 1531 1310 cru-

132 1330 212 1365 stata
227 1327 274 1362 est
286 1329 413 1362 extimat
429 1326 545 1375 linguae
558 1325 757 1362 membranae
779 1340 844 1361 nou
858 1327 1008 1362 abfimilis
1027 1350 1046 1370 ,-
1068 1332 1102 1363 &
1125 1326 1224 1360 iidem
1246 1338 1329 1374 pene
1353 1323 1423 1360 sunt
1443 1325 1528 1360 illius

131 1378 202 1413 usus
216 1405 226 1420 ‚
239 1379 389 1412 nimirum
403 1387 438 1411 ut
456 1374 589 1410 delibati
606 1376 751 1411 alimenti
766 1377 938 1424 particulas
959 1377 1113 1425 paulatim
1133 1375 1281 1410 detineat
1297 1387 1410 1418 ;.neve
1424 1377 1530 1409 tunica

131 1439 253 1463 nervea
268 1439 339 1474 quae
354 1426 430 1461 huic
439 1425 485 1459 est
495 1427 641 1473 proxima
655 1455 664 1469 ,
681 1424 725 1460 ab
740 1438 848 1459 earum
866 1428 1019 1461 contactu
1032 1425 1226 1461 immediato
1239 1436 1296 1459 aut
1309 1423 1461 1467 halatur}
1474 1436 1529 1458 aut

133 1477 311 1512 induretur.
327 1476 419 1526 Qn
430 1480 463 1511 δε
479 1474 564 1510 forte
581 1474 668 1522 chyli
682 1474 823 1522 reliquiae
843 1476 875 1509 in
889 1477 925 1509 iis
943 1473 1269 1523 velutmgisservatae
1278 1474 1434 1509 fermenti
1443 1475 1529 1508 vices

132 1524 259 1560 obeunt
269 1537 338 1560 tum
348 1528 387 1560 ad
400 1524 610 1572 digestionem
621 1552 629 1566 ‚
643 1536 713 1559 tum
727 1524 767 1558 ad
785 1524 908 1559 famem
921 1525 1160 1568 exacuendam3
1178 1534 1269 1571 parte
1292 1523 1336 1558 sui
1354 1534 1501 1557 convexa
1519 1551 1528 1566 ,

133 1586 196 1621 qua
207 1586 360 1609 nerveam
374 1571 600 1608 membranam
612 1575 716 1622 tangit
726 1602 736 1616 ‚
748 1584 819 1608 tota
831 1573 876 1607 est
887 1571 1071 1622 glandulosa
1085 1589 1094 1616 ;
1106 1585 1167 1607 nec
1177 1571 1315 1607 dubium
1331 1571 1378 1606 est
1392 1573 1470 1618 quin
1485 1583 1528 1606 eae

132 1622 291 1672 glandulae
306 1621 430 1658 succum
465 1619 609 1657 raebeant
619 1622 791 1671 digestioni
803 1626 949 1671 apprime
959 1622 1123 1665 utilem,&
1138 1621 1244 1656 salivae
1256 1634 1322 1657 non
1334 1620 1528 1657 diffimilem.

133 1672 235 1708 Unde
250 1685 323 1707 cum
336 1674 441 1707 anima
468 1671 535 1719 post
546 1669 654 1716 bidui,
672 1683 727 1706 aut
739 1673 835 1706 tridui
846 1673 1005 1721 jejunium
1023 1670 1206 1715 misceatur,
1224 1672 1257 1706 in
1271 1669 1443 1707 ventriculi
1457 1669 1529 1705 fun<

135 1722 179 1756 do
202 1722 396 1770 plerumque
414 1721 522 1768 liquot
540 1723 628 1754 exiis
644 1721 802 1769 glandulis
815 1720 972 1770 expressus
984 1719 1120 1755 subsidit-

173 1778 219 1806 20.
242 1772 356 1806 Media
376 1769 545 1806 ventriculi
564 1772 671 1804 tunica
689 1781 758 1804 tota
775 1769 909 1805 nervosa
928 1771 989 1814 est,
1003 1774 1037 1806 δε
1051 1769 1139 1805 fibris
1155 1769 1196 1803 ad
1220 1767 1340 1804 sensum
1366 1768 1527 1804 destinatis

135 1819 299 1856 instructa.
313 1821 376 1854 Hae
389 1822 502 1867 utiquc
513 1830 568 1853 aut
579 1821 712 1854 inanitae
724 1848 733 1862 ‚
748 1830 804 1853 aut
819 1820 946 1854 irritatae
960 1818 1085 1854 famem
1097 1824 1131 1856 &
1150 1817 1232 1853 sitim
1253 1819 1411 1853 excitant.
1427 1821 1526 1863 Inmi-

134 1871 273 1905 numeris
304 1881 439 1917 quoque
462 1866 538 1903 vasis
552 1896 561 1911 ,
578 1870 667 1903 venis
684 1870 836 1903 nimirum
848 1897 856 1911 ,
869 1874 907 1906 ’δε
928 1870 1055 1903 arteriis
1078 1867 1143 1903 haec
1162 1869 1270 1902 tunica
1292 1866 1456 1918 conspersa
1472 1868 1527 1905 est,

136 1921 225 1955 Nam
243 1917 316 1953 vasa
339 1921 370 1953 in
393 1915 562 1953 nervosam
575 1919 716 1952 tunicam
728 1915 887 1961 definunt,
904 1920 1094 1953 interiorem
1106 1922 1172 1965 ejus
1186 1927 1313 1965 partem
1322 1915 1441 1952 rubore
1454 1929 1528 1964 per-

136 1966 278 2002 fundunt
288 1996 296 2010 ‚
312 1972 348 2003 δε,
360 1965 447 2013 quasi
461 1965 594 2001 reticulo
608 1964 782 2014 sanguineo
799 1965 977 2003 obducunt.
995 1970 1071 2003 Nec
1083 1966 1225 2001 calorem
1237 1965 1338 2000 modo
1357 1966 1527 2001 ventriculi

135 2015 274 2051 fovent:
290 2015 340 2050 sed
356 2017 480 2049 arteriae
494 2026 627 2061 quoque
641 2014 811 2050 humorem
828 2016 1003 2062 quemdam
1019 2015 1157 2051 afferunt
1170 2044 1179 2058 ,
1208 2013 1262 2049 seu
1273 2013 1506 2050 fermentandis
1517 2032 1545 2059 ‚-

136 2064 190 2100 seu
203 2062 408 2099 diffolvcndis
421 2063 583 2098 alimentis
600 2063 766 2098 idoneum.
784 2065 904 2110 Neque
918 2063 998 2098 illud
1014 2063 1169 2098 abhorret
1185 2062 1205 2097 a
1222 2060 1406 2105 verisimili,
1427 2075 1527 2100 venas

136 2113 298 2151 interdum
309 2110 506 2147 subtiliorem
516 2110 604 2159 chyli
619 2113 805 2159 portionem
814 2111 953 2156 sorbere,
967 2117 1001 2150 ὃς
1014 2113 1054 2146 ad
1068 2124 1123 2147 cor
1139 2111 1278 2147 deferre.
1289 2112 1377 2146 Hinc
1391 2111 1471 2159 saepe
1483 2114 1529 2146 ci-

138 2162 252 2199 riffima
272 2162 309 2197 fit
327 2161 466 2197 refectio
477 2190 485 2204 ,
500 2172 674 2208 antequam
685 2160 798 2209 chylus
815 2174 873 2210 per
889 2163 1078 2198 innumeros
1095 2160 1258 2198 anfraERus
1267 2162 1407 2211 primum
1415 2162 1455 2195 ad
1469 2173 1528 2196 ve-

137 2225 192 2248 nas
212 2213 330 2248 laete-as
343 2240 351 2253 ‚
362 2222 429 2246 tum
447 2210 486 2244 ad
500 2221 555 2244 cor
570 2210 757 2258 perferatur.
986 2250 988 2253 Ι
1198 2211 1209 2220 “

172 2264 285 2298 Tertia
303 2261 412 2295 tunica
426 2289 435 2304 ,
455 2265 489 2296 &
503 2258 631 2294 carnosa
661 2257 748 2294 fibris
777 2262 899 2297 carneis
914 2262 1040 2297 constat
1051 2290 1060 2304 ‚
1078 2273 1150 2310 quae
1165 2258 1381 2295 ventriculum
1399 2272 1527 2296 contra-

136 2312 220 2347 hunt
233 2325 239 2346 :
258 2309 321 2345 sive
334 2322 407 2344 cum
426 2310 642 2356 comprimant
654 2337 664 2351 ,
677 2309 761 2344 adeo
772 2320 806 2344 ut
816 2322 886 2354 pars
904 2310 988 2345 illius
1003 2310 1117 2346 infima
1130 2310 1170 2344 ad
1190 2309 1369 2357 supremam
1386 2307 1527 2344 abduca-

135 2372 204 2397 tur:
219 2360 307 2408 quod
319 2371 375 2406 per
392 2357 489 2393 fibras
499 2357 727 2392 descendentes
746 2357 928 2406 perficitur;
944 2359 1007 2395 five
1026 2372 1125 2395 unum
1144 2356 1303 2393 orificium
1322 2356 1415 2392 alteri
1434 2370 1526 2393 acce-

123 2410 202 2454 dar,
218 2410 307 2458 quod
325 2407 362 2444 fit
375 2420 432 2457 per
453 2405 551 2444 fibras
562 2406 752 2444 transversas
764 2413 797 2446 δι
809 2408 990 2448 circulares.
1013 2411 1092 2446 Duo
1106 2409 1229 2458 quippe
1248 2405 1318 2442 sunt
1334 2407 1527 2455 ventriculi,

1189 2458 1225 2496 N
1240 2469 1261 2494 n
1271 2469 1291 2493 n
1302 2470 1324 2493 n
1346 2458 1366 2503 ij
