1878 2724
385 188 435 220 132
751 171 1034 211 PHYSICAE
1074 173 1404 212 GENERALIS

384 226 529 277 superat,
548 237 674 262 auitum
688 224 730 259 ab
750 237 791 258 eo
809 224 987 259 velocitate
1005 224 1172 267 vincatur3
1187 223 1257 268 seu,
1270 236 1306 259 ut
1319 223 1513 270 loquuntur,
1530 220 1551 257 fi
1568 221 1604 257 fit
1615 223 1781 272 reciproca

385 277 586 325 ponderum,
601 281 634 311 &
645 273 859 308 velocitatum
873 274 1044 321 proportio
1060 284 1118 316 ;ut
1129 271 1151 307 fi
1170 272 1252 306 alter
1264 275 1297 307 in
1315 275 1340 307 B
1352 271 1389 307 sit
1398 272 1530 307 alterius
1541 265 1575 307 iii
1585 275 1630 317 N,
1649 273 1782 322 duplus,

387 328 495 373 quiex
507 328 530 360 B
542 354 551 367 ,
568 324 667 372 duplo
684 323 803 357 tardius
819 334 990 358 moveatur
999 334 1041 356 eo
1056 323 1114 369 qui
1131 323 1215 358 exN
1226 321 1367 357 decidit:
1383 323 1452 371 post
1466 321 1665 358 collisionem
1679 322 1781 360 ambo

386 373 567 410 manebunt
582 371 782 408 immobiles,
803 372 895 407 Idem
906 374 995 407 enim
1014 382 1114 418 atque
1131 373 1164 406 in
1177 372 1282 414 vaste,
1292 370 1420 414 statera,
1435 382 1531 419 atque
1541 371 1610 406 aliis
1622 374 1783 409 machinis

384 424 528 458 futurum
546 424 589 458 est
600 452 609 466 ‚
626 421 782 469 inquibus
799 421 836 457 fit
855 420 1072 469 aequilibrium
1085 449 1095 464 ,
1109 433 1183 455 cum
1197 422 1332 455 minoris
1348 420 1500 468 ponderis
1519 421 1677 457 velocitas
1695 452 1705 466 ,
1727 434 1783 458 aut

384 473 529 507 distantia
539 486 559 508 ι
570 485 685 507 centro
696 470 864 507 immobili
874 482 965 506 tanto
978 475 1079 518 major
1092 470 1135 505 est
1146 499 1156 513 ‚
1172 481 1297 517 quanto
1307 481 1420 518 corpus
1430 471 1534 504 minus
1543 469 1563 505 ὲ
1573 477 1697 519 majore
1712 475 1782 508 vin·

384 523 477 558 citur.
502 522 606 569 Qiod
618 523 730 568 utique
746 523 845 557 totius
858 520 1069 556 Mechanices
1084 520 1283 568 principium
1298 517 1361 554 effe
1377 522 1443 566 jam
1462 519 1640 556 identidem
1652 524 1783 557 monui-

383 583 455 606 mus
467 587 476 613 3
489 583 629 619 eamque
642 570 703 608 eise
718 571 811 619 hujus
821 571 972 619 principii
986 567 1150 618 physicam
1161 571 1324 604 rationem
1334 597 1343 611 ‚
1366 568 1455 616 quod
1468 567 1621 616 cujusque
1637 573 1784 620 corporis

382 632 440 656 aut
456 622 504 656 vis
517 622 635 656 motrix
646 650 656 664 ,
679 632 733 655 aut
742 618 914 655 refistentia
927 631 967 654 ex
982 618 1102 667 duplici
1118 620 1225 667 capite
1247 616 1283 653 fit
1301 617 1488 659 {estimanda
1498 647 1508 662 ,
1527 630 1566 653 ex
1577 619 1723 667 pondere
1734 623 1785 656 ni-

383 673 521 714 mirum,
538 676 573 707 &
586 670 697 705 motus
717 669 909 705 velocitate.
1147 670 1150 673 ’

410 722 488 768 Jarn
501 732 537 755 ut
548 720 715 755 redeamus
729 720 767 754 ad
777 717 951 768 globulos,
967 729 1107 765 quotum
1128 716 1322 752 velocitates
1343 715 1413 752 sunt
1428 715 1626 765 ponderibus
1643 718 1789 766 recipro-'

385 782 430 803 cae
442 798 450 812 ‚
470 772 593 817 quique
607 769 679 818 post
689 768 856 804 occursum
869 779 1004 804 manent
1023 765 1211 801 immobiles
1222 796 1231 810 ,
1248 765 1401 814 profecto
1420 768 1452 800 in
1471 764 1656 801 Cattefiana
1677 765 1786 815 hypo..

383 817 462 853 thesi
478 821 530 853 vix
545 819 598 853 ille
611 818 746 854 effiCtus
758 817 910 867 explicari
922 815 1037 865 potest.
1052 816 1144 864 Qid
1155 818 1243 851 enim
1255 815 1293 850 fit
1312 817 1353 850 de
1363 814 1524 862 utriusque
1534 814 1623 863 hujus
1642 818 1785 863 corporis

383 880 477 903 motu
487 898 496 911 ‚
508 868 562 903 vel
583 871 727 917 impetu?
750 879 804 902 aut
818 866 987 914 quomodo
1001 866 1118 900 eadem
1134 864 1176 900 est
1187 864 1300 901 motus
1320 867 1481 914 quantitas
1499 864 1572 912 post
1582 862 1784 901 collisionem

382 930 556 966 corporum
568 947 576 961 ‚
590 931 658 966 quae
674 929 772 953 antea
784 916 848 952 fuit
862 925 873 951 ξ

423 982 460 1012 4.
477 970 510 1003 Si
530 967 701 1017 globusrin
722 967 862 1003 alterum
877 962 1087 1002 immobilem
1103 992 1112 1008 ,
1135 968 1171 1001 &

383 1020 548 1053 minorem
567 1019 746 1066 impingat,
760 1028 796 1052 ut
811 1018 839 1052 A
851 1018 885 1051 in
896 1017 940 1058 Β,
959 1013 1031 1063 post
1054 1025 1168 1048 occur-

382 1065 450 1102 sum
480 1070 514 1103 in
532 1067 671 1104 eandem
687 1079 814 1115 partem
835 1066 1004 1101 communi
1021 1074 1113 1098 motu
1134 1073 1172 1097 ut
1203 1087 1262 1118 A
1449 1048 1520 1119 ἒ
1537 1067 1566 1102 Β
1730 1083 1764 1124 C

380 1118 416 1151 in
435 1117 465 1152 C
480 1117 649 1153 ferentur:
676 1116 714 1153 sic
733 1128 845 1153 tamen
869 1126 903 1150 ut
925 1127 966 1149 eo
987 1113 1107 1148 tardius
1128 1110 1167 1145 fi-
1513 1101 1718 1117 ””’”””””””’

381 1166 448 1201 mul
462 1166 709 1214 progrediantur
723 1194 733 1209 ‚
751 1176 876 1214 quanto
890 1164 953 1199 duo
962 1173 1096 1211 corpora
1108 1157 1197 1195 simul
1211 1157 1334 1207 sumpta
1353 1163 1478 1205 majora
1501 1157 1571 1192 sunt
1583 1155 1650 1191 solo
1666 1168 1787 1204 corpo-

379 1227 415 1249 re
427 1217 455 1251 A
468 1215 556 1264 prius
567 1227 662 1250 moto
677 1244 686 1258 ‚
699 1215 787 1263 quod
802 1212 837 1253 fit
850 1228 884 1250 v.
897 1226 943 1262 gr.
960 1214 1057 1247 trium
1077 1209 1241 1245 librarum.
1253 1211 1414 1244 Ponamus
1429 1211 1540 1255 itaque
1553 1205 1690 1256 globum
1700 1207 1729 1241 A
1738 1203 1787 1240 es.

380 1263 412 1300 se
423 1265 555 1313 triplum
567 1264 659 1312 globi
673 1267 716 1307 13⁷,
739 1269 921 1310 &quatuor
934 1260 1057 1297 habeat
1070 1259 1266 1294 -velocitatis
1281 1257 1396 1306 gradus
1406 1286 1415 1300 ,
1434 1269 1501 1304 quo
1520 1258 1617 1304 igitur
1632 1267 1785 1302 tempore

381 1313 498 1362 globus
528 1317 551 1348 A
577 1312 659 1348 solus
683 1313 821 1362 spatium
834 1313 862 1346 A
876 1313 900 1345 Β
917 1309 1080 1352 confecit,
1097 1308 1217 1342 eodem
1237 1307 1310 1355 post
1326 1305 1494 1340 occursum
1514 1315 1664 1352 tempore
1678 1332 1688 1346 ,
1712 1302 1786 1352 spa-

383 1365 462 1398 tium
479 1365 503 1397 B
517 1363 547 1399 C
566 1365 673 1398 minus
685 1373 801 1410 quarta
820 1372 914 1410 parte
935 1358 1035 1408 qulam
1043 1357 1185 1406 spatium
1204 1358 1230 1391 A
1243 1358 1266 1391 B
1279 1386 1288 1400 ‚
1314 1354 1377 1391 un&
1395 1367 1469 1390 cum
1492 1352 1595 1403 globo
1618 1356 1642 1388 B
1655 1364 1786 1400 percur-

382 1424 441 1449 ret,
457 1414 548 1447 Idem
567 1415 657 1448 enim
676 1422 789 1447 manet
802 1422 912 1446 motus
927 1424 934 1445 :
949 1409 1001 1444 sed
1015 1407 1171 1443 velocitas
1185 1404 1247 1441 hoc
1262 1407 1364 1453 magis
1379 1407 1534 1440 minuitur
1546 1432 1556 1446 ‚
1573 1401 1642 1450 quo
1655 1404 1689 1436 in
1709 1401 1787 1449 plu.

381 1474 431 1496 res
446 1474 553 1511 partes
566 1474 675 1497 motus
684 1460 888 1496 distribuitur
901 1473 909 1495 :
925 1459 1010 1495 unde
1029 1458 1092 1492 duo
1102 1454 1192 1505 globi
1207 1454 1296 1489 simul
1313 1454 1431 1503 sumpti
1443 1465 1506 1488 tres
1521 1464 1646 1488 tantum
1664 1450 1789 1486 veloci-

383 1515 457 1546 tatis
477 1513 591 1561 gradus
605 1511 679 1547 sunt
696 1509 837 1546 habituri
851 1539 860 1553 ,
883 1522 955 1545 cum
971 1518 1108 1556 quatuor
1126 1503 1225 1540 eisent
1256 1506 1288 1538 in
1307 1503 1410 1552 globo
1433 1504 1460 1537 A
1479 1514 1556 1538 ante
1574 1499 1786 1537 collifionem.

381 1563 496 1596 Minus
508 1562 591 1596 adeo
610 1563 671 1597 erit
683 1560 822 1610 spatium
841 1559 905 1595 BC
918 1588 928 1604 ,
952 1559 1059 1607 quum.
1068 1555 1204 1604 spatium
1226 1556 1254 1590 A
1276 1555 1319 1597 B,
1345 1553 1474 1601 hocque
1487 1563 1604 1600 quarta
1629 1550 1675 1585 sui
1692 1561 1788 1599 parte

382 1610 607 1647 mulitabitur.

425 1673 456 1706 5.
467 1664 544 1697 Duo
555 1673 692 1710 corpora
706 1658 874 1708 inaequalia
887 1657 1013 1693 elaterii
1029 1656 1175 1704 expertia
1188 1683 1198 1698 ,
1225 1652 1419 1700 &inaequali
1433 1651 1610 1688 velocitate
1631 1652 1664 1686 in
1678 1660 1786 1699 partes

381 1710 542 1760 oppositas
563 1723 652 1745 mota
664 1709 721 1745 fibi
733 1719 918 1752 occurrant,
937 1718 974 1741 ut
989 1708 1015 1740 A
1029 1708 1095 1742 &B
1112 1733 1121 1747 ,
1151 1704 1220 1752 post
1231 1702 1396 1738 occursum
1407 1705 1439 1738 in
1453 1702 1609 1750 partesC
1627 1701 1786 1743 ferentur,

382 1759 580 1808 siqunntitas
594 1759 705 1793 motus
722 1761 755 1793 in
769 1769 905 1805 corpore
928 1758 958 1791 A
974 1753 1010 1789 fit
1035 1758 1141 1799 major
1165 1767 1172 1788 :
1200 1752 1250 1786 sed
1267 1752 1339 1798 post
1360 1750 1525 1786 occursum
1539 1749 1653 1783 residui
1669 1748 1784 1785 motfis

381 1811 544 1857 quantitas
557 1837 566 1851 ‚
581 1810 641 1843 erit
652 1807 835 1842 differentia
854 1816 1005 1839 motuum
1019 1814 1094 1837 ante
1115 1800 1279 1835 occursum
1294 1816 1301 1835 :
1319 1812 1391 1834 cum
1406 1800 1494 1834 enim
1509 1809 1614 1835 motus
1629 1796 1688 1833 sint
1708 1810 1786 1835 con-

382 1860 468 1893 trarii
481 1887 490 1901 ,
509 1860 616 1893 minor
629 1869 755 1904 partem
776 1855 839 1890 fibi·
850 1853 1008 1901 aequalem
1024 1864 1062 1886 ex
1079 1851 1195 1898 majori
1211 1849 1324 1885 elidet.
1344 1851 1460 1896 Itaque
1472 1847 1551 1882 nihil
1571 1846 1701 1882 restabit
1715 1847 1787 1895 post

381 1907 564 1951 occursum,
579 1906 634 1941 m'fi
648 1903 786 1941 excelsus
798 1905 930 1952 majoris
950 1914 1056 1937 motus
1077 1900 1167 1948 supra
1187 1901 1357 1934 minorem.
1380 1900 1428 1932 Sit
1440 1911 1469 1931 v.
1486 1910 1533 1946 gr.
1547 1895 1662 1945 globus
1685 1898 1711 1931 A
1729 1898 1788 1930 tri-

382 1956 452 2004 plus
469 1956 561 2005 globi
576 1958 598 1990 B
610 1986 618 2000 ‚
645 1962 678 1993 δε
690 1954 781 2005 globi
796 1957 823 1990 A
836 1953 896 1991 fint
907 1963 1047 2000 quatuor
1063 1949 1245 1984 velocitatis
1261 1948 1376 1996 gradus
1387 1977 1395 1991 ‚
1412 1950 1575 1994 quantitas
1590 1957 1698 1980 motus
1714 1944 1789 1994 glo1

383 2006 417 2041 bi
439 2008 466 2041 A
489 2009 549 2040 erit
572 2021 582 2041 1
593 2007 780 2054 igraduum.
796 2007 884 2040 Nam
897 2014 951 2045 ,ut
963 2000 1190 2049 saepediximus
1203 2027 1211 2040 ,
1227 2010 1299 2031 cum
1313 2009 1419 2032 motus
1436 1997 1589 2043 ponderis
1607 1997 1691 2029 vires
1702 1993 1789 2029 mul-

383 2056 532 2105 tiplicet,
564 2054 768 2090 uthabeatur
781 2055 944 2102 quantitas
956 2061 1061 2086 motus
1080 2048 1211 2097 alicujus
1235 2048 1397 2094 corporis,
1414 2044 1662 2093 multiplicanda
1679 2044 1723 2079 est
1741 2043 1786 2079 il-

382 2105 445 2141 lius
467 2105 571 2140 moles
586 2135 594 2148 ,
618 2117 675 2139 aut
697 2105 823 2152 pondus
851 2105 884 2139 in
903 2101 1115 2135 velocitatem
1132 2096 1242 2146 ipsam.
1270 2096 1400 2131 Pondus
1424 2093 1517 2143 globi
1548 2096 1574 2129 A
1594 2093 1785 2142 supponitur

385 2158 482 2190 tsium
496 2169 527 2191 v.
540 2168 586 2204 gr.
603 2153 756 2188 libi-arum
768 2183 777 2197 ‚
802 2152 959 2188 velocitas
975 2149 1058 2183 illius
1076 2159 1214 2195 quatuor
1233 2146 1392 2195 graduum
1412 2159 1421 2180 :
1444 2144 1509 2179 haec
1528 2146 1559 2179 in
1592 2142 1620 2177 se
1637 2145 1784 2178 invicem

383 2206 501 2248 dueta,
524 2217 572 2239 ter
587 2206 738 2239 nimirum
756 2205 788 2238 in
798 2212 937 2251 quatuor
951 2196 1093 2234 efficiunt
1108 2197 1292 2231 duodicim.
1310 2197 1386 2243 jam
1404 2205 1517 2242 corpus
1536 2195 1559 2226 B
1585 2191 1620 2226 sit
1635 2194 1725 2227 uniu's
1743 2192 1785 2227 li-

383 2253 446 2288 brae
458 2283 468 2298 ‚
480 2254 637 2289 velocitas
649 2264 755 2289 motus
771 2255 867 2287 trium
881 2250 1036 2300 graduum
1049 2277 1057 2290 ‚
1073 2248 1234 2294 quantitas
1249 2248 1347 2293 igitur
1365 2244 1472 2279 moth
1490 2245 1550 2276 erit
1560 2253 1594 2275 ut
1609 2243 1668 2275 tria
1683 2255 1690 2276 :
1707 2253 1782 2276 narn

384 2317 485 2338 unum
504 2306 538 2339 in
553 2307 612 2338 tria
631 2301 884 2342 multiplicatum
900 2297 1000 2334 efficit
1014 2309 1138 2332 tantum
1157 2298 1227 2331 trin.
1252 2295 1326 2330 Post
1342 2291 1506 2328 occursum
1527 2293 1625 2338 igitur
1643 2290 1782 2325 duorum

384 2365 556 2399 corporum
566 2352 684 2402 globus
699 2344 839 2387 ΒὲΙίἀεῑ
853 2363 914 2386 tres
930 2347 1043 2397 gindus
1058 2347 1250 2394 quantit-„itis
1261 2350 1326 2389 ejus
1343 2341 1454 2376 motus
1465 2369 1474 2384 ,
1497 2342 1550 2386 qui
1572 2351 1640 2373 erat
1660 2341 1692 2373 in
1708 2340 1783 2387 ‘530⁴

385 2400 430 2434 bo
442 2403 488 2444 A,
518 2408 552 2438 ἃ·
577 2404 706 2451 utrique
723 2405 852 2450 corpori
869 2398 957 2435 fimul
976 2397 1104 2446 ssimpto
1125 2405 1288 2442 quantitas
1303 2391 1413 2428 motus
1436 2392 1496 2425 erit
1512 2400 1637 2425 tantum
1658 2400 1781 2430 novem

387 2462 537 2497 panium.
