1878 2724
420 143 825 182 <TRACT'ATUS
866 142 1096 182 PRIMUS.
1435 150 1472 192 85

599 243 715 277 Prima
733 239 909 287 Conclusio,

101 340 285 378 -Mistibilia
299 340 389 378 fimul
402 342 476 377 astu
489 345 523 378 &
536 341 685 388 potentia
693 338 917 375 mixtossinsunt
928 368 938 382 ‚
958 338 1011 374 sed
1034 340 1157 377 diversa
1175 344 1313 378 ratione.
1374 377 1394 381 ,,

79 426 93 430 ,,
114 390 245 430 Probae.
260 397 294 429 &
304 391 487 440 explicatur
500 387 680 425 conclufio:
691 387 787 424 ’simul
801 393 836 425 &
849 388 1000 438 oppolitae
1013 388 1177 426 sententiae
1192 391 1287 428 facile
1299 389 1470 428 conciliari

69 440 241 489 (poterunt.
258 444 348 478 Nam
360 439 527 476 miscibilia
541 441 577 474 in
596 440 704 477 mixto
716 436 841 480 insunt,
865 443 900 476 &
913 440 988 474 actu
999 444 1032 477 ὃ(
1047 440 1204 488 potestate
1223 455 1232 477 ε
1251 440 1320 478 sunt
1337 441 1470 487 quide-m

74 491 150 525 actu
165 517 176 532 ,
189 488 210 524 li
225 489 373 525 absolute
390 494 423 526 δε
439 488 612 524 secundum
627 485 714 522 suam
724 488 896 521 entitatem
907 486 1110 533 spe&entut;
1133 488 1204 525 sunt
1216 502 1339 526 tantum
1352 501 1469 537 poten-

71 540 120 575 tia
133 567 142 581 ,
157 537 177 572 fi
188 538 317 588 phyfice
330 567 340 583 ,
358 539 422 574 hoc
438 538 482 572 est
497 536 670 572 secundum
687 536 902 582 proprietates
917 534 1079 571 seniibiles
1093 537 1345 576 confiderentur.
1365 539 1469 586 Qod

74 588 150 623 aerii
169 587 279 632 insint,
293 586 402 622 multis
421 583 599 620 rationibus
619 590 653 619 &
671 585 904 632 experimentis
923 586 1031 620 evinci
1042 586 1160 634 potest.
1454 609 1458 612 .

117 649 147 673 1-
162 637 197 670 Si
212 647 350 685 pereunt
360 634 524 670 elementa
535 662 545 678 ‚
561 633 734 681 quomodo
752 635 786 668 in
805 635 964 669 mixtione
977 636 1130 670 uniuntur
1143 663 1153 678 ,
1172 635 1412 681 aut-quomodo
1424 636 1472 670 al-

72 695 216 721 terantur
229 695 240 721 2
258 697 330 732 quae
341 685 429 719 enini
441 685 565 731 periere
578 711 588 726 ‚
598 694 658 717 nec
671 685 825 732 conjungi
840 681 966 732 polsunt
975 712 984 726 ‚
995 693 1058 724 'nec
1067 683 1204 724 astet-ari·
1225 686 1336 729 Quare
1349 687 1471 721 mixtio

69 745 143 770 sion
153 735 214 769 erit
225 732 432 772 miscibilium
446 731 656 768 alteratorum
670 734 769 775 unio5
787 744 848 768 nec
865 734 1004 768 mixtum
1021 733 1088 767 dici
1101 734 1203 782 potest
1214 762 1225 778 ‚
1239 736 1329 782 quod·
1344 745 1385 772 ex
1399 733 1473 772 fim-

73 781 152 831 plici
163 785 300 818 materia
319 788 353 820 δε
371 781 506 831 simplici
526 781 631 817 forma
645 781 779 818 constat.
799 784 874 818 Nec
887 784 1068 830 quicquam
1084 783 1148 819 dici
1165 785 1273 832 potest
1284 784 1470 828 absurdius,

75 830 176 879 quam
190 831 311 867 formas
328 832 566 868 elementorum
608 833 690 866 erite
710 859 719 874 ,
737 836 770 868 &
786 842 899 865 eorum
916 832 1092 879 qualitates
1116 845 1250 869 manere
1270 833 1471 884 superstites:

73 891 146 915 curn
156 879 217 916 illae
229 881 400 930 qualitates
418 881 538 917 formas
552 882 561 914 i
598 892 631 915 as
645 879 896 927 consequantur.

123 943 150 965 2.
178 933 213 965 Si
234 930 397 967 elementa
410 959 420 974 ‚
440 942 495 965 aut
511 893 681 965 niifitibilia
701 931 777 965 actu
800 942 868 964 non
889 928 983 965 infint
1002 932 1110 968 mixto
1124 962 1133 977 ,
1148 932 1309 982 explicari
1331 933 1362 967 id
1385 933 1473 969 nulla

72 980 202 1014 ratione
215 980 318 1027 potest
331 991 385 1023 cur
397 992 439 1016 ex
456 978 544 1029 ligno
556 993 587 1015 V.
610 991 658 1028 gr.
686 980 720 1013 vi
743 978 860 1014 caloris
882 977 1022 1018 fimul&
1040 983 1161 1019 eodem
1177 994 1348 1031 tempore,
1361 995 1444 1031 aqua
1461 1013 1473 1028 ,

72 1028 157 1074 ignis
175 1056 185 1071 ,
203 1027 265 1073 sal,
290 1029 401 1064 oleum
434 1028 656 1065 extrahantur.
686 1030 775 1064 Nam
791 1040 899 1077 partes
926 1029 1007 1078 ligni
1026 1044 1143 1067 omnes
1157 1062 1168 1077 ‚
1191 1044 1227 1068 ut
1244 1031 1364 1069 volunt
1377 1061 1386 1075 ‚
1404 1031 1472 1068 sunt

75 1075 287 1126 homogencae
302 1106 311 1121 ‚
333 1084 367 1114 ὅ(
393 1076 436 1112 sui
450 1076 565 1112 similes
582 1091 590 1113 ι
611 1079 692 1127 ignis
709 1083 741 1114 δε
756 1090 840 1124 aqua
855 1076 914 1112 fibi
935 1078 1161 1125 adversantur,
1187 1088 1220 1119 &
1247 1080 1472 1129 dispositiones

71 1127 201 1172 penitus
211 1128 388 1162 contrarias
400 1129 547 1175 exigunt.
568 1127 661 1173 Qid
677 1127 719 1160 est
735 1128 831 1174 igitur
847 1139 902 1161 cut
913 1139 957 1165 ex
977 1129 1096 1164 eodem
1113 1132 1200 1174 ligno
1213 1158 1223 1170 ‚
1238 1129 1280 1164 ab
1293 1131 1407 1165 eadem
1418 1130 1470 1164 ef.

67 1172 209 1210 sectrice
220 1174 311 1210 causa
321 1175 444 1210 diversa
458 1177 622 1224 prodeant
639 1174 803 1210 elementa
823 1185 834 1211 ἓ
860 1177 893 1210 Si
912 1189 984 1224 pars
998 1189 1062 1211 una
1076 1170 1156 1227 ligni
1169 1181 1282 1227 ignem
1300 1180 1471 1228 concipit,

74 1234 130 1257 cur
144 1235 210 1264 non
221 1230 254 1260 ὅ(
268 1224 369 1258 altera
380 1235 394 1260 2
422 1226 525 1260 Certe
536 1235 590 1259 aut
605 1223 771 1258 dissimiles
782 1225 896 1260 suntin
910 1225 998 1272 ligno
1016 1239 1122 1273 partes
1134 1256 1142 1266 ,
1167 1234 1203 1265 δ(
1219 1229 1471 1275 heterogeneae3

68 1282 130 1313 faut
147 1272 276 1309 diversae
286 1272 398 1308 saltem
410 1273 482 1308 sunt
491 1276 633 1321 partium
652 1285 790 1309 texturae
803 1300 813 1314 ,
836 1285 898 1308 nec
911 1286 1025 1309 omnes
1043 1273 1114 1311 sunt
1130 1278 1214 1312 adeo
1228 1276 1269 1312 sui
1282 1275 1397 1312 limiles
1411 1305 1421 1320 ‚
1436 1289 1470 1312 ut

67 1321 100 1357 ji
112 1322 316 1357 contendunt
326 1325 382 1369 qui
397 1334 518 1371 negant
533 1322 700 1358 miscibili'a
711 1323 827 1358 aeiuin
841 1323 949 1356 mixtis
961 1325 1130 1361 contineri.

68 1403 70 1405 .
112 1371 187 1405 Huc
198 1371 334 1406 redeunt
342 1372 580 1421 bemicorum
594 1383 803 1421 argumenta,
819 1370 936 1419 quibus
958 1371 1007 1406 sua
1024 1375 1199 1422 principia,
1231 1372 1252 1408 fi
1267 1375 1371 1409 minus
1393 1387 1469 1409 orri-

77 1419 130 1452 nia
142 1447 151 1462 ,
169 1422 319 1467 quaedam
333 1418 444 1456 saltem
461 1423 496 1456 iri
513 1423 621 1456 mixtis
643 1419 831 1469 corporibus
850 1418 946 1455 ineise
957 1421 1184 1460 demonstrant.
1209 1424 1297 1458 Cum
1312 1426 1400 1457 enim
1426 1436 1467 1460 ex

72 1477 160 1502 -terra
175 1497 186 1512 ‚
202 1468 360 1518 lapidibus
374 1499 384 1514 ‚
407 1473 624 1506 excrementis
644 1469 834 1505 animalium
854 1469 898 1506 sal
915 1469 1053 1505 nitrosus
1078 1470 1172 1507 solius
1200 1484 1293 1519 aquae
1312 1471 1467 1507 affufione

77 1516 203 1555 elicitur
217 1519 315 1562 {cum
327 1518 437 1554 oleum
452 1532 493 1555 ex
507 1519 705 1568 amygdalis,
728 1519 843 1563 olivis,
859 1517 994 1555 nucibus
1006 1548 1016 1563 ,
1042 1519 1100 1555 lini
1126 1521 1246 1556 semine
1265 1523 1469 1569 exprimitur3

66 1577 149 1603 cum
164 1565 289 1614 spii-itus
299 1571 445 1603 vinitam
463 1569 527 1607 leni
539 1569 646 1604 calore
663 1568 843 1606 exstillatur
855 1595 866 1611 ,
883 1567 1034 1604 dubitare
1049 1583 1118 1605 non
1130 1570 1292 1620 polsumus
1303 1573 1383 1619 quin
1403 1571 1467 1606 haec

75 1615 151 1649 ειᾶιι
165 1615 258 1651 infint
279 1616 481 1663 corporibus,
895 1627 897 1629 ’
1031 1640 1034 1641 ⁷
1200 1638 1203 1640 -

111 1666 186 1700 Pars
195 1664 294 1699 altera
307 1664 514 1702 conclusionis
528 1665 662 1714 probari
675 1664 769 1701 facile
777 1665 891 1714 potest.
912 1664 1048 1715 Phyficae
1065 1670 1152 1703 enim
1175 1673 1209 1705 ὃ(
1231 1666 1391 1703 sensibiles
1403 1667 1468 1703 ele·

71 1724 263 1748 »mentorum
277 1714 469 1759 qualitates,
494 1726 549 1749 aut
569 1714 679 1748 forniae
697 1727 763 1748 non
777 1717 851 1750 actu
867 1743 876 1756 ,
900 1714 953 1749 sed
984 1717 1145 1763 potestate
1160 1718 1320 1752 duntaxat
1346 1717 1415 1753 sunt
1433 1720 1468 1752 in

68 1763 186 1805 >mima
205 1764 310 1797 Terra
319 1776 350 1796 -v.
361 1776 393 1809 g.
403 1765 435 1798 in
448 1775 533 1810 aqua
542 1765 662 1798 marina
675 1762 764 1798 nullo
775 1763 893 1799 effectu
913 1763 1051 1800 sensibili
1067 1765 1095 1800 se
1113 1766 1232 1814 prodit.
1257 1768 1346 1804 Nam
1361 1769 1468 1801 minu-

78 1811 209 1845 taeillius
220 1823 326 1857 partes
341 1813 404 1849 una
414 1826 485 1848 cuni
498 1812 715 1859 aquafluunt,
733 1825 816 1860 aqua
835 1812 901 1862 ipsa
917 1815 950 1849 in
971 1814 1078 1862 lignO,
1097 1817 1128 1849 in
1141 1815 1247 1862 lapide
1265 1827 1326 1851 nec
1346 1815 1467 1862 liquida

78 1859 125 1893 est
139 1889 148 1903 ,
163 1873 218 1895 net
231 1861 362 1895 humida
372 1891 380 1904 ,
401 1875 460 1903 nec
476 1861 636 1909 perspicua
658 1878 668 1903 ·,
690 1874 797 1909 neque
808 1865 918 1911 ignem
935 1865 968 1898 in
977 1867 1054 1898 nive
1066 1876 1120 1898 aut
1135 1864 1316 1911 glacie,aut
1327 1877 1468 1899 marmo-

77 1919 112 1942 re
129 1910 202 1944 aeia
222 1908 318 1945 incise
331 1912 522 1945 crediderim
540 1939 552 1954 ,
574 1909 595 1944 fi
610 1913 676 1945 vim
687 1911 791 1954 illius,
813 1917 845 1948 &
866 1910 1008 1960 physicas
1024 1915 1238 1961 proprietates
1259 1912 1466 1950 confiderem.

73 1959 194 2004 Qiare
219 1960 252 1993 in
270 1962 375 1994 mixto
392 1972 454 1995 una
468 1960 512 1993 est
527 1960 633 1994 forma
642 1973 714 2007 quae
736 1960 783 1995 illi
802 1959 863 1996 effe
877 1963 971 1996 mixti
982 1990 992 2004 ‚
1007 1967 1041 1998 &
1054 1973 1202 1998 naturam
1214 1960 1397 1998 sensibilem
1415 1965 1469 1998 tri·

78 2005 157 2041 buit.
171 2007 343 2055 quuid
356 2009 444 2043 estin
456 2008 543 2044 ferro
557 2007 701 2045 senfibile
711 2039 723 2054 ‚
747 2009 870 2046 ferrum
881 2010 933 2045 est.
960 2012 1034 2047 Nec
1058 2022 1167 2046 tamen
1183 2013 1322 2047 mixtum
1335 2012 1380 2046 est
1395 2024 1467 2047 cor-

75 2065 135 2101 pus
145 2052 296 2102 fimplex:
313 2069 388 2092 nam
399 2070 439 2093 ex
453 2061 752 2106 temperatione,k&
764 2059 957 2101 alteratione
969 2059 1207 2099 elementorum
1232 2060 1339 2098 forma
1360 2073 1466 2097 emet-

69 2104 125 2152 rgit
138 2117 145 2138 :
163 2116 233 2150 qua:
245 2114 310 2146 tion
323 2106 369 2139 est
382 2110 500 2142 entitas
518 2109 663 2154 quaedam
673 2108 833 2152 absoluta,
851 2121 887 2151 ut
898 2108 1041 2157 superius
1054 2109 1255 2154 diximus‚sed
1267 2109 1465 2155 complexio,

78 2163 132 2188 aut
146 2155 230 2187 ratio
238 2156 473 2200 proprietatum
488 2159 599 2203 quaein
612 2157 822 2193 miscibilibus
834 2171 1026 2195 occurrunt:
1044 2170 1098 2194 aut
1111 2171 1198 2194 certe
1214 2158 1234 2194 fi
1248 2171 1320 2206 quae
1339 2158 1376 2194 sit
1389 2163 1437 2193 vis
1453 2186 1465 2202 ,

78 2212 135 2237 aut
152 2201 291 2247 qualitas
308 2205 411 2237 mixto
422 2203 592 2247 ell'cntialis
608 2235 618 2249 ,
636 2219 677 2241 ea
689 2210 802 2255 utique
820 2208 927 2242 forma
940 2210 1033 2242 mixti
1043 2209 1106 2243 dici
1117 2209 1239 2257 potest.
1363 2242 1365 2244 .

125 2251 240 2300 Qare
249 2250 411 2287 elementa
424 2252 444 2287 fi
462 2253 606 2289 absolute
620 2261 654 2292 &
668 2256 886 2305 metaphysice
899 2256 1103 2301 spectentur,
1128 2260 1200 2292 astu
1216 2256 1285 2291 sunt
1305 2259 1335 2291 in
1347 2259 1464 2302 mixto,

80 2309 236 2346 tanquam
251 2299 335 2335 illius
353 2305 486 2336 materia
498 2302 656 2347 secunda,
675 2305 724 2347 sed
740 2305 865 2348 habent
883 2306 944 2340 eise
960 2306 1124 2354 physicum
1136 2335 1144 2348 ‚
1169 2311 1202 2342 &
1215 2305 1358 2340 senfibile
1379 2306 1463 2342 illius

72 2349 193 2393 mixti.⁴
207 2349 307 2383 Unde
327 2354 361 2384 in
377 2355 588 2399 generatione
607 2356 701 2396 mixti
714 2354 778 2400 ipsa
789 2354 951 2391 elementa
966 2354 1099 2402 pliyfice
1109 2354 1274 2401 loquendo
1291 2383 1300 2396 ‚
1321 2355 1383 2392 hoc
1396 2357 1439 2390 est
1453 2385 1464 2400 ‚

80 2398 205 2433 ratione
214 2396 408 2443 sensibilium
419 2403 826 2453 proprietatum‚1qotrtipta
839 2404 1006 2446 videntur,
1016 2403 1225 2453 nec-amplius
1238 2404 1310 2438 adiu
1321 2405 1466 2442 existere:

1227 2455 1253 2493 ι,
1277 2454 1309 2500 511
