1878 2724
540 130 608 164 DE
649 127 950 164 METEORxs.
1111 132 1115 135 ’
1384 137 1425 171 351

49 181 120 225 lale,
131 177 277 224 vitriolo‚
288 179 427 215 alumine
441 179 648 227 imptaegnati.
675 177 776 223 quue
787 179 838 210 vix
857 172 1011 209 credibile
1029 172 1074 208 est
1089 201 1098 216 ‚
1112 183 1209 219 aquas
1224 171 1284 208 effe
1295 175 1327 207 in
1337 184 1426 208 terra:

48 228 218 265 visceribus
232 229 313 264 adeo
324 239 410 263 acres
423 255 433 270 ‚
452 239 488 261 ut
505 226 709 261 metallorum
720 224 889 272 particulas
902 222 1073 259 diffolvant
1087 250 1097 264 ,
1112 221 1209 256 instar
1224 234 1310 269 aquae
1322 222 1426 258 fortis:

46 277 101 313 nifi
117 278 202 313 forte
216 289 298 324 aqua
316 282 384 324 jam
396 275 548 319 vitriolo‚
561 286 614 311 aut
628 275 692 310 alio
706 273 768 309 sale
785 285 907 309 armata
919 271 1122 308 metallorum
1138 269 1226 306 velut
1235 282 1360 306 atomos
1371 272 1428 306 de-
1442 319 1444 321 Ι

46 337 164 375 cerpar.
178 329 299 361 Verum
313 327 344 360 id
358 337 427 360 raro
441 325 568 360 accidit.

51 400 55 404 .
68 374 162 416 Refp.
175 376 276 422 prima
286 373 493 410 metallorum
504 373 635 408 exordia
646 384 717 420 quae
728 384 885 420 vaporum
903 368 1004 417 specie
1016 366 1175 416 lapidibus
1187 367 1399 404 adhaerescunt
1415 399 1424 413 ‚

45 435 118 458 curn
131 418 226 470 ‘aquae
241 423 435 472 vaporibu8‚
458 433 511 456 aut
527 422 633 457 rivulis
654 423 753 456 etiam
776 423 806 455 in
825 431 911 455 terra
929 417 1138 453 manantibus
1167 417 1290 452 misceri
1316 418 1425 466 posse3

45 483 181 518 eumque
193 470 637 519 prima-metalli*rudimenta
657 468 715 505 sint
733 468 885 504 molliora
903 496 912 510 ,
932 480 969 502 ea
986 478 1121 513 quoque
1142 465 1268 513 possunt
1284 466 1325 500 ab
1343 480 1427 514 aqua

43 519 280 568 praetetfluente
301 521 436 566 decerpi.
457 519 519 554 Sed
541 518 734 565 imperfe&a
749 530 820 564 quae
844 517 914 551 sunt
933 513 1120 557 mineram,
1143 525 1180 548 ut
1196 514 1344 563 sulphur,
1372 520 1428 552 vi-

45 568 175 603 triolum
188 597 197 612 ,
213 569 369 605 carbones
388 567 506 604 fossiles
517 595 526 610 ,
541 570 571 602 in
581 566 845 616 fumos-persaepe
861 564 1004 600 exsoluta
1019 576 1134 611 aquam
1156 565 1362 613 impraegnare
1377 566 1424 601 so-

44 615 124 654 lent.

82 668 172 702 Hinc
183 679 274 713 aquae
286 665 456 701 minerales
467 664 538 699 aliae
550 663 619 699 sunt
628 664 722 698 acidae
736 693 745 708 ‚
760 663 905 712 quaedam
925 673 1039 696 amarae
1051 690 1060 705 ‚
1075 661 1222 708 quaedam
1238 661 1319 697 salsa:
1336 690 1346 705 ‚
1367 664 1426 698 ali-

43 711 113 761 quat
125 715 257 758 oleosae,
285 720 318 752 &
328 717 464 763 pingues
479 728 487 750 :
507 714 636 748 acidulae
647 712 757 761 paffim
775 722 968 753 occurrunt3
991 723 1028 744 ac
1046 711 1126 745 teste
1138 714 1282 746 Varenio
1297 715 1328 748 in
1342 717 1426 749 Ger-

42 766 146 798 mania
159 762 221 798 sola
233 765 272 798 ad
282 775 448 799 numerum
461 761 676 797 millenarium
689 762 857 796 accedunt.
876 760 1035 807 Qiaedam
1048 759 1130 794 adeo
1139 759 1210 795 sunt
1225 764 1322 798 acidae
1343 774 1377 797 ut
1390 765 1428 797 iis

43 822 174 847 utantur
188 812 333 848 homines
343 815 428 846 aceti
444 812 517 847 loco
533 825 540 847 :
558 814 636 846 utin
648 810 752 845 Sicilia
767 811 840 845 fons
857 812 911 856 qui
922 809 965 843 est
981 811 1013 843 in
1029 811 1155 845 Nicana
1166 813 1343 856 provincia.
1362 813 1426 848 Alii

41 859 149 896 fontes
160 861 304 896 vinosam
318 860 441 896 habent
453 860 642 895 aciditatem
662 887 671 900 ,
681 871 716 894 ut
732 863 763 894 in
778 871 854 907 agro
868 856 1067 905 Lugdunenfi
1081 859 1120 892 ad
1137 860 1290 907 oppidum
1303 863 1336 895 S.
1351 864 1423 898 Bal-

42 908 189 954 domari,
213 913 259 945 ait
275 911 530 945 idemVarenius
544 937 553 951 ,
572 914 605 945 ὅ(
620 907 697 943 alibi
714 907 845 956 passini·,
862 907 918 942 alii
937 906 1003 941 sunt
1013 908 1220 956 astringentes
1234 937 1243 952 ,
1257 910 1346 956 quod
1356 911 1425 947 alu-

43 960 131 993 mine
148 987 158 1002 ,
181 970 234 994 aut
247 958 379 994 virriolo
390 986 399 1001 ‚
418 970 473 994 aut
491 958 568 992 ferri
583 959 682 992 etiam
694 956 854 1005 particulis
871 958 1138 1004 impraegnentur:
1162 962 1197 994 δε
1215 957 1337 1006 ubique
1355 960 1424 995 fere

42 1018 144 1055 prope
160 1007 231 1042 illos
249 1008 358 1043 fontes
370 1007 511 1042 acidulos
530 1008 730 1054 reperiuntur
745 1005 862 1040 fodinae
872 1034 881 1049 ,
896 1017 951 1040 aut
966 1005 1102 1049 vitrioli‚
1114 1017 1168 1040 aut
1180 1006 1328 1042 aluminis
1340 1037 1349 1052 ,
1370 1022 1426 1044 aut

41 1054 121 1091 sa‘lis.
136 1057 219 1091 Cum
230 1057 349 1091 ferrum
362 1084 371 1098 ,
385 1067 438 1091 aut
447 1055 616 1091 vitriolum
634 1067 750 1101 aquam
760 1057 945 1102 impraegnat
955 1082 965 1096 ‚
980 1054 1103 1088 colores
1115 1066 1153 1088 ex
1164 1054 1261 1091 rubro
1275 1059 1305 1092 in
1319 1069 1424 1092 atrum

39 1103 184 1139 colorem
201 1104 420 1152 degenerante
437 1104 529 1152 gallae
548 1101 702 1138 infusione
717 1103 829 1138 induit.
842 1105 946 1149 Hujus
967 1105 1092 1148 generis
1109 1103 1215 1138 fontes
1234 1104 1344 1152 paffim
1364 1120 1423 1141 oc-

42 1164 182 1188 currunt.
196 1155 282 1189 Nam
296 1165 380 1200 aqua
391 1152 569 1200 pervadens
583 1163 701 1186 terram
716 1151 803 1195 ferri,
819 1162 873 1186 aut
888 1150 1008 1186 vittioli
1018 1153 1131 1186 Martis
1148 1154 1238 1187 venis
1249 1154 1400 1190 refertam
1412 1186 1423 1199 ,

40 1200 202 1248 utriusque
215 1201 305 1236 velut
319 1203 490 1235 tincturam
505 1201 660 1248 decerpit.
679 1202 785 1246 Atque
809 1211 844 1234 ea
859 1212 928 1247 quae
946 1199 1069 1234 delibat
1085 1201 1267 1246 corpuscula
1280 1231 1289 1245 ‚
1315 1207 1425 1239 tenuia

40 1250 218 1285 admodum
232 1249 303 1284 sunt
313 1255 346 1285 &
357 1248 482 1284 subtilia
499 1260 506 1282 :
522 1260 596 1283 nam
610 1260 692 1296 aqua
711 1249 776 1282 aeri
795 1247 937 1294 exposita
949 1278 957 1291 ‚
982 1250 1081 1283 autin
1094 1249 1173 1284 vasis
1185 1249 1331 1285 transsata
1343 1251 1423 1286 faci-

41 1297 71 1333 Ιὲ
81 1297 203 1346 spiritus
218 1298 289 1332 illos
299 1300 413 1341 exuit3
430 1310 490 1332 nec
507 1309 611 1332 atrum
623 1309 678 1331 aut
697 1308 887 1344 purpureum
902 1297 1044 1331 colorem
1059 1309 1096 1332 ex
1114 1298 1206 1346 gallae
1219 1310 1275 1333 aut
1293 1302 1422 1336 corticis

42 1357 178 1392 quercus
200 1347 366 1381 additione
381 1349 509 1381 retinet.
545 1346 636 1380 Idem
652 1346 719 1380 fere
737 1346 854 1379 accidit
872 1358 963 1393 aquae
981 1346 1034 1380 diu
1056 1348 1088 1380 in
1106 1349 1211 1381 veteri
1225 1347 1296 1382 vase
1316 1348 1422 1383 ferreo

42 1394 167 1430 servatae
182 1409 190 1430 ι
207 1407 281 1430 narn
299 1394 483 1444 subnigrum
495 1395 637 1429 colorem
647 1393 766 1429 accelsu
776 1394 864 1441 gallae
877 1394 1104 1438 contrahir3sed
1118 1397 1149 1430 in
1161 1408 1215 1431 vas
1225 1395 1310 1431 aliud
1322 1397 1420 1432 trans.

41 1440 123 1488 lata,
136 1447 243 1481 &aeri
253 1442 393 1492 exposita
401 1446 468 1479 cito
479 1446 544 1480 vim
564 1443 653 1478 illam
666 1455 764 1491 quam
774 1454 973 1478 contraxerat
984 1472 992 1487 ‚
1005 1446 1135 1480 amittit.

543 1542 582 1576 =C
607 1542 635 1576 A
661 1543 686 1576 P
710 1541 744 1577 U
768 1542 799 1575 T
861 1544 902 1577 V.

546 1639 598 1672 De
619 1642 714 1673 maris
721 1637 889 1684 fizfi’a's'ne.

73 1756 86 1766 π
108 1741 285 1774 Roximum
301 1739 345 1773 est
359 1748 392 1772 ut
414 1737 454 1772 de
472 1737 568 1771 maris
582 1737 807 1772 afflctionibus
823 1749 952 1786 agamus
971 1752 978 1773 :
999 1750 1071 1785 quae
1089 1737 1269 1784 quiden-iad
1290 1738 1354 1774 duo
1367 1751 1420 1774 ca-

108 1790 175 1835 pita
189 1789 301 1823 referri
321 1785 464 1834 poffiint,
480 1788 630 1824 nimirum
644 1788 683 1821 ad
703 1789 798 1822 maris
815 1785 999 1834 salsuginem
1010 1816 1019 1830 ,
1038 1793 1070 1823 δε
1086 1788 1167 1821 illius
1185 1800 1321 1824 motum.

67 1837 173 1871 *Circa
183 1838 278 1872 maris
290 1835 473 1883 salsuginem
484 1838 634 1882 quaeritur
650 1848 678 1870 10
692 1836 776 1870 unde
792 1835 855 1870 liaec
870 1837 1000 1869 oriatur.
1022 1837 1130 1883 Atque
1147 1835 1224 1870 illud
1236 1849 1358 1872 certum
1370 1840 1421 1871 vi-

41 1886 134 1920 detur
148 1913 157 1926 ,
172 1897 244 1920 eam
258 1897 295 1919 ex
305 1884 373 1919 salis
396 1884 556 1931 particulis
567 1885 693 1931 inaqua
707 1883 856 1918 exsolutis
877 1883 1030 1932 proficisci
1046 1897 1137 1919 :cum
1157 1883 1198 1919 sal
1215 1898 1303 1932 aquae
1324 1888 1422 1920 mari-

42 1945 91 1968 nae
108 1933 312 1967 exhalatione
324 1931 505 1967 concrescat
520 1945 528 1965 ε
547 1933 629 1966 adeo
644 1944 679 1967 ut
691 1937 756 1981 jam
772 1945 855 1980 pene
873 1945 986 1967 omnes
1006 1933 1193 1981 Philosophi
1214 1936 1266 1969 Ari
1273 1934 1419 1969 stotelem

42 1982 102 2016 hac
112 1982 145 2014 in
154 1992 188 2014 re
198 1981 395 2015 deseruerint
409 2010 419 2023 ,
441 1981 497 2027 qui
511 1982 603 2014 maris
621 1980 803 2030 salsuginem
816 1981 968 2016 ex'halitu
984 1993 1112 2017 terreno
1125 2011 1134 2025 ,
1155 1988 1188 2018 δε
1201 1983 1312 2017 adusto
1326 1996 1421 2031 repe-

42 2031 94 2064 tit.
105 2030 176 2064 Nec
192 2031 317 2063 minore
328 2041 435 2062 errore
447 2027 595 2062 labuntur
605 2031 736 2075 quidam
750 2032 975 2078 Peripatetici,
994 2043 1065 2065 cum
1079 2030 1121 2064 ab
1138 2031 1308 2074 adustione,
1323 2044 1420 2078 quam

42 2076 105 2119 sol,
118 2088 173 2112 aut
190 2079 271 2125 ignis
288 2074 385 2111 efficit
396 2105 405 2118 ‚
419 2076 515 2111 salem
524 2089 654 2112 omnem
665 2079 800 2113 ducunt:
819 2079 901 2113 adeo
915 2091 950 2113 ut
962 2091 1049 2114 mare
1064 2091 1219 2127 perpetuo
1230 2080 1298 2114 solis
1311 2080 1422 2114 fervo-

42 2126 233 2160 xe'aduratur
246 2140 253 2161 :
268 2125 340 2160 hinc
350 2125 432 2158 illius
442 2123 569 2171 salsugo.
579 2126 677 2160 Unde
689 2155 698 2169 ‚
709 2128 860 2172 inquiunt
875 2155 883 2169 ‚
896 2125 935 2161 sal
947 2140 1113 2174 nunquam
1130 2131 1210 2163 citra
1223 2129 1418 2162 adustionem

43 2175 185 2208 educitur
195 2201 204 2216 ,
218 2186 254 2208 ut
264 2176 295 2207 in
309 2173 395 2207 calce
405 2201 413 2215 ,
432 2178 466 2209 δε
481 2175 513 2206 in
528 2173 688 2207 cineribus
704 2175 812 2208 videre
825 2175 884 2210 est.
902 2178 955 2210 Sic
966 2178 1119 2211 Oceanus
1131 2175 1185 2210 sub
1198 2188 1281 2210 zona
1300 2177 1418 2209 torrida

44 2222 147 2256 multo
165 2221 226 2256 sale
247 2222 406 2264 inficitur,
425 2234 490 2256 non
513 2222 592 2255 item
607 2222 639 2255 in
655 2225 732 2256 mari
751 2222 898 2270 glaciali,
914 2223 969 2258 ubi
988 2224 1082 2272 longe
1107 2227 1211 2258 minor
1225 2224 1270 2257 cst
1287 2224 1414 2257 adustio.

2 2289 6 2293 -
43 2270 144 2304 Addit
161 2270 302 2317 Scaliger
323 2283 381 2319 pro
395 2281 562 2317 comperto
573 2282 715 2316 veroque
728 2270 839 2305 haberi
853 2300 861 2312 ‚
882 2274 914 2306 in
934 2271 1037 2307 fundo
1052 2274 1144 2306 maris
1158 2283 1255 2317 aquas
1273 2269 1333 2305 else
1352 2272 1432 2305 ‹Jul-v

45 2330 95 2352 ces
109 2347 118 2361 ‚
150 2318 346 2367 superficiem
363 2332 429 2355 non
451 2318 581 2353 dulcem
605 2332 612 2354 :
634 2320 709 2366 quia
730 2319 821 2354 dulce
842 2323 885 2354 int
895 2320 958 2355 levi
978 2349 989 2364 ,
1017 2321 1090 2355 leve
1108 2329 1219 2353 autem
1240 2320 1260 2353 a
1283 2318 1347 2354 sole
1364 2320 1435 2368 ab.-

46 2365 181 2403 sumitur„
