1878 2724
397 135 465 180 558⁷
698 131 942 168 PHYSICAAE
1005 133 1145 169 PARS
1195 133 1501 171 SECUNDA..
1864 163 1868 166 .

396 180 622 218 vehementius
638 182 755 227 premit
768 185 780 223 ’,
804 193 905 228 eaque
919 180 1023 216 versus
1040 182 1150 216 littora
1164 184 1297 220 attollit.
1687 198 1692 202 ·
1724 186 1727 189 ⁴
1758 198 1761 200 ·
1781 184 1813 219 'k
1860 181 1869 207 ’ἶ

424 232 502 280 Jam
518 229 575 263 ubi
592 242 653 277 prae
671 240 760 263 terrae
778 240 870 264 motu
880 229 996 265 diurno
1013 230 1168 280 longius&
1181 231 1277 266 nobis
1293 231 1436 267 abscedit
1460 231 1536 266 luna
1549 259 1560 275 ,
1581 241 1651 267 tum
1669 242 1723 266 aet
1739 232 1796 266 ex·-

396 281 432 314 iis
441 277 590 326 angustiis
609 278 776 325 expeditus
789 280 959 314 Oceanum
973 293 1038 315 non
1058 280 1196 328 amplius
1210 283 1329 329 premit
1340 310 1350 324 ,
1376 287 1409 318 &
1424 293 1512 328 aquae
1529 280 1614 316 ultro
1630 279 1782 315 relabun-

398 340 454 363 tur.
471 328 519 360 Bis
531 338 597 361 uno
609 338 739 374 quoque
749 327 801 361 die
813 327 900 361 :estus
912 331 1045 363 recurrit
1057 343 1065 364 :
1075 330 1164 377 quod
1174 331 1260 364 idem
1277 342 1370 364 terrae
1384 330 1541 377 punctum
1560 330 1600 364 ad
1617 329 1686 364 illas
1710 328 1790 364 coel'r-

396 389 435 411 an
460 374 657 409 ustiasmotu
669 376 782 410 diurno
792 387 981 412 revertatur·
1004 379 1168 425 roirca
1186 378 1264 414 senis
1287 379 1357 414 fere
1384 379 1470 414 horis
1484 390 1570 412 mare
1582 377 1675 420 fluit,
1701 376 1798 413 senisr.

396 388 512 459 itidem
525 435 550 457 r(
562 422 644 460 fluit.
666 424 763 458 AEstus
777 437 874 472 porro
885 424 1011 474 singulis
1022 425 1135 461 dicbus
1153 440 1215 463 una
1227 428 1296 463 fere
1309 427 1389 463 hora
1403 428 1519 462 tardius
1532 439 1665 461 recurrit
1677 426 1801 473 :quod-⁵
1854 464 1856 473 Ι

395 473 471 509 luna
489 471 672 520 vigesimam
685 472 753 507 fere
767 476 918 509 octavam
930 475 974 509 sui
985 475 1072 510 orbis
1087 489 1212 524 partem
1229 489 1429 524 unoquoque
1444 477 1496 510 die
1513 487 1661 524 peragret
1671 505 1681 519 ‚
1700 481 1732 512 &
1743 475 1801 510 ad*⁴

397 522 617 558 Meridianum
645 535 682 568 50
713 521 781 557 fere
816 525 947 558 minutis
974 525 1092 559 tardius
1120 537 1270 562 recurrat.
1302 526 1389 561 Cum
1418 526 1559 572 denique
1586 524 1701 560 coelum
1733 524 1794 560 lu«

396 582 472 607 nare
484 568 616 618 figuram
628 570 747 605 habeat
760 572 848 606 ovali
867 576 1051 621 proximam
1061 603 1070 617 ,
1084 579 1118 611 δε
1138 574 1234 609 nobis
1254 577 1385 624 propior
1409 573 1538 609 fit‘citca
1548 573 1714 608 novilunia
1724 601 1736 616 ,
1752 578 1786 610 &

396 620 572 668 plenilunia
590 647 598 663 ,
613 631 747 668 tumque
762 626 897 670 majores
911 621 969 657 fint
984 623 1137 671 angustiae
1151 636 1250 670 quarn
1267 627 1298 658 in
1311 624 1474 671 quadratis
1497 621 1676 670 aspectibus
1689 651 1698 664 ‚
1713 622 1804 657 hinc·

395 668 435 704 fit
450 680 485 702 ut
506 670 536 703 in
562 669 742 716 pleniluniis
759 699 767 710 ,
790 676 824 707 &
846 672 1022 706 interluniis
1041 677 1143 720 major
1164 670 1201 707 fit
1216 684 1284 707 tum
1307 675 1401 715 aeris,
1417 683 1486 706 tum
1506 672 1633 707 Oceani
1652 670 1804 719 preffior'

396 722 499 765 major
521 717 604 752 adeo
629 718 729 752 aestus.
752 721 963 767 Quamquam
974 719 1059 755 forte
1070 722 1102 755 id
1119 734 1184 756 non
1205 722 1288 756 adeo
1305 721 1426 770 pendet
1443 732 1482 754 ex
1502 731 1641 768 corpore
1661 720 1804 765 lunari,'

396 779 494 815 quam
512 778 550 800 ex
566 765 657 815 ipsius
677 767 761 802 lunae
773 767 894 812 orbita,
909 781 981 815 quae
997 768 1102 818 figurae
1118 770 1163 804 est
1175 770 1333 819 ellipticae.
1805 812 1807 814 ¹

439 815 522 850 Illud
542 814 614 850 sane
630 815 766 851 inficiari
789 830 854 851 non
874 817 1032 865 possumus
1046 819 1126 853 nihil
1142 818 1210 854 fere
1227 817 1420 869 ingeniosius
1434 818 1608 867 excogitari
1629 815 1760 866 potuisse
1776 831 1799 854 τ’

398 864 451 900 sed
463 876 571 899 tamen
589 877 703 912 graves
717 878 754 900 ea
780 865 964 914 hypothesis
985 869 1103 915 patitur
1121 866 1334 904 difficultates.
1361 875 1406 903 ιο.
1432 867 1534 914 Qod
1555 877 1644 901 terrae
1661 878 1787 902 motum

399 913 556 962 supponat
584 915 795 961 Qamquam
806 927 872 949 non
884 914 998 950 dubito
1009 920 1087 964 quin
1104 918 1203 951 etiam
1216 919 1248 953 in
1260 917 1386 967 vulgati
1396 915 1554 952 sententia
1573 916 1688 951 eadem
1705 917 1786 951 aeris

404 961 522 1011 prcffio
540 962 648 998 locum
667 961 703 998 fit
716 962 874 999 habitura.

441 1023 481 1046 21³
523 1015 558 1046 ln
575 1011 757 1060 pleniluniis
771 1041 780 1055 ‚
809 1018 842 1049 ὃ(
858 1012 1030 1049 noviluniis
1056 1013 1128 1048 luna
1145 1027 1210 1049 non
1224 1013 1347 1062 semper
1364 1015 1407 1049 est
1429 1016 1564 1063 perigaea
1578 1040 1587 1055 ,
1612 1025 1667 1048 aut
1695 1024 1794 1049 terraev

401 1063 558 1108 proxima.
574 1063 693 1108 Neque
703 1061 734 1094 id
744 1063 880 1096 omnino
892 1063 1014 1096 constat
1024 1064 1179 1097 maximos
1192 1063 1284 1098 aestus
1293 1065 1480 1112 contingere
1500 1066 1534 1097 in
1549 1062 1733 1110 pleniluniis
1752 1068 1797 1099 &·

401 1109 593 1145 interluniis.
613 1109 675 1143 Sed
689 1111 784 1144 tertio
800 1110 851 1144 die
863 1109 883 1145 ἐι
898 1110 1069 1146 novilunio
1079 1139 1089 1154 ‚
1101 1117 1133 1148 &
1157 1125 1168 1146 ι
1179 1112 1349 1148 Sdielunae
1364 1114 1520 1146 maximos
1539 1110 1627 1145 aestus
1647 1110 1788 1158 plerum-

402 1170 465 1205 que
475 1158 620 1193 accidere
630 1161 830 1207 experientia
849 1159 984 1196 constat.
999 1163 1125 1195 Verum
1138 1161 1197 1195 ista
1218 1162 1431 1195 accuratiores
1448 1166 1482 1198 &
1498 1161 1604 1196 varias<
1628 1159 1802 1208 postulant*

404 1206 661 1243 observationes.
1807 1238 1812 1244 ,

438 1265 477 1300 30.
493 1256 528 1290 Id
542 1255 642 1304 objici
652 1258 771 1291 merito
782 1257 886 1305 potest
898 1256 1041 1292 Cartefio
1051 1287 1060 1301 ‚
1069 1260 1102 1293 in
1113 1258 1172 1293 hac
1188 1257 1361 1307 hypothes}
1371 1258 1513 1293 futurum
1526 1268 1668 1305 utaquae
1685 1260 1788 1293 maxi-

404 1316 457 1339 me
469 1304 704 1348 detumescant,
718 1317 791 1340 cum
804 1306 878 1340 luna
895 1306 934 1339 ad
949 1307 1162 1341 meridianum
1174 1307 1303 1357 alicujus
1315 1306 1379 1342 loci
1396 1310 1597 1355 pervenerit:
1617 1318 1685 1341 tuin
1699 1310 1787 1344 enim

404 1351 544 1401 subjecta
565 1365 648 1400 aqua
669 1356 807 1388 maxime
832 1357 1010 1402 premitur:
1029 1356 1112 1390 adeo
1126 1367 1162 1389 ut
1181 1358 1217 1390 in
1231 1356 1417 1403 quadrantis
1434 1355 1543 1390 circuli
1556 1356 1703 1390 distantia
1716 1368 1788 1390 ma-

404 1414 439 1437 re
453 1401 651 1438 intumescat.
669 1404 786 1449 Sicque
801 1402 873 1437 luna
884 1403 1093 1438 horizontem
1105 1405 1274 1453 stringente
1297 1407 1453 1439 maximus
1463 1406 1525 1439 erit
1540 1405 1628 1439 aestus
1644 1406 1700 1452 qui
1716 1403 1787 1440 sen·
1875 1419 1878 1450 y

406 1449 462 1486 fini
478 1454 679 1486 imminuitur
690 1479 699 1493 ,
712 1452 818 1486 donec
828 1451 898 1486 luna
911 1453 950 1485 ad
962 1453 1174 1488 meridianum
1186 1455 1370 1500 pervenerit
1384 1468 1392 1489 :
1409 1453 1497 1500 quod
1509 1455 1717 1501 experientiae
1737 1455 1797 1488 vi-·
1876 1455 1878 1487 !

407 1501 500 1534 detur
518 1502 720 1535 contrarium.
742 1503 830 1536 Nam
852 1500 927 1535 licet
947 1514 1013 1536 non
1031 1502 1148 1536 eodem
1170 1513 1316 1550 tempore
1335 1513 1466 1550 propter
1488 1501 1723 1536 finuslittorum
1735 1514 1789 1536 te-

407 1560 513 1583 currat
527 1577 537 1590 ‚
558 1561 669 1583 tamen
687 1549 718 1583 id
735 1548 834 1596 vulgo
851 1548 1028 1597 persuasum
1038 1550 1086 1584 est
1103 1552 1135 1584 in
1154 1550 1261 1585 libero
1274 1556 1307 1587 &
1328 1552 1453 1597 patenti
1467 1552 1606 1586 Oceano
1625 1555 1786 1596 majorem

409 1597 514 1631 aesturn
529 1598 692 1640 accidere,
708 1610 780 1632 cum
795 1598 866 1632 luna
886 1599 1065 1633 meridiano
1077 1599 1119 1633 est
1136 1601 1281 1635 vicinior.
1308 1600 1409 1647 Qod
1430 1601 1541 1646 utique
1561 1610 1792 1646 argumentum

407 1648 567 1681 rationem
581 1645 601 1681 a
615 1645 757 1680 Cartesio
773 1646 903 1681 allatam
922 1649 1004 1681 circa
1020 1659 1144 1682 motum
1157 1650 1285 1684 Oceani
1296 1647 1338 1683 ab
1354 1659 1427 1682 ortu
1439 1650 1470 1682 in
1484 1646 1647 1690 occasum,
1665 1649 1788 1695 quique

408 1693 428 1730 a
446 1695 520 1729 luna
537 1695 647 1729 itidem
660 1695 780 1742 pendet
790 1725 798 1739 ‚
812 1696 939 1730 videtur
956 1695 1131 1744 infringere
1143 1698 1316 1732 :existimat
1331 1698 1418 1731 enim
1429 1694 1586 1731 Cartefius
1600 1696 1631 1730 id
1642 1696 1787 1731 accidere

409 1744 498 1790 quod
519 1743 591 1778 luna
604 1743 782 1790 subjectum
801 1756 888 1778 mare
906 1756 1031 1792 premat
1045 1773 1054 1787 ,
1072 1750 1105 1781 &
1121 1757 1219 1791 aquas
1237 1747 1356 1779 idcirco
1373 1744 1512 1780 attollat.
1537 1747 1626 1781 Nam
1646 1742 1667 1778 fi
1685 1756 1732 1778 res
1743 1746 1788 1779 ita

411 1791 487 1825 esset
498 1820 508 1834 ,
521 1804 608 1826 mare
623 1791 850 1827 intumesceret
865 1794 874 1830 ζ
894 1805 960 1827 non
977 1795 1010 1827 in
1027 1805 1063 1827 ea
1075 1805 1166 1841 parte
1179 1793 1345 1841 quaelunae
1356 1791 1541 1840 subjicitur,
1556 1791 1608 1827 sed
1623 1793 1787 1828 hincinde

411 1839 453 1874 ab
473 1852 513 1873 eo
527 1839 600 1874 loco
617 1856 658 1886 90
676 1840 744 1875 fere
761 1840 921 1888 gradibus.

458 1889 648 1935 Respondere
664 1901 774 1924 tamen
786 1900 960 1935 utcumque
973 1888 1099 1937 possunt
1118 1887 1291 1925 Caroefiani
1304 1889 1485 1926 marelunae
1497 1889 1672 1937 subjectum
1684 1892 1790 1939 depri-v

410 1937 457 1970 mi
464 1936 597 1982 quidem
608 1966 616 1978 ,
629 1936 680 1970 sed
697 1939 874 1984 proximum
893 1938 1101 1973 intumescere
1111 1956 1121 1982 ·‚
1133 1939 1230 1986 idque
1242 1935 1406 1973 successive
1417 1951 1547 1987 propter
1556 1940 1703 1975 diurnum
1720 1951 1789 1975 ter.»⁴

411 1996 452 2018 rae
464 1995 601 2020 motum.
616 1984 723 2019 Mu¹ta
741 1983 803 2018 alia
815 1989 936 2033 opponi
954 1984 1157 2034 poffiintquae
1177 1988 1379 2031 omittimuS,
1398 1999 1435 2022 ut
1447 1991 1646 2037 experiamur
1662 2001 1705 2025 an
1721 1988 1786 2024 alia
1799 2011 1805 2031 3

411 2045 500 2080 aeque
515 2029 625 2068 saltem
636 2032 810 2067 verisimilis
825 2037 937 2068 marini
954 2035 1038 2069 aestus
1051 2035 1139 2070 causa
1152 2035 1258 2071 afferri
1272 2034 1378 2081 pcffir.

450 2085 564 2129 ltaque
576 2082 738 2117 existimat
749 2085 783 2117 P.
796 2081 886 2116 Fabri
897 2095 965 2117 rem
983 2097 1114 2119 omnem
1127 2084 1278 2132 explicari
1292 2083 1376 2132 poffe
1394 2083 1413 2118 fi
1425 2085 1592 2120 statuamus
1604 2085 1711 2120 lunam
1725 2085 1786 2121 effe

412 2129 518 2164 telluri
535 2129 725 2178 persimilem
739 2159 747 2173 ‚
760 2130 841 2164 sunm
855 2130 1239 2180 habereatmosphaeram‚
1256 2138 1289 2169 δέ
1303 2132 1521 2168 circumfusum
1535 2146 1641 2169 aerem
1652 2136 1702 2169 :in
1714 2147 1793 2170 eam*

412 2191 542 2225 quoque
556 2191 690 2226 corpora
705 2182 814 2226 gravia
828 2181 978 2223 tendere,
997 2181 1172 2216 dummodo
1191 2186 1221 2216 ei
1233 2182 1291 2216 suit
1300 2184 1447 2229 propiora
1464 2195 1560 2229 quam
1587 2194 1691 2219 terrae:
1702 2184 1788 2218 adeo

412 2239 448 2263 nt
460 2241 512 2262 aer
524 2230 605 2262 inter
617 2228 723 2262 lunam
736 2233 768 2264 δι
790 2227 935 2263 tellurem
947 2231 1129 2276 interjectus
1143 2231 1227 2276 quasi
1245 2234 1276 2264 in
1290 2231 1363 2265 duas
1376 2241 1479 2278 partes
1491 2231 1651 2265 distraetus
1670 2232 1785 2266 videa-

414 2287 473 2312 tur.
488 2280 561 2312 Pars
575 2277 655 2311 illius
667 2280 698 2310 in
711 2289 842 2316 tertam,
853 2290 925 2324 pars
936 2277 1033 2311 altera
1046 2281 1075 2313 in
1090 2280 1197 2314 lunam
1211 2281 1321 2314 nititur
1333 2308 1342 2321 ‚
1360 2284 1392 2315 ὃ(
1409 2281 1556 2326 gravitat.
1585 2279 1670 2313 Cum
1687 2282 1786 2328 igitur

412 2324 487 2359 luna
507 2325 549 2359 est
568 2329 705 2374 perigaea
718 2355 725 2368 ,
741 2337 808 2361 tum
819 2329 922 2360 minor
936 2329 1017 2360 aeris
1034 2327 1184 2362 columna
1209 2328 1381 2374 subjeChm
1402 2338 1517 2360 terram
1529 2356 1537 2370 ,
1556 2333 1587 2363 &
1607 2340 1694 2362 mate
1708 2339 1785 2375 pre-

412 2375 472 2409 mit
486 2388 494 2410 :
512 2386 586 2410 nam
596 2386 725 2423 partem
736 2374 819 2410 illius
831 2374 906 2411 luna
918 2385 1007 2410 terrae
1029 2376 1144 2412 :emula
1160 2377 1201 2412 ad
1219 2377 1249 2413 se
1265 2377 1360 2423 rapit.
1376 2374 1528 2423 Cumque
1542 2388 1657 2425 corpus
1675 2375 1786 2412 lunare
1811 2396 1815 2399 ·
