1878 2724
342 127 391 163 94
736 109 1000 150 PHYSICAE
1043 107 1370 150 GENERA‘LIS

341 178 431 209 tum,
452 164 543 213 quod
567 176 615 199 res
632 161 777 212 physicas
800 173 893 196 more
920 159 1236 197 Mathematicorum
1254 160 1529 198 consideraverit:
1549 170 1624 198 cum
1640 173 1754 213 corpus

341 213 511 265 physicum
522 213 557 249 sit
570 212 736 248 aetuosum
747 241 756 256 ,
767 217 801 248 δι
814 211 1008 259 principium
1025 221 1133 246 motus
1146 239 1156 254 ‚
1171 224 1239 247 non
1259 213 1340 248 item
1356 210 1638 249 mathematicum.

381 264 515 300 Deinde
530 292 539 307 ,
557 275 631 297 cum
649 260 678 295 se
689 272 829 310 tangunt
839 260 907 296 duo
924 272 1060 309 corpora
1075 288 1085 304 ,
1097 259 1220 295 nullum
1240 261 1374 308 quidem
1396 261 1483 297 aliud
1496 274 1609 311 corpus
1624 264 1755 312 interja-

351 325 406 349 cet
416 330 425 357 3
437 312 486 347 sed
505 325 572 347 non
593 308 716 347 necesse
728 311 771 345 est
788 322 825 344 ea
841 308 872 345 se
882 312 1073 359 contingere
1087 338 1097 354 ,
1107 321 1179 357 quae
1196 308 1285 345 nullo
1295 323 1430 359 corpore
1445 312 1681 361 disjunguntur.

383 362 485 409 Qod
503 359 523 395 si
542 363 632 396 enim
648 363 736 396 Deus
746 373 880 402 novum
896 360 1054 396 conderet
1066 359 1180 395 caelum
1193 358 1293 407 longe
1305 359 1347 394 ab
1362 363 1524 410 Empyreo
1536 361 1680 397 diffitum
1693 391 1704 406 ,
1713 375 1755 398 an

345 422 517 460 cogeretur
534 409 620 444 aliud
640 411 833 459 interjacens
848 422 965 459 corpus
979 408 1141 445 fabricare
1154 418 1164 444 Ξ
1177 410 1266 446 Hinc
1283 411 1385 456 quiin
1396 422 1435 444 ea
1446 410 1518 446 sunt
1529 414 1686 460 opinione
1698 441 1708 456 ,
1719 423 1756 447 ut

345 471 465 511 putent
481 458 601 495 ibiesse
612 472 725 508 corpus
740 488 750 503 ,
768 458 825 495 ubi
837 461 880 495 est
893 462 975 495 trina
997 457 1177 503 dimensm,
1192 457 1298 495 nullos
1315 458 1504 508 corporibus
1523 459 1603 497 fines
1625 461 1768 510 possunt'

346 507 560 559 praescribere.
587 512 676 548 Nam
691 522 764 558 quae
791 511 996 558 concipimus
1006 508 1124 558 ”spatia
1146 510 1339 557 imaginaria
1361 520 1452 544 extra
1468 509 1533 544 hoc
1554 510 1756 555 universum,

346 560 412 596 hoc
426 558 494 609 ipso
507 557 575 594 sunt
586 559 842 608 corpora,quod
855 562 954 595 trinas
977 557 1123 595 habeant
1145 555 1376 597 dimensiones.
1416 558 1516 597 Unde
1535 563 1571 597 δε
1599 560 1756 596 Cartefius

346 610 412 646 hoc
433 608 618 644 universum
640 622 709 644 non
728 607 894 645 infinitum
910 609 1046 657 quidem
1062 636 1072 648 ‚
1101 607 1154 643 sed
1176 606 1386 645 indefinitum
1407 607 1468 644 esse
1484 609 1649 655 decernit,
1666 610 1755 657 quod

344 658 424 695 nulli
437 658 519 694 illius
531 657 609 695 fines
624 670 679 694 aut
693 657 850 709 praescribi
875 670 931 694 aut
947 660 1081 707 concipi
1096 656 1225 707 poffint.
1258 658 1340 705 Qio
1361 658 1494 706 quidem
1517 659 1600 695 nihil
1628 659 1758 695 videtur

346 706 535 743 absurdius:
555 720 631 744 nam
648 710 703 744 vel
715 708 772 744 suis
787 706 908 744 finibus
928 709 1137 753 continetur,
1157 719 1292 755 tumque
1311 706 1441 743 finitum
1459 708 1506 742 est
1526 737 1535 751 ,
1554 707 1608 743 vel
1629 708 1770 745 nullum*

347 756 450 842 ζώει
464 756 564 794 finem
574 787 585 803 ,
597 769 654 794 aut
665 761 840 794 terminum
853 786 863 802 ‚
880 769 1014 807 turrique
1031 756 1130 807 plane
1144 755 1312 794 infinitum
1326 785 1336 802 ‚
1349 770 1417 794 non
1432 756 1637 794 indefinitum
1648 758 1758 795 dicen-

374 820 431 843 um
450 808 503 844 est.

387 856 553 894 Probatur
561 872 587 897 2.
603 859 637 894 Si
652 869 721 896 tota
733 859 818 894 ratio
834 858 978 906 corporis
996 856 1041 892 est
1055 855 1199 893 extensio
1213 885 1223 902 ,
1241 867 1296 892 aut
1314 859 1397 893 trina
1415 855 1592 901 dimenfio,
1611 854 1670 891 ubi
1687 866 1771 898 nors<

348 909 411 943 erit
429 909 609 957 interrupta
630 907 772 946 extensio
786 937 795 953 ,
812 908 902 943 idem
915 918 1031 955 corpus
1044 906 1191 944 futurum
1214 907 1268 942 est.
1289 908 1341 941 Sic
1362 918 1478 954 corpus
1502 907 1591 942 idem
1605 908 1667 942 erit
1682 919 1758 942 curn

346 958 462 995 vicino
474 969 610 1006 corpore
622 959 907 1007 cuiconiungitur.
924 956 1029 1004 Qod
1037 955 1111 992 sane
1131 955 1305 992 absurdum
1318 956 1467 990 videtur:
1488 957 1519 990 id
1536 957 1625 991 enirn
1642 954 1665 990 fi
1678 969 1759 992 con-

348 1007 496 1043 cedimus
518 1036 528 1051 ,
547 1008 638 1055 quod
658 1006 760 1044 senfin
776 1020 893 1043 omnes
921 1006 1075 1055 respuunt
1097 1034 1107 1050 ,
1129 1006 1297 1053 nunquam
1316 1005 1403 1040 idem
1425 1016 1540 1054 corpus
1560 1004 1759 1042 movebitur.

348 1058 534 1104 Nunquam
543 1059 631 1093 enim
641 1057 729 1094 idem
743 1058 786 1093 est
798 1087 808 1102 ‚
817 1058 914 1106 idque
926 1055 1143 1092 indesinenter
1153 1067 1307 1094 mutatur,
1320 1054 1377 1089 ubi
1387 1066 1475 1091 nova
1489 1053 1595 1104 tangit
1610 1062 1758 1103 corpora,
1771 1081 1775 1083 -

350 1107 414 1140 His
435 1105 509 1140 sane
531 1106 673 1142 admiffis
697 1107 852 1155 explicari
870 1107 1004 1154 nequit,
1019 1104 1076 1153 qu'i
1093 1104 1164 1140 fieri
1184 1103 1285 1153 poffit
1304 1115 1340 1139 ut
1361 1116 1479 1153 corpus
1495 1115 1688 1148 moveatur,
1701 1115 1759 1139 aut

349 1154 514 1201 quiescat:
530 1157 563 1191 in
575 1168 643 1203 quo
659 1167 770 1191 tamen
783 1157 889 1191 omnis
899 1167 984 1204 pene
999 1153 1238 1203 contemplatio
1249 1165 1371 1189 naturae
1383 1152 1527 1189 versatur
1536 1182 1546 1198 ‚
1570 1164 1606 1188 ut
1631 1155 1758 1204 optime

350 1202 503 1240 observat
516 1207 566 1239 vir
578 1203 688 1239 clariff.
703 1208 735 1239 in
754 1205 894 1240 tractatu
914 1205 954 1239 de
968 1206 1113 1252 corporis
1130 1209 1165 1241 &
1183 1205 1282 1240 animi
1296 1203 1488 1238 discrimine.

388 1254 555 1288 Postremo
566 1254 634 1288 haec
650 1256 765 1302 opinio
774 1252 909 1290 Cartesii
919 1265 992 1287 curn
1001 1254 1039 1287 iis
1050 1264 1120 1300 quae
1133 1254 1217 1287 circa
1229 1251 1458 1288 Eucharistiam
1472 1252 1593 1288 docent
1606 1251 1771 1289 Theolof

352 1303 384 1350 gi
398 1330 405 1344 ,
420 1315 487 1338 non
504 1302 573 1338 satis
585 1303 716 1338 videtur
730 1305 922 1340 convenire.
942 1302 1020 1337 Fide
1029 1303 1118 1337 enim
1130 1313 1278 1338 tenemus
1297 1301 1368 1351 post
1390 1301 1639 1339 consecrationis
1655 1300 1775 1338 verba»

353 1350 564 1388 substantiam
584 1354 674 1401 panis
691 1352 834 1388 desinere
846 1382 855 1397 ,
866 1364 982 1401 corpus
997 1352 1123 1387 Christi
1133 1350 1256 1395 adesse,
1271 1350 1390 1398 species
1403 1363 1530 1387 tantum
1543 1353 1635 1401 panis
1649 1363 1773 1386 rema-.-

354 1414 445 1437 nere.
467 1402 570 1449 Qod
585 1401 604 1436 si
615 1414 727 1437 autem
741 1405 831 1451 panis
843 1401 1016 1438 substantia
1027 1404 1060 1436 in
1071 1403 1154 1436 trina
1163 1400 1361 1436 dimensione
1373 1400 1473 1448 posita
1484 1400 1520 1436 sit
1532 1430 1541 1444 ,
1550 1414 1624 1436 cum
1640 1401 1758 1437 eadem

354 1463 522 1486 remaneat
534 1450 687 1496 ene-nno,
704 1452 931 1500 explicandum
942 1451 990 1486 est
1005 1450 1175 1499 quomodo
1186 1449 1358 1485 substantia
1373 1449 1439 1499 ipsa
1457 1452 1549 1499 panis
1558 1449 1665 1486 abesse
1683 1449 1759 1500 pos-

354 1498 402 1537 sit.
419 1501 547 1536 Deinde
567 1513 680 1548 corpus
698 1501 917 1536 Christiadest
929 1530 939 1545 ‚
959 1506 1059 1538 &ore
1074 1500 1229 1536 sumitur:
1245 1499 1416 1547 quomodo
1435 1501 1532 1547 igitur
1552 1499 1634 1534 illius
1647 1511 1758 1534 natura

355 1551 390 1583 in
408 1551 489 1585 trina
508 1549 704 1587 dimensione
719 1550 820 1600 posita
832 1550 875 1585 est
888 1580 899 1595 ,
918 1563 992 1585 cum
1005 1561 1113 1585 totum
1124 1548 1162 1585 sit
1170 1549 1224 1585 vel
1240 1547 1296 1584 sub
1309 1551 1444 1584 minima
1455 1549 1566 1584 hostiae
1584 1548 1755 1597 particulaz
1772 1565 1774 1567 ’

395 1599 590 1648 Respondent
610 1601 699 1634 Fidei
720 1601 832 1635 nostrae
850 1601 1006 1649 dogmata
1022 1600 1171 1635 omnium
1193 1610 1282 1633 retro
1296 1598 1485 1635 saeculorum
1509 1599 1683 1634 traditione
1697 1626 1705 1638 ‚
1723 1603 1775 1636 δε·

354 1648 514 1697 scripturae
533 1648 734 1684 authoritate
760 1651 884 1685 munita
902 1662 968 1685 non
982 1648 1178 1697 periclitari,
1198 1647 1319 1684 etiamsi
1337 1647 1609 1696 Philosophorum
1631 1648 1759 1696 placitis

354 1711 422 1733 non
433 1698 655 1734 consentiant:
670 1701 742 1733 satis
756 1697 816 1734 else
827 1699 916 1745 quod
928 1701 1018 1733 Deus
1035 1700 1080 1733 ita
1094 1696 1156 1732 effe
1164 1697 1326 1740 voluerit,
1345 1698 1445 1743 idque
1455 1696 1552 1731 nobis
1566 1696 1670 1732 verbo
1681 1696 1757 1731 scri..

356 1759 416 1795 pto
439 1776 448 1790 ,
468 1753 501 1783 ὃς
519 1747 640 1781 tradito
665 1760 722 1794 per
749 1759 864 1783 omnes
886 1747 986 1782 fuerit
1002 1757 1112 1781 aetates
1138 1745 1334 1781 revelatum.
1361 1745 1464 1792 Qiod
1479 1757 1589 1781 autem
1614 1748 1758 1795 potuerit

353 1796 449 1832 'Deus
466 1825 475 1839 2
499 1811 537 1831 zi:
555 1794 609 1843 ipsi
628 1797 762 1844 quidem
773 1798 830 1844 qui
840 1796 1068 1831 contradicunt
1081 1824 1091 1840 ,
1106 1796 1304 1843 negaverint
1323 1809 1331 1831 ε
1349 1807 1423 1829 cum
1437 1798 1547 1830 Deum
1562 1797 1672 1831 omnia
1687 1795 1760 1845 posi

356 1845 388 1883 se
399 1845 570 1881 fateamur.
584 1846 665 1893 Qio
682 1858 793 1881 autem
805 1846 908 1882 modo
919 1844 1121 1880 admirabilis
1137 1844 1193 1880 illa
1202 1847 1294 1893 panis
1309 1846 1342 1879 in
1354 1857 1468 1894 corpus
1482 1844 1604 1880 Christi
1616 1856 1760 1886 conver-

357 1894 402 1930 sio
418 1893 492 1938 fiat,
505 1896 580 1942 quiri
601 1895 659 1930 fint
674 1895 735 1930 {11ae
753 1894 773 1931 s
791 1897 887 1940 ecies,
904 1908 945 1930 an
956 1897 1046 1943 panis
1056 1896 1220 1944 quantitas
1240 1906 1426 1938 remaneat,
1453 1899 1486 1932 &
1507 1894 1570 1929 alia
1586 1894 1675 1943 hujus
1698 1907 1757 1944 ge-

359 1946 444 1979 neris-
458 1944 560 1979 multa
572 1947 657 1981 inter
669 1910 862 1994 Tlieol‘ogos
881 1944 976 1980 illaesa
991 1944 1055 1981 fide
1067 1936 1180 1993 agitari
1198 1942 1291 1993 posse.
1315 1947 1396 1991 Qo
1414 1942 1558 1993 pluribus
1577 1945 1684 1980 modis
1693 1944 1757 1980 hoc

359 1992 435 2030 fid.3
460 1995 578 2043 dogma
593 1995 784 2031 defenditur
799 1994 950 2031 adversus
966 1994 1186 2030 heterodoxos
1199 2023 1209 2038 ,
1225 1994 1288 2029 hoc
1298 1997 1410 2042 utique
1429 1997 1531 2043 magis
1546 1992 1606 2028 effe
1619 1995 1639 2030 ὲ
1653 2007 1688 2029 re
1702 2006 1757 2029 ca-

363 2042 483 2077 tholica
499 2073 507 2087 ,
525 2057 586 2078 nec
605 2044 660 2080 ulli
684 2044 954 2093 Philosophorum
967 2044 1058 2080 seaae
1068 2042 1168 2079 fidem
1182 2044 1320 2079 nostram
1337 2044 1442 2078 addici
1462 2054 1626 2092 oportere.
1650 2044 1757 2080 Cum-

361 2105 428 2140 que
454 2095 509 2129 55.
526 2096 621 2129 Pares
640 2097 727 2130 varia
749 2094 827 2130 fidei
844 2095 961 2130 nostrae
983 2094 1140 2141 dogmata
1152 2092 1298 2129 adversus
1315 2095 1501 2130 Haereticos
1514 2092 1756 2138 defenderunt,

362 2155 429 2178 non
447 2143 582 2178 multum
596 2143 723 2180 solliciti
735 2144 828 2180 fuere
841 2144 918 2192 quid
931 2142 1134 2191 Philosophis
1150 2144 1313 2179 videretur
1324 2174 1334 2189 ,
1347 2143 1400 2178 sed
1415 2143 1492 2190 quid
1511 2141 1603 2177 sacrae
1621 2142 1753 2190 scriptu-

364 2194 636 2231 1·ae.„5²funiversae
651 2193 793 2230 Eccltfiae
805 2193 942 2229 sanciret
958 2194 1139 2229 authoritas
1155 2224 1165 2237 ‚
1184 2196 1321 2230 omnino
1343 2191 1475 2243 persuasi
1501 2195 1609 2228 Deum
1625 2191 1755 2228 efficere

365 2242 466 2277 multa
479 2242 564 2289 polle
577 2273 586 2286 ‚
603 2257 675 2292 quae
689 2242 746 2292 ipsi
760 2256 876 2293 capere
888 2257 955 2280 non
965 2241 1124 2292 possumus
1133 2272 1144 2289 ‚
1154 2247 1187 2278 in
1200 2243 1315 2292 quibus
1333 2273 1343 2287 ,
1356 2253 1392 2278 ut
1405 2242 1451 2276 ait
1461 2241 1672 2290 Augustinus,
1686 2253 1755 2278 tota

365 2293 448 2324 rasio
465 2293 549 2336 fxii
565 2293 604 2333 es}
619 2296 764 2342 potentia
772 2294 940 2338 facientis.

407 2340 488 2373 Haec
511 2343 645 2387 quidem
663 2341 832 2379 universim
858 2356 977 2392 magna
1002 2342 1234 2391 probabilitate
1258 2343 1431 2378 dicuntur:
1456 2340 1508 2376 sed
1525 2338 1755 2377 difficultatem

365 2386 465 2435 ipsam
494 2403 561 2428 non
592 2393 780 2441 expediunt·
802 2393 839 2430 Id
864 2395 950 2431 enim
976 2392 996 2431 ἐι
1014 2393 1203 2432 Christiano
1219 2392 1417 2442 philosopho
1429 2392 1547 2427 merito
1561 2393 1752 2441 requiritur,
