1878 2724
265 140 303 171 30
646 116 910 156 PHYSICAE
948 116 1274 157 GENERALI'S

265 169 398 221 quidem
414 169 514 204 modo
525 168 636 204 anima
644 167 811 203 rationalis
831 167 1021 201 educeretur
1034 168 1052 204 ὲ
1064 171 1217 212 materia,
1236 172 1270 207 in
1288 180 1351 218 qua
1361 171 1666 221 recipitur-,quaeque

269 220 397 268 disponi
410 218 491 254 solet
501 246 511 261 ,
528 229 705 264 antequam
726 218 867 251 animam
889 217 1039 262 excipiat.

319 270 441 316 Neque
460 267 538 302 huie
552 277 747 314 argumento
761 264 795 299 fit
811 261 881 298 fluis
897 291 906 306 ‚
930 276 1004 298 cum
1020 264 1206 313 responderi
1223 268 1305 304 soler
1317 298 1327 313 ‚
1344 269 1465 305 formas
1477 268 1538 306 esse
1564 273 1597 306 iu
1610 283 1670 318 po-

272 319 384 355 testate
399 317 538 352 materiae
550 344 558 358 ‚
576 320 609 351 δε
622 313 664 348 ab
691 326 731 348 ea
745 313 783 348 fic
794 313 959 365 pendere,
981 324 1019 348 ut
1045 312 1108 349 sine
1124 321 1262 352 mate-ria
1285 322 1357 353 non'
1373 318 1493 368 poffint
1516 320 1673 362 existete5

273 381 311 404 ac
324 367 456 401 demum
472 366 642 398 materiam
654 375 846 398 concurrere
858 369 912 398 luo
928 363 1031 398 modo
1042 363 1084 399 ad
1108 363 1220 400 fotmae
1233 368 1493 414 produeuonem.

312 419 436 450 Contra
452 415 540 447 enirn
554 415 660 462 urgeri
677 413 784 461 potest
795 442 805 456 ‚
820 415 990 447 materiam
1002 412 1083 448 nihil
1098 412 1176 448 exse
1191 414 1342 450 conferre
1354 417 1394 450 ad
1419 418 1671 465 produfflonem

276 465 410 507 formae,
429 460 485 498 nisi
495 463 586 510 quod
599 474 672 497 eam
689 465 841 510 excipiat.
857 464 937 499 Non
953 465 1043 497 enim
1055 464 1124 498 vim
1138 462 1302 498 aestuosarn
1313 462 1414 500 habet
1431 492 1441 508 ,
1463 465 1517 501 sed
1541 467 1673 516 subjtffi

277 516 365 549 vices
377 524 505 548 tantum
523 514 632 560 gerit:
648 524 727 561 ergo
748 511 860 547 fotmae
878 514 984 560 potius
1009 511 1092 547 fiunt
1113 514 1146 546 in
1175 515 1327 558 materia,
1341 526 1438 560 quam
1462 525 1502 548 ex
1522 520 1676 553 materia:

277 575 352 598 cum
367 573 477 596 tamen
498 563 636 596 materia
656 560 784 597 definiri
799 561 901 596 soleat
914 589 925 604 ,
948 562 981 595 id
999 573 1039 596 ex
1057 573 1123 608 quo
1137 562 1326 597 inexistente
1344 562 1383 598 fit
1402 562 1539 610 aliquid.
1566 565 1677 611 Qare

279 610 364 649 nihil
383 611 426 646 est
437 609 534 646 causae
549 622 605 646 cur
617 613 727 647 anima.
741 609 906 646 rationalis
917 611 1036 646 eodem
1046 615 1115 659 jure
1131 612 1149 648 ὲ
1167 614 1316 661 potentia
1327 615 1471 647 materiae
1480 626 1548 648 non
1562 614 1680 648 educa-

281 673 342 697 tur.
402 659 468 695 uod
481 662 570 696 enim
579 663 689 706 aiunt,
701 660 843 696 formam
853 672 924 708 quae
933 661 1078 695 educitur
1090 689 1100 704 ,
1116 661 1260 710 pendere
1272 661 1292 698 ὲ
1302 663 1439 697 materia
1451 690 1460 705 ‚
1478 662 1510 697 id
1523 662 1603 698 nihil
1622 663 1693 698 est:.

281 723 358 746 cum
369 711 477 744 anima
487 710 652 746 rationalis
664 724 730 746 non
745 709 933 747 infundatur
949 712 1096 758 corpori,
1111 709 1168 746 nifi
1187 710 1336 760 dispofito
1353 729 1363 755 5
1386 724 1526 760 cumque
1547 714 1683 747 materia

283 773 352 796 non
364 760 470 794 miuus
485 757 506 794 ἒι
524 759 630 795 forma
645 760 806 808 pendeat,
832 758 932 807 quam
946 757 1099 796 vicisfirn..

345 809 536 857 Responderi
551 803 652 844 etiam
667 808 748 844 solet
762 821 814 843 eas
832 808 1059 843 educi-formas
1073 821 1146 857 quae
1166 822 1239 846 cum
1258 808 1364 846 essent*
1372 813 1406 847 in
1420 812 1565 846 materiae
1586 821 1684 859 pote-

285 859 389 902 state,
400 856 482 893 fiunt
490 859 579 895 aestu-2
596 860 715 894 Anima
728 857 892 894 rationalis
904 859 1094 905 ,inquiunt‚
1114 859 1161 893 est
1182 860 1320 907 quidem
1335 862 1368 896 in
1385 862 1532 909 potentia
1548 862 1686 908 tqupti-

285 920 328 944 va
344 909 502 950 materiae‚
514 920 582 944 non
597 909 631 942 in
643 909 796 956 potentia
809 907 1065 943 eductivamum
1076 906 1118 943 ab
1130 920 1168 942 ea
1181 922 1246 945 non
1260 910 1405 958 pendeat
1416 938 1426 953 ‚
1441 920 1549 956 neque
1570 910 1686 944 eadem

286 958 417 993 afflone
433 955 490 997 fiat
506 985 515 1000 ‚
533 969 598 1005 qua
608 956 820 1006 compositum
829 985 841 1000 ,
853 968 889 992 ut
898 958 1020 993 caeteris
1031 956 1146 993 formis
1156 959 1284 995 accidit.
1297 962 1417 994 Formae
1429 970 1539 993 autem
1553 957 1622 993 fieri
1636 958 1687 992 di-

287 1018 405 1042 cuntur
416 1018 455 1040 ex
467 1009 603 1042 materia
616 1019 703 1049 ‚non
713 1006 800 1054 quod
813 1018 852 1040 ex
866 1018 905 1041 ea
917 1004 978 1043 (int
986 1006 1170 1055 compositae
1182 1036 1191 1050 ,
1202 1021 1274 1043 cum
1282 1006 1341 1043 fint
1356 1007 1513 1057 (implices
1527 1005 1599 1043 :sed
1610 1009 1689 1054 quia

288 1067 328 1090 ex
341 1068 379 1090 ea
389 1054 443 1090 dis
460 1053 536 1090 osita
553 1060 587 1092 &
596 1068 774 1104 praeparata
782 1066 953 1093 eruuntur,
963 1057 1073 1103 Atque
1084 1055 1152 1091 haec
1168 1056 1295 1105 poffent
1307 1056 1461 1100 sufficere,
1471 1055 1491 1092 fi
1500 1055 1585 1091 nihil
1598 1055 1686 1091 aliud

289 1103 386 1139 nobis
397 1067 474 1139 essldt
482 1104 679 1152 propositum
692 1134 701 1149 ‚
718 1117 816 1152 quam
830 1117 872 1140 ex
887 1104 1009 1152 laqueis
1025 1105 1281 1141 adversariorum
1293 1119 1352 1141 nos
1370 1106 1534 1154 expedire.
1546 1107 1591 1140 At
1609 1117 1690 1139 vero

292 1151 313 1188 fi
331 1153 363 1187 id
380 1152 467 1201 quod
481 1152 678 1189 verisimilius
688 1154 731 1188 est
740 1158 774 1188 'm
785 1164 874 1188 tauta
883 1165 990 1189 rerum
1001 1152 1197 1189 obscuritate
1208 1184 1218 1199 ‚
1230 1159 1263 1192 ὃς
1278 1154 1392 1191 sentire
1418 1160 1452 1192 &
1472 1154 1580 1189 dicere
1595 1153 1691 1190 volu-

292 1214 376 1238 mus,

327 1249 588 1298 &spondendum
604 1250 643 1284 id‘
654 1249 750 1285 nobis
777 1249 981 1293 videtutrin
1000 1250 1117 1286 formis
1134 1252 1316 1286 viventium
1329 1252 1396 1286 duo
1417 1248 1479 1285 effe
1497 1248 1667 1299 speetanda
1683 1277 1694 1293 ,

294 1301 435 1348 primum
448 1299 537 1345 quod
550 1298 611 1334 illis
629 1311 700 1333 cum
714 1297 848 1345 reliquis
871 1298 985 1334 formis
1006 1312 1180 1336 commune
1195 1301 1239 1334 est
1250 1329 1260 1344 ‚
1277 1302 1432 1336 nimirum
1449 1296 1512 1333 effe
1527 1299 1696 1347 quoddam

294 1348 508 1395 respeffivum
527 1353 561 1384 &
578 1347 733 1383 sensibile.
747 1349 838 1384 Nam
850 1361 947 1383 unum
964 1347 1178 1396 compositum
1189 1378 1199 1392 ,
1215 1348 1267 1383 seu
1281 1360 1387 1385 toturn
1408 1361 1484 1383 cum
1498 1350 1635 1383 materia
1646 1347 1696 1382 ef-

295 1396 548 1435 ficiuutztotum
560 1410 638 1432 vero
653 1398 764 1432 dicitur
779 1409 853 1431 cum
867 1396 1012 1445 par-tibus
1033 1410 1268 1446 comparatum.
1286 1396 1461 1447 Dispositio
1483 1399 1596 1445 itaque
1620 1409 1696 1446 pat-

298 1448 382 1482 rium
395 1446 571 1483 inanimali
585 1447 625 1481 ad
639 1458 741 1481 certas
758 1446 945 1481 funffiones
957 1445 1125 1482 obeundas
1139 1449 1405 1490 accommodata,
1416 1447 1711 1489 uvaccidentium,

299 1494 537 1533 &facultatum
555 1507 644 1530 certa
659 1497 840 1544 congeries,
853 1495 959 1532 forma
974 1496 1038 1531 dici
1052 1497 1155 1545 potest
1166 1525 1176 1540 ,
1187 1509 1255 1545 quae
1274 1500 1423 1533 omnino¹
1433 1498 1451 1532 ὲ
1471 1494 1538 1531 finu
1554 1497 1700 1532 materia:

289 1557 428 1580 eruitur.

335 1610 365 1631 2·
403 1593 541 1629 Parsillu
559 1592 690 1627 astuosa
703 1597 756 1635 ,&
768 1591 915 1628 subtilior
925 1593 1060 1640 spermati
1070 1592 1200 1641 potest,
1218 1605 1289 1640 quae
1306 1592 1382 1626 licet
1396 1591 1439 1627 fit
1450 1604 1626 1641 corporea,
1645 1589 1700 1626 sub

302 1642 404 1678 sensus
422 1655 533 1678 tamen
557 1655 623 1678 non
641 1643 734 1677 venit
746 1671 756 1685 ‚
776 1654 911 1689 quaeque
933 1642 1054 1676 idcirco
1079 1639 1241 1690 spirituosa
1256 1641 1319 1675 dici
1343 1640 1440 1678 solet:
1459 1640 1511 1676 seu
1526 1640 1581 1675 illa
1594 1650 1701 1689 partes

302 1695 448 1741 corporis
464 1691 622 1740 paularim
635 1691 731 1725 struat
744 1689 939 1738 3seucorpus
950 1695 1017 1738 jam
1026 1690 1207 1725 formarum
1224 1702 1258 1723 re
1283 1701 1334 1732 at,
1346 1695 1380 1726 δε
1399 1693 1583 1725 contineat:
1597 1700 1702 1736 eaque

304 1742 450 1776 educitur
463 1742 624 1776 ematetia
640 1768 649 1781 ‚
663 1750 733 1773 tum
752 1737 848 1773 crassa
866 1739 921 1773 illa
939 1746 972 1775 δε
983 1737 1161 1787 palpabili,
1174 1703 1352 1784 cujustguodi
1373 1739 1425 1773 est.
1439 1741 1471 1773 in
1487 1740 1542 1774 ovi
1560 1737 1702 1772 albumi-

304 1802 346 1824 ne
375 1790 491 1824 humor
535 1788 669 1836 quidam
697 1787 877 1835 pellucidus
901 1815 912 1830 ,
953 1800 993 1822 ex
1025 1800 1092 1834 quo
1112 1786 1219 1821 vitalis
1248 1786 1379 1822 flamma
1402 1789 1528 1822 eruitur
1540 1816 1549 1829 ,
1584 1798 1621 1821 ut
1649 1785 1703 1821 suo

306 1839 380 1875 loco
411 1850 610 1887 exponemus
633 1852 641 1875 ι
669 1848 737 1872 tum
759 1839 860 1872 etiam
883 1849 929 1872 ex·
956 1849 995 1871 ea
1019 1835 1180 1871 subtiliori
1208 1834 1375 1871 substantia
1390 1865 1401 1880 ‚
1434 1835 1537 1884 quae-si
1556 1835 1704 1871 Platoni-

304 1891 348 1922 cis
361 1888 533 1932 credimus,
547 1886 671 1934 ubique
686 1886 754 1922 fusa
763 1888 901 1923 omnino
915 1886 1049 1921 coelestis
1064 1892 1098 1924 &
1108 1884 1236 1921 astuosa
1250 1887 1442 1934 concipitur.
1458 1888 1570 1933 Itaque
1587 1897 1658 1933 pars
1669 1883 1718 1919 il„

307 1937 339 1974 la
356 1935 503 1973 subtilior
523 1936 667 1973 animalis
683 1963 692 1980 ‚
709 1949 805 1984 quam
823 1937 950 1971 Medici
973 1935 1112 1971 calidum
1136 1937 1282 1971 innatum
1298 1964 1308 1979 ,
1325 1947 1379 1970 aut
1398 1934 1533 1971 vitalem
1560 1933 1705 1982 spirirum

311 1999 452 2030 vocant,
465 1987 606 2022 educitur
618 1988 637 2022 ὲ
653 1987 789 2020 materia
806 2015 815 2029 ,
831 1988 866 2021 in
883 1998 947 2033 qua
962 1997 1032 2021 erat
1045 1983 1218 2020 secundum
1241 1983 1426 2028 essentiam,
1449 1996 1505 2019 aut
1533 1982 1706 2019 secundum

311 2036 399 2071 astus
412 2034 568 2084 quosdam
579 2034 797 2084 incompletos
812 2064 821 2078 ,
831 2046 868 2070 ut
878 2035 1005 2071 videtur
1019 2033 1160 2070 Alberto
1174 2037 1319 2084 Magno,
1337 2046 1393 2069 aut
1415 2034 1586 2069 secundum
1606 2035 1708 2081 parti-

312 2084 398 2119 culas
419 2084 567 2134 dispersas
581 2113 590 2128 ,
603 2098 639 2120 ut
650 2096 743 2132 putat
766 2083 924 2121 Aureolus
940 2101 949 2126 ς
966 2097 1022 2120 aut
1037 2084 1179 2131 denique
1202 2083 1374 2119 secundum
1407 2085 1548 2118 rationes
1566 2080 1708 2117 semina-

313 2133 358 2168 les
372 2148 426 2177 ‚ut
449 2135 626 2183 loquuntur
640 2134 801 2170 Platonici
817 2163 828 2178 ,
841 2133 1032 2182 &plerique
1043 2146 1081 2169 ex
1092 2136 1146 2170 SS.
1162 2135 1226 2169 PP.
1247 2135 1325 2169 Haec
1342 2145 1451 2169 autem
1475 2143 1546 2180 pars
1568 2130 1708 2165 aetherea

313 2188 348 2220 ὃ(
373 2182 536 2232 spirituosa
555 2197 630 2219 cum
641 2182 822 2220 crassiorem
835 2183 956 2218 molem
969 2183 1083 2218 foveat
1096 2213 1106 2227 ,
1125 2182 1360 2232 elementaipsa
1375 2188 1409 2220 &
1425 2192 1532 2230 partes
1545 2177 1709 2214 sensibiles

313 2236 482 2268 contineat
495 2245 614 2281 ‚atque
628 2236 661 2268 in
681 2245 753 2268 toto
772 2232 905 2269 animali
924 2234 1108 2268 dominetur
1123 2250 1132 2277 3
1149 2245 1287 2281 cumque
1299 2233 1472 2280 praecipuas
1491 2230 1574 2263 vires
1592 2227 1644 2262 seu
1657 2227 1710 2262 fa-

316 2282 364 2315 cul
371 2295 452 2318 tates
468 2286 499 2318 in
510 2283 539 2318 se
552 2281 786 2331 compleehitur
800 2312 809 2326 ,
827 2285 946 2318 merito
958 2282 1066 2317 forma
1081 2285 1252 2318 vocitatur.
1277 2281 1340 2315 Ista
1355 2279 1483 2314 uberius
1504 2288 1711 2325 exponentur

317 2332 350 2383 in
370 2335 466 2367 tertia
485 2344 576 2380 parte
586 2333 679 2380 hujus
689 2335 819 2383 operis,
836 2332 890 2368 sed
900 2344 984 2369 nunc
1004 2333 1141 2382 digitum
1163 2332 1204 2367 ad
1224 2331 1333 2366 fontes
1354 2325 1523 2365 intendisse
1539 2326 1612 2363 satis
1635 2324 1712 2361 fue-

315 2390 364 2413 tlt.
