1878 2724
536 127 608 163 DE
646 123 981 163 POSSILIBUS.
1439 148 1456 170 ,-

89 173 224 228 Hagen&
236 173 412 225 expolitum
425 173 445 211 ὲ
459 173 555 211 nobis
573 176 679 210 fuerit.
691 176 778 210 Rem
792 177 878 210 enim
890 175 990 224 ipsam
1002 176 1226 225 peringeniose
1240 178 1398 227 explicare
1410 146 1473 219 fio}

91 227 141 262 bis
163 227 285 261 videtur
300 239 309 262 :
324 222 448 260 tametsi
473 225 619 259 nondum
635 224 698 259 hoc
718 226 752 260 in
766 236 956 273 argumento
968 225 1025 260 sibi
1037 228 1173 262 omnino
1187 227 1349 268 satisfecit.

126 279 206 322 Qo
217 277 310 323 igitur
324 277 369 309 vis
381 273 434 308 illa
445 276 476 308 in
487 284 638 322 magnete
647 285 709 320 qua
724 273 843 308 ferrum
856 274 894 307 ad
910 272 938 308 se
953 276 1057 323 rapit,
1077 286 1240 324 utcunque
1253 279 1473 329 intelligatur,

89 326 123 361 in
134 326 324 360 memoriam
335 322 405 358 sunt
414 323 589 370 redigenda
599 334 670 370 quae
681 321 822 371 superius
834 323 970 358 diximus
989 324 1029 358 de
1041 327 1070 359 vi
1084 327 1200 372 cuique
1212 329 1326 362 vortici
1346 331 1377 364 in
1403 332 1475 365 eni-

92 385 123 409 ta
135 402 145 418 ,
157 385 220 420 qua
238 374 404 407 motumin
421 370 536 406 orbem
548 373 737 406 continuare
748 370 880 406 affcstat
897 399 904 410 ,
926 377 958 408 δι
978 372 1076 419 quam
1094 373 1162 408 fieri
1183 376 1288 422 potest
1311 378 1345 412 in
1384 381 1475 427 patio

90 425 227 458 minimo
250 435 258 457 :
277 420 316 456 fic
329 422 416 456 enirn
431 425 463 456 ὃ(
485 418 615 454 liberius
634 432 784 454 movetur
797 449 807 462 ,
827 426 860 457 ἃ
875 419 1007 457 diutius.
1026 424 1113 470 Qae
1123 425 1209 458 enim
1224 428 1356 460 materia
1371 430 1453 462 aeris
1466 456 1478 472 ,

89 483 144 506 aut
157 471 283 506 aerheris
299 470 340 517 el}
352 467 539 503 circumfusa
552 498 561 512 ‚
575 468 648 503 huic
661 470 761 503 motui
776 467 894 503 obfissit
913 471 1054 504 maxime
1065 500 1074 514 ,
1087 477 1120 508 &
1134 471 1202 519 quo
1219 485 1331 509 vortex
1344 486 1477 524 magne-

91 522 170 556 ricus
183 522 213 555 in
229 516 348 554 minori
361 517 463 566 spatio
474 519 580 566 agitur
590 545 600 560 ,
616 515 677 552 hoc
691 519 797 552 minus
809 517 851 552 ab
862 529 934 552 aere
944 518 996 553 vel
1010 520 1127 555 :ethere
1140 522 1320 557 retardatur
1339 537 1346 559 :
1372 537 1479 572 neque

90 571 177 604 enim
189 568 260 604 huic
273 577 397 602 tantum
414 568 492 600 aeris
505 577 674 614 penetrare
687 565 810 601 necclse
828 566 881 602 est.

101 618 190 653 Cum
201 629 309 651 autem
320 627 374 651 aut
388 616 574 659 feri-tingant
585 627 716 663 magnes
728 619 810 649 intra
823 614 951 651 alterius
963 621 1121 666 magnetis
1134 621 1308 667 vegetioris
1320 624 1479 658 vorticem

90 669 285 709 continetur,
294 671 329 703 ὃς
342 668 386 700 ita
398 664 607 713 disponuntur
621 664 704 698 illius
714 666 794 725 Feri,
805 676 839 699 ut
847 667 949 699 motui
962 671 995 702 ἃ
1004 668 1069 701 dire
1076 669 1174 702 dicioni
1185 667 1390 717 obsequatur:
1407 684 1480 719 (με

38 723 40 725 ’
92 717 227 752 materia
245 715 388 761 magneti
398 715 530 762 propior
544 714 634 755 dh&
651 715 745 747 citius
756 714 952 761 agitata,alia
970 715 1066 750 aliam
1080 716 1266 764 insequitur,
1280 725 1312 755 ἃ·
1329 731 1404 755 eum
1418 733 1481 755 ma-

91 774 222 813 gnetem
232 776 287 798 aut
298 756 417 799 Ferrum
430 763 607 811 pervadere
616 761 747 797 affeetat
760 791 769 805 ,
781 761 871 809 quod
886 765 916 798 in
928 776 968 798 eo
981 768 1101 814 majore
1119 765 1276 801 facilitate
1296 780 1480 814 moveatur,

91 813 192 860 quam
208 815 238 847 in
258 825 344 847 aere.
369 813 535 861 roirca
550 810 688 858 {icor-pto
707 813 820 845 itinere
831 811 975 847 deflectit
986 841 994 855 ,
1012 826 1070 847 nec
1091 815 1226 850 circulos
1242 828 1279 851 ut
1292 819 1377 864 prius
1393 846 1402 861 ‚
1428 817 1481 854 sed

91 863 204 897 ovales
219 861 333 909 figuras
348 890 358 905 ,
387 867 419 898 &
441 859 570 894 latiores
586 859 736 894 describit
751 873 759 893 :
779 871 814 895 ut
833 863 864 895 in
882 862 980 908 priori
998 861 1099 905 figura
1126 876 1258 899 cernere
1273 865 1330 902 est.
1355 872 1482 902 Vortex

91 911 176 946 adeo
189 913 384 958 interceptus
396 914 429 946 δε
441 909 694 957 rapidiorimotu
708 908 796 945 adius
813 909 997 946 circularem
1012 900 1163 960 figuram,
1186 913 1206 948 ἐι
1234 926 1298 960 qua
1317 914 1388 964 plus
1412 915 1482 951 fitis

92 959 242 1004 descivit,
256 961 390 994 omnino
401 959 559 993 restituere
571 987 580 1002 ,
599 960 673 995 &in
689 960 804 993 arctius
819 957 955 1007 spatium
975 959 1004 993 se
1016 960 1169 1010 colligere
1185 960 1330 1000 molitur.
1350 965 1383 999 ld
1402 964 1484 1001 vero

92 1007 211 1056 affequi
221 1010 337 1056 nequit
347 1037 356 1052 ‚
374 1006 428 1043 nisi
441 1019 572 1053 magnes
586 1035 595 1050 ,
613 1019 668 1042 aut
685 1006 805 1042 ferrum
820 1008 908 1054 quod
918 1008 958 1041 ad
971 1021 1101 1044 motum
1114 1010 1158 1044 est
1172 1011 1420 1058 succinctum,ad
1435 1014 1484 1049 al-

95 1067 199 1092 terum
216 1068 403 1105 magnetem
416 1068 472 1091 aut
484 1055 654 1090 fortiorem
667 1084 676 1098 ,
692 1068 745 1091 aut
764 1055 968 1091 immobilem
977 1059 1120 1095 accedat.

127 1107 228 1190 Ἥ
237 1108 350 1153 urique
365 1119 406 1140 eo
417 1105 483 1140 fere
496 1105 596 1139 modo
606 1103 642 1139 fit
653 1133 662 1147 ‚
674 1117 741 1152 quo
760 1107 915 1139 cemimus
926 1105 1161 1155 hydrargyrum
1175 1110 1207 1143 in
1219 1108 1317 1157 plano
1334 1110 1486 1148 horizon-

96 1155 151 1191 tali
162 1170 177 1188 c
232 1155 295 1190 sum
306 1154 367 1190 sese
381 1158 412 1189 in
422 1152 572 1203 globulos
583 1160 699 1201 cogere
723 1171 731 1195 3
755 1165 810 1188 aut
836 1152 940 1203 syrupi
956 1154 1124 1191 filamcnta
1140 1157 1194 1191 vel
1217 1160 1323 1193 invito
1339 1161 1485 1208 pondere

95 1207 128 1240 in
143 1203 204 1239 sese
216 1204 380 1248 contrahi,
392 1215 427 1238 ut
437 1214 528 1251 gutta
541 1215 578 1236 ex
592 1212 655 1249 qua
670 1203 818 1250 prodiere
828 1232 836 1245 ‚
848 1202 904 1238 fiat
920 1206 1100 1241 rotundior.
1119 1206 1216 1254 Cujus
1240 1206 1324 1244 fon&
1349 1206 1485 1244 effickfis

96 1266 134 1289 ea
147 1266 214 1288 nou
225 1254 267 1288 est
277 1251 362 1288 causa
375 1282 387 1296 ,
407 1263 561 1286 aut-certe
573 1260 640 1286 n'on
654 1249 717 1286 sola
727 1280 735 1294 ,
748 1252 834 1299 quod
850 1252 1061 1301 hydrargyrus
1077 1282 1085 1295 ,
1096 1266 1151 1289 aut
1165 1267 1246 1302 aqua
1258 1285 1267 1299 ,
1282 1267 1337 1291 aut
1353 1257 1485 1306 syrupus

94 1301 115 1338 ὲ
129 1300 321 1338 circumfuso
330 1313 402 1336 aere
411 1302 500 1336 omni
511 1312 551 1334 ex
560 1309 650 1349 parte
662 1312 824 1348 prematur
838 1314 846 1335 :
859 1299 934 1335 cum
949 1299 1044 1336 malfa
1060 1303 1221 1339 farinacea
1241 1305 1293 1340 vel
1315 1307 1449 1342 mollior
1467 1307 1489 1342 ἐι

97 1350 196 1400 preffu
211 1354 291 1385 aeris
304 1350 502 1398 circumjecti
516 1363 582 1385 non
605 1347 660 1384 fiat
681 1349 871 1385 rotundior:
890 1349 941 1384 scd
964 1353 1051 1398 quod
1070 1355 1203 1387 materia
1222 1355 1369 1400 quaedam
1388 1355 1488 1390 subti-

97 1402 159 1436 lior
175 1403 207 1436 iii
222 1399 402 1448 liquoribus
413 1428 422 1442 ,
435 1410 469 1434 ut
489 1401 520 1433 in
538 1398 740 1447 hydrargyro
751 1428 760 1442 ‚
775 1400 808 1433 in
823 1411 936 1434 omnes
950 1411 1056 1448 partes
1082 1402 1251 1436 ‹irculetur
1267 1417 1275 1437 ε
1293 1416 1359 1451 quo
1376 1415 1486 1439 autem

98 1459 204 1486 motus
217 1449 270 1484 ille
282 1447 459 1484 fitliberior
471 1448 661 1491 ,rotundam
686 1446 820 1496 figuram
839 1460 940 1497 guttae
952 1451 1108 1498 impertit.
1139 1454 1217 1487 Non
1230 1451 1370 1488 dissimili
1385 1456 1487 1488 ratio-

98 1512 141 1536 ne
157 1509 271 1534 vortex
285 1499 444 1546 magnetis
471 1497 642 1531 rotundam
654 1525 663 1540 ‚
683 1508 841 1544 quantum
866 1497 970 1546 potest
987 1526 996 1540 ,
1021 1498 1157 1547 figuram
1174 1499 1231 1534 affl
1240 1502 1328 1536 &ans
1346 1504 1488 1551 magneti

99 1548 219 1583 ferrum
230 1548 403 1583 admovet:
419 1547 523 1580 Gutta
534 1557 623 1592 aquae
638 1574 646 1589 ,
660 1557 715 1580 aut
725 1545 912 1595 hydrargyri
927 1546 1060 1582 alteram
1075 1561 1140 1583 non
1161 1549 1294 1584 attrahit
1305 1580 1314 1593 ,
1334 1549 1389 1585 nisi
1413 1563 1489 1587 cum

99 1597 172 1633 huic
187 1597 230 1631 est
242 1598 404 1645 proxima:
423 1607 498 1630 nam
511 1592 631 1629 subtilis
651 1597 784 1628 materia
798 1607 865 1641 quae
881 1598 961 1630 intra
977 1608 1084 1644 guttas
1100 1597 1233 1645 liquidas
1249 1601 1406 1642 vertitur,
1421 1612 1488 1636 non

99 1647 187 1694 poris
198 1657 284 1680 certa
295 1647 417 1679 ratione
431 1642 584 1691 dispositis
597 1672 606 1686 ,
628 1648 661 1680 δε
682 1643 749 1678 fixis
768 1642 905 1692 illigatur
919 1672 929 1687 ,
952 1643 1003 1680 sed
1018 1656 1144 1680 morum
1163 1659 1295 1683 omnem
1308 1651 1391 1683 intra
1414 1660 1490 1697 gut-

104 1707 169 1730 tam
179 1707 268 1741 aequa
283 1693 439 1728 facilitate
452 1691 593 1727 conficit.
602 1695 637 1727 In
648 1704 797 1740 magnete
808 1705 856 1727 res
867 1695 987 1728 nonita
999 1693 1029 1728 se
1046 1693 1147 1730 habet
1163 1704 1309 1732 :meatus
1324 1699 1445 1745 quippe
1455 1699 1490 1732 in

101 1743 205 1779 rectas
220 1743 319 1778 lineas
332 1741 400 1777 sunt
413 1743 514 1789 aptati
527 1770 537 1784 ,
547 1752 606 1776 nec
617 1743 751 1776 materia
767 1743 799 1776 in
809 1741 923 1777 orbem
941 1745 992 1792 agi
1005 1744 1106 1791 potest
1119 1773 1127 1787 ,
1151 1743 1207 1779 iiifi
1220 1757 1256 1779 ex
1273 1757 1424 1795 magnete
1437 1745 1490 1780 fo-

101 1805 151 1829 ras
161 1804 262 1827 exeat.
279 1791 342 1826 Sed
358 1791 435 1837 quid
453 1790 549 1825 causae
563 1791 606 1825 est
617 1803 672 1825 cur
685 1802 816 1836 magnes
829 1803 1014 1839 magnetem
1038 1795 1264 1828 tantummodo
1275 1806 1330 1829 aut
1355 1794 1490 1838 ferrum,

102 1853 170 1879 non
185 1840 249 1876 alia
262 1851 394 1888 corpora
407 1839 446 1872 ad
456 1838 486 1873 se
498 1841 600 1887 rapiat
615 1849 624 1875 ἒ
644 1842 728 1874 ratio
741 1842 774 1873 in
793 1840 930 1887 proclivi
941 1841 993 1878 est,
1008 1840 1188 1877 Substantia
1207 1847 1390 1890 magnetica
1405 1842 1491 1877 libe-

102 1892 222 1926 riorem
232 1891 353 1924 aditum
364 1891 396 1923 iii
406 1887 474 1922 aliis
486 1888 693 1936 corporibuS,
711 1901 808 1932 quam
819 1890 851 1923 iri
865 1902 938 1924 aere
952 1889 1005 1924 vel
1017 1890 1136 1925 aethere
1147 1905 1212 1926 non
1230 1891 1368 1927 offendit
1384 1906 1391 1927 :
1410 1891 1491 1927 nihil

105 1941 189 1974 adeo
202 1938 299 1973 causae
311 1939 354 1972 est
366 1949 418 1972 cur
432 1937 451 1973 Ξι
465 1949 576 1986 coepto
591 1940 706 1973 itinere
723 1936 960 1986 defle&ar‚quc'›
978 1952 1016 1973 ea
1031 1952 1164 1987 corpora
1176 1942 1330 1988 pervadat
1340 1971 1348 1985 ,
1366 1952 1421 1975 aut
1435 1953 1490 1975 cur

105 1989 265 2023 vorticem
277 1987 365 2021 suum
376 1985 429 2021 vel
438 1991 595 2035 majorem
605 1986 704 2035 quarn
713 1999 769 2035 pat
782 1986 841 2031 sit,
852 1987 906 2023 vel
920 1987 1025 2024 minus
1043 1990 1218 2025 rotundum
1230 1991 1408 2026 reformare
1418 2002 1491 2025 rno-

105 2037 209 2072 liatur.

140 2087 203 2119 Sed
216 2084 302 2118 unde
320 2093 409 2119 tanta
421 2085 469 2117 vis
481 2085 514 2118 in
525 2081 714 2129 quibusdam
725 2085 927 2133 magnetibus
942 2115 952 2130 ,
964 2089 1064 2122 etiam
1072 2088 1158 2123 mole
1171 2090 1276 2137 parvis
1291 2099 1301 2124 Ξ
1314 2100 1379 2123 non
1389 2087 1493 2122 aliun-

109 2134 149 2168 de
161 2131 308 2181 profecto
326 2132 425 2179 quam
442 2144 479 2166 ex
496 2132 659 2169 celeritate
674 2133 784 2170 motus
799 2163 809 2180 ‚
829 2146 885 2171 aut
898 2138 1030 2172 vorticis
1043 2166 1053 2182 ,
1071 2139 1127 2185 qui
1137 2140 1223 2175 intra
1231 2138 1354 2174 artetiae
1368 2134 1507 2186 pulsum·

108 2182 212 2231 plures
224 2192 325 2233 gyros>
331 2181 437 2231 potest
456 2179 634 2229 perficeres

260 2378 347 2413 Tom.
363 2378 419 2414 ΙΙ.
1224 2379 1331 2417 Hhh
