1878 2724
325 114 389 151 662'
899 108 924 144 P
938 107 973 143 H
987 107 1018 142 Y
1028 108 1050 143 S
1062 108 1075 142 1
1087 106 1118 142 C
1127 109 1167 142 Ε

326 174 376 198 tus
390 170 540 198 naturam
564 158 655 208 ipsius
674 157 833 206 sanguinis
848 157 966 194 induit,
984 156 1085 193 Unde
1105 154 1125 192 si
1142 150 1282 203 quatrior
1295 183 1305 198 ,
1327 164 1385 189 aut
1398 154 1545 203 quinque
1562 155 1649 192 horis
1687 155 1737 192 os!

322 212 495 257 largiorem
509 209 629 258 pastum
640 208 818 242 detraxeris
835 204 1022 256 sanguintm
1034 236 1042 248 ‚
1055 208 1080 241 is
1095 207 1200 241 multo
1219 203 1323 248 lacte,
1341 214 1395 239 aut
1417 203 1516 254 chylo
1540 167 1731 241 abundalnt.

326 251 429 309 Qod
442 259 461 294 fi
472 260 596 307 longius
611 269 742 306 tempus
752 259 903 306 expedies
917 286 925 301 ‚
944 256 1056 307 thylus
1078 256 1148 292 fere
1172 266 1258 290 totus
1275 256 1306 289 in
1319 252 1423 288 serum
1435 254 1646 291 commeabit.
1656 257 1735 302 Hoq

325 322 435 347 tamen
448 311 577 356 utrique
590 307 709 356 liquori
722 319 897 342 commune
909 306 953 341 est
967 335 976 350 ,
986 319 1022 342 ut
1037 305 1103 342 leni
1115 307 1263 340 admotus
1280 305 1346 354 igni
1365 304 1557 339 concrescat.

358 361 398 395 Et
414 357 487 393 sane
505 358 619 392 eadem
635 359 704 393 sunt
715 356 786 392 vasa
803 370 875 405 quae
886 356 1020 406 chylum
1039 358 1073 392 in
1087 355 1282 392 mesenterio
1296 360 1329 391 ὃ(
1345 352 1515 403 lympham
1531 353 1572 389 ad
1584 364 1735 403 recepta.

323 408 431 444 culum
443 407 627 456 pervehunt
642 426 650 452 3
664 419 805 455 cumque
819 406 906 442 abest
917 406 1030 456 chylus
1040 436 1049 450 ‚
1061 406 1195 455 lympha
1204 418 1271 441 non
1285 404 1455 451 deest2quae
1473 403 1540 440 haec
1554 403 1623 439 vasa
1635 410 1668 441 δι
1679 415 1736 437 ca-

325 457 436 493 nalem
451 457 652 493 thoracicum
668 459 1045 505 continenterimplent,
1065 468 1171 502 neque
1190 468 1228 490 ea
1248 467 1392 501 unquam
1408 453 1490 488 succi
1502 453 1571 489 sunt
1583 455 1737 502 expertia.

325 506 410 544 Vasa
424 519 534 542 autem
549 507 751 556 lymphatica
774 510 806 542 in
822 506 1040 542 musculorum
1058 505 1260 541 membranis
1274 533 1283 547 ,
1310 509 1343 541 δε
1358 501 1512 539 viscerum
1533 501 1661 538 radices
1676 502 1735 538 ha-

325 556 410 593 bent
423 574 431 600 3
443 560 591 606 eaquein
605 557 772 606 glandulas
787 556 1001 606 conglobatas
1015 555 1044 590 se
1057 566 1251 592 exonerant.
1278 556 1322 589 Ex
1341 551 1459 601 quibus
1477 552 1598 603 egrelsa
1617 554 1737 601 partim

326 608 361 642 in
373 619 548 642 commune
562 609 717 654 Pecqueti
734 607 973 655 receptaculum
985 636 995 650 ‚
1015 608 1134 655 partim
1146 607 1179 640 in
1190 604 1338 640 canalem
1351 604 1552 639 thoracicum
1574 602 1738 650 liquorem

325 656 415 692 suum
429 656 610 693 effundunt.
623 657 707 704 Qae
719 669 757 692 ex
767 668 886 693 ventre
899 656 1055 692 inferiore
1064 685 1074 700 ‚
1087 661 1120 693 δε
1132 652 1275 690 cruribus
1292 653 1453 703 prodeunt
1464 681 1474 696 ‚
1486 665 1524 687 ea
1539 654 1573 688 in
1589 664 1739 700 recepta-

324 705 432 741 culum
447 723 456 749 ;
471 718 545 754 quae
557 719 596 741 ex
611 708 758 755 pedrore,
776 709 808 741 in
822 706 991 749 canalem3
1015 719 1085 754 quae
1103 706 1237 740 demum
1257 705 1274 740 ὲ
1291 706 1399 752 capite
1415 732 1425 747 ‚
1447 705 1595 745 cervice,
1610 705 1645 739 &
1663 701 1739 736 bra-

326 755 405 790 chiis
419 758 567 791 oriuntur
580 784 590 799 ,
602 757 719 791 eadem
737 758 768 791 in
779 768 878 791 venas
890 755 1037 790 axillares
1049 754 1079 790 se
1092 765 1401 801 exonerant‚atque
1414 756 1460 788 ita
1474 751 1608 801 lympha
1627 763 1666 786 ex
1684 763 1738 785 ar-

327 804 445 839 terioso
459 804 611 854 sanguine
628 805 778 855 profecta
792 834 801 849 ,
816 810 850 842 δε
865 804 949 842 forte
965 803 1135 853 spirituoso
1156 816 1330 840 nervorum
1353 802 1447 839 succo
1461 804 1606 838 animata
1623 804 1654 835 in
1670 799 1739 835 san-

325 857 459 902 guinem
471 867 595 890 remeat
610 885 619 898 ,
637 867 673 890 ut
686 855 732 889 illi
746 854 781 890 fit
794 855 953 890 vehiculo
970 884 979 897 ‚
998 855 1200 892 &idoneum
1217 852 1362 901 partibus
1382 852 1588 888 alimentum.
1616 853 1656 886 Et
1669 852 1741 897 qui-

327 904 404 939 dem
421 903 491 938 fieri
502 905 627 951 potest,
640 916 676 939 ut
689 904 846 952 glandulae
864 904 1014 951 quaedam
1031 902 1090 937 sint
1103 903 1195 937 velut
1211 900 1352 937 officinae
1376 903 1408 936 in
1425 900 1543 948 quibus
1571 899 1650 934 fitcci
1670 899 1740 934 fer-

327 955 471 988 mentitii
483 952 695 988 elaberentur
707 967 714 989 :
726 952 778 987 sed
798 966 865 988 non
879 964 1006 988 omnes,
1017 955 1107 989 Nam
1119 951 1284 1000 pleraeque
1305 964 1378 986 eum
1391 949 1515 986 habent
1531 949 1621 985 usum
1638 960 1739 996 quem

327 1001 431 1050 glebae
442 1005 474 1037 in
484 1014 564 1048 quas
574 1001 756 1049 plantarum
768 1002 890 1035 radices
904 1001 1100 1050 sparguntur,
1114 1003 1160 1035 ait
1174 1001 1330 1035 Borellus.
1345 1001 1497 1046 Cumque
1507 996 1664 1046 glandulae
1677 1009 1740 1032 ceu

328 1052 462 1098 quidam
477 1050 621 1086 fasciculi
634 1049 706 1085 vasa
719 1052 826 1085 omnis
840 1052 968 1099 generis
984 1050 1244 1099 complestantut
1257 1077 1266 1091 ‚
1276 1048 1347 1083 vasa
1358 1060 1467 1082 earum
1483 1048 1663 1082 excretotia
1673 1059 1740 1081 non

329 1098 456 1149 possunt
471 1113 544 1135 cum
555 1102 678 1135 arteriis
694 1103 849 1149 conjungi
864 1114 872 1135 :
892 1111 960 1135 tum
972 1101 1061 1135 enim
1074 1099 1198 1148 sanguis
1210 1112 1277 1134 non
1288 1097 1389 1146 posset
1398 1096 1418 1133 ὲ
1429 1099 1522 1132 venis
1537 1097 1654 1144 excipi.
1668 1098 1741 1130 Suc·

328 1152 358 1184 ci
369 1152 482 1197 itaque
497 1149 696 1198 multiplices
716 1152 747 1184 in
757 1148 917 1198 glandulis
930 1147 1081 1198 repositi,
1094 1154 1127 1186 &
1138 1161 1193 1197 per
1203 1150 1339 1183 minima
1355 1147 1523 1190 commisti,
1538 1148 1572 1181 in
1591 1144 1652 1180 suis
1666 1146 1742 1192 qui-

328 1211 393 1247 que
410 1199 489 1235 vafis
498 1198 554 1234 fibi
566 1200 821 1234 accommodatis
836 1201 1036 1246 excipiuntur
1047 1216 1055 1242 3
1072 1204 1106 1236 &
1119 1197 1192 1233 vasa
1203 1197 1322 1246 singula
1334 1196 1459 1232 succum
1471 1197 1740 1237 convenientem,

330 1260 366 1283 ut
375 1251 514 1297 partium
526 1254 560 1285 δέ
571 1259 738 1284 meatuum
749 1260 825 1297 apta
837 1247 1054 1298 configuratio
1070 1249 1171 1298 exigit
1185 1277 1195 1292 ,
1209 1248 1248 1282 ad
1259 1247 1289 1282 se
1300 1249 1395 1295 rapit.
1409 1247 1510 1295 quue
1523 1244 1560 1281 fit
1571 1242 1743 1281 neceffita-

329 1308 361 1333 te
374 1300 514 1346 quadam
536 1298 724 1334 mechanica
737 1327 747 1342 ‚
764 1311 832 1335 non
845 1297 1116 1335 fermentatione.

870 1396 901 1432 C
931 1397 959 1431 Α
987 1400 1010 1434 P
1035 1399 1071 1435 U
1094 1399 1126 1434 T
1172 1400 1218 1433 V.

650 1494 706 1526 De
723 1494 776 1539 usit
790 1493 965 1529 ventriculi
983 1493 1022 1530 (ῥ’
1034 1497 1139 1530 variis
1148 1497 1216 1540 esus
1227 1490 1400 1540 affeffibns.

329 1590 483 1675 CUm
496 1589 691 1625 ventriculus
710 1589 745 1626 fit
759 1604 915 1641 organum
931 1593 1116 1628 nutritionis
1136 1593 1350 1641 praecipuum,
1365 1590 1455 1639 quod
1473 1590 1631 1628 alimenta
1650 1591 1742 1640 dige-

417 1643 456 1674 rit
470 1645 504 1677 &
518 1651 687 1688 praeparat,
707 1653 745 1675 ex
761 1642 822 1676 hoc
838 1641 922 1678 bene
933 1655 987 1678 aut
1003 1642 1089 1677 male
1108 1641 1229 1677 affecto
1245 1643 1343 1677 totius
1364 1642 1507 1689 corporis
1531 1640 1646 1677 sanitas
1657 1669 1667 1683 ‚
1684 1651 1741 1675 aut

327 1690 484 1724 valetudo
509 1702 625 1737 magna
640 1702 679 1724 ex
694 1702 785 1739 parte
798 1692 927 1739 pendet.
942 1694 1030 1728 Nam
1045 1690 1065 1726 si
1078 1693 1180 1739 prima
1191 1690 1342 1725 cibotum
1357 1691 1491 1738 digestio
1515 1693 1577 1726 rite
1592 1689 1742 1740 perficia-

330 1749 381 1774 tur
393 1768 402 1782 ,
417 1744 450 1776 &
469 1738 581 1787 (hylus
593 1744 625 1775 ὅ(
638 1737 761 1788 sanguis
774 1746 807 1777 &
822 1740 945 1789 spiritus
960 1740 1115 1777 animales
1130 1739 1217 1776 bene
1227 1738 1438 1775 elaboranrur
1450 1768 1461 1782 ,
1478 1751 1516 1774 ac
1535 1752 1604 1775 tota
1623 1752 1742 1788 corpo-

330 1791 371 1823 ris
387 1789 538 1824 machina
550 1787 637 1823 belle
657 1787 687 1824 se
701 1788 814 1826 habet.
845 1793 944 1825 Secus
971 1803 1010 1826 ex
1026 1790 1111 1825 male
1125 1792 1226 1826 cecus
1240 1790 1404 1824 alimentis
1427 1788 1540 1838 (hylus
1558 1792 1717 1838 impurior
1728 1817 1739 1831 ,

330 1838 453 1886 sanguis
465 1849 519 1872 aut
529 1836 709 1873 feculentus
720 1867 730 1882 ,
741 1851 796 1874 aut
808 1839 945 1888 aquosus
960 1857 969 1884 3
987 1853 1026 1875 ex
1036 1840 1214 1889 depravato
1225 1839 1375 1886 sanguine
1389 1837 1514 1886 spiritus
1525 1868 1537 1882 ‚
1550 1850 1605 1873 aut
1614 1838 1741 1886 segnio-

331 1900 378 1922 res
387 1917 395 1931 ‚
413 1899 469 1921 aut
479 1889 616 1921 acriores
627 1889 813 1936 gignuntur.

368 1938 521 1983 Praecipui
535 1947 646 1969 autem
665 1935 837 1970 ventriculi
855 1935 924 1970 usus
936 1947 973 1971 ex
989 1936 1080 1985 ipsius
1095 1935 1219 1971 fabrica
1231 1934 1452 1972 innotescunt.
1468 1936 1579 1982 Atque
1592 1946 1628 1970 ut
1636 1933 1678 1970 ab
1690 1936 1742 1970 in-

333 1988 414 2021 tima
425 1991 456 2022 &
468 1983 580 2018 villosa
594 1986 700 2019 tunica
722 1985 906 2028 ordiamur,
919 1999 989 2033 quae
1008 1988 1040 2021 in
1056 1985 1123 2020 oeso
1150 1985 1235 2032 hago
1250 1985 1419 2019 candidior
1437 1985 1484 2018 est
1496 2013 1506 2028 ‚
1526 1989 1559 2021 δε
1576 1984 1687 2019 villosa
1703 1995 1741 2020 ut

331 2037 366 2071 in
380 2033 564 2069 ventriculo
577 2061 585 2075 ‚
601 2032 734 2082 planum
754 2035 784 2068 id
800 2036 928 2069 viletur
942 2048 1015 2070 eam
1036 2000 1263 2070 membranam
1284 2036 1320 2068 iis
1345 2034 1429 2069 villis
1447 2033 1498 2068 seu
1511 2032 1637 2068 fibtillis
1652 2032 1740 2069 mol..

332 2083 467 2121 lioribus
480 2112 488 2126 ,
502 2095 537 2118 ut
552 2083 705 2129 lanugine
721 2084 861 2130 quidam
872 2083 1008 2128 obduci,
1027 2097 1062 2120 ut
1081 2084 1229 2120 ciborum
1249 2082 1406 2119 suavitate
1425 2083 1662 2131 permulceatur
1677 2112 1687 2127 ,
1705 2088 1742 2120 &

332 2147 371 2169 ea
384 2135 511 2168 ratione
523 2132 670 2167 animalis
685 2131 924 2168 conservationi
938 2146 1101 2171 caveatur.
1116 2133 1229 2169 Sensus
1244 2135 1331 2169 enim
1349 2134 1484 2180 quidsm
1499 2134 1518 2168 Ξι
1529 2133 1619 2181 gustu
1633 2133 1743 2167 diver-

333 2184 380 2220 sus
394 2182 470 2218 huic
488 2180 687 2217 membrana:
713 2184 862 2217 interiori
880 2188 912 2220 δε
930 2183 1050 2233 rugosae
1072 2183 1182 2219 irfidet
1194 2213 1202 2227 ‚
1223 2196 1289 2228 quo
1303 2183 1407 2217 multa
1425 2184 1523 2217 etiam
1540 2180 1690 2230 insipida,
1703 2192 1740 2216 ut

332 2234 530 2269 mercurium
544 2233 624 2267 vitae
639 2260 648 2274 ,
661 2243 712 2266 aut
730 2230 825 2267 flores
840 2234 1012 2268 antimoni]
1033 2235 1136 2270 strtim
1151 2246 1184 2268 ut
1207 2232 1262 2268 fibi
1287 2232 1400 2268 inst-sta
1418 2233 1604 2265 vomitione
1632 2232 1738 2279 ejicit:

333 2283 421 2329 quo-i
436 2279 661 2316 membranam
671 2280 841 2317 nervosam
853 2287 885 2319 ἃ
899 2284 1041 2318 mediam
1055 2283 1215 2331 particulae
1226 2296 1280 2317 aut
1294 2283 1524 2329 pliarmaci,aut
1537 2282 1655 2314 veneni
1668 2279 1738 2314 vel-

333 2331 430 2367 licent
445 2360 454 2372 ,
477 2330 600 2379 spiritus
612 2334 757 2374 irritent,
771 2337 803 2368 ὃ(
818 2331 1044 2370 membranam
1053 2332 1217 2371 camos-lm
1227 2331 1319 2370 fibris
1329 2330 1544 2369 validioribus
1555 2330 1738 2365 instructam

330 2381 371 2417 ad
395 2381 586 2428 ejiciendum
603 2380 728 2419 hostem
739 2381 926 2421 sollicitent.
