1878 2724
371 150 417 183 74
706 134 973 171 PHYSICAE
1013 137 1353 173 rGENERALIS

420 187 535 220 Tertio
543 187 642 220 mixta
656 197 793 232 corpora
804 213 813 228 ,
826 196 965 231 quorum
974 187 1078 220 minus
1090 186 1184 221 firma
1212 187 1256 221 est
1270 189 1436 223 concretio
1448 216 1457 232 ,
1485 199 1568 236 aqua
1589 200 1738 237 permeat
1753 199 1769 236 ;

368 239 401 271 δε
425 233 535 277 solvit,
554 245 654 281 atque
672 245 710 267 ex
730 235 766 268 iis
777 233 868 268 velut
885 234 1031 281 quaedam
1043 246 1189 270 ramenta
1204 242 1237 273 &
1250 239 1397 272 minutias
1411 236 1552 282 delibat,
1573 238 1636 273 hoc
1650 242 1762 289 utique

367 283 492 318 facilius
504 313 511 327 ‚
524 296 590 329 quo
603 294 685 329 aqua
702 283 748 316 est
758 282 893 319 calidior
908 311 918 326 ,
931 288 964 319 &
974 294 1077 318 mixta
1099 283 1170 318 sunt
1181 283 1313 325 laxiora,
1329 289 1419 323 Nam
1432 300 1517 336 aqua
1531 290 1605 337 igne
1622 291 1759 334 acuitur3

365 331 454 376 sales,
468 345 502 367 ut
512 334 650 366 diximus
665 361 674 375 ,
689 333 848 380 imprimis
864 330 1001 368 exsolvit
1011 362 1021 377 ,
1031 332 1268 382 vegetabilium
1283 347 1367 383 pene
1380 339 1526 372 omnium
1538 340 1623 371 vires
1639 339 1759 384 induit,

365 383 529 424 tianuras‚
539 393 574 415 ut
590 381 765 428 loquuntur
778 412 788 426 ,
804 388 838 420 &c
852 385 1015 417 tenuiores
1023 395 1133 430 partes
1153 382 1252 432 longa
1268 383 1424 421 infusione
1439 393 1472 423 ὅ(
1486 386 1683 423 decoctione
1695 388 1757 423 eli..

364 432 407 464 cit
418 446 427 473 3
444 443 485 465 ne
505 429 645 465 metallis
660 431 794 478 quidem
809 434 930 481 parcit:
950 435 1093 467 maxime
1107 445 1180 467 cum
1202 432 1313 467 salium
1332 434 1451 469 aculeis
1474 448 1615 472 armatur
1643 451 1651 473 :
1668 438 1757 485 quod

361 479 496 526 quidem
514 479 583 516 fieri
605 481 656 514 vix
669 478 765 528 posfit
779 511 790 525 ,
806 481 863 517 nifi
883 493 976 530 aquae
994 481 1159 530 particulae
1177 484 1210 518 in
1228 484 1293 531 jugi
1314 494 1409 518 motu
1426 483 1601 522 versentur.
1626 488 1688 521 Sed
1713 488 1756 522 de

360 527 568 573 solutione,&
580 529 650 564 aliis
662 542 731 577 quae
748 531 788 565 ad
808 543 899 579 aquae
915 533 999 566 vires
1014 534 1182 580 pertinent
1198 543 1252 575 ,ut
1265 532 1305 566 de
1322 531 1406 567 illius
1424 536 1585 582 gravitate
1600 540 1634 571 ὃ(
1646 534 1756 571 fluidi-

361 589 426 613 tate
436 607 447 622 ‚
464 577 589 613 uberius
603 579 710 628 postea
724 577 909 615 differemus
920 597 929 625 3
939 593 1047 628 neque
1069 583 1159 616 enim
1173 581 1329 616 confundi
1343 581 1444 617 debet
1460 596 1566 619 rerum
1581 587 1753 622 afflatio:

358 640 445 664 nunc
463 640 623 677 perpauca
635 628 676 662 de
692 639 775 665 terra
787 641 824 665 ur
840 630 887 665 est
906 631 984 678 quid
1011 628 1189 676 miscibile,
1205 629 1423 678 subjiciamus,

940 729 996 763 De
1018 731 1132 766 Terra.

385 823 488 872 Qod
507 826 539 859 in
561 823 760 862 resolutione
776 838 957 864 extremum
974 839 1142 873 remanet,
1158 840 1266 877 neque
1288 830 1320 864 in
1335 840 1425 863 auras
1442 828 1583 866 difflatur
1597 860 1607 875 ,
1625 830 1678 866 sed
1696 830 1751 867 sua

352 873 482 909 fixitate
510 876 686 912 immotum
713 877 835 925 perstat
848 907 858 923 ,
887 879 919 913 id
941 889 1059 913 terram
1083 877 1220 913 solemus
1233 877 1417 926 appellare,
1432 881 1522 927 quod
1533 883 1567 917 in
1578 892 1661 915 terra
1677 880 1750 917 vul-

351 925 420 972 gari
434 952 444 967 ,
460 929 492 960 &
511 923 580 959 fixis
602 925 793 974 corporibus
807 927 870 963 hoc
885 927 1086 963 elementum
1099 929 1242 964 maxime
1258 928 1463 963 dominetur:
1475 941 1511 964 ut
1521 932 1553 965 in
1572 928 1751 979 lapidibus,

352 973 504 1017 metallis,
521 980 555 1011 &
567 976 604 1008 iis
614 975 767 1011 omnibus
786 989 860 1025 quae
877 979 946 1014 vim
965 979 1047 1026 ignis
1065 977 1224 1027 spernunt.
1248 977 1337 1012 Cum
1351 989 1389 1012 ex
1403 978 1563 1013 cineribus
1579 978 1620 1014 sal
1639 982 1748 1015 omnis

351 1034 408 1070 per
425 1021 613 1059 affufionem
631 1037 723 1072 aquae
747 1025 875 1071 calidae,
894 1038 929 1063 ut
945 1028 980 1062 in
995 1027 1112 1062 lixiviis
1131 1027 1201 1063 fieri
1221 1025 1322 1070 solet,
1341 1029 1479 1063 omnino
1501 1030 1661 1064 extra6ms
1680 1029 1746 1073 est,

350 1072 441 1119 quod
460 1073 608 1108 u'timum
620 1086 778 1119 remanet,
796 1079 922 1125 &ignis
938 1078 972 1111 vi
990 1077 1105 1112 destrui
1119 1090 1189 1113 non
1198 1075 1302 1126 potest
1312 1104 1322 1119 ,
1336 1076 1368 1110 id
1383 1088 1499 1112 terram
1511 1079 1718 1113 nominamus
1733 1091 1743 1113 ε

350 1121 438 1168 quod
448 1122 564 1157 nullius
578 1122 647 1157 usus
661 1123 759 1173 vulgo
771 1124 931 1161 habeatur
941 1155 951 1170 ,
964 1124 984 1161 ἐι
1002 1125 1170 1175 Chymicis
1189 1137 1280 1160 terra
1300 1125 1469 1170 damnata,
1481 1125 1524 1160 ab
1536 1126 1606 1161 aliis
1621 1154 1631 1166 ,
1647 1136 1752 1176 caput.

348 1180 506 1205 mortuum
528 1184 703 1209 VOleatUr.

386 1220 486 1267 Cujus
510 1220 619 1268 figurae
636 1221 694 1256 sint
707 1233 798 1258 terrae
819 1227 947 1269 atomi,
976 1227 1123 1261 divinare
1137 1237 1204 1259 non
1223 1222 1382 1273 possumus
1398 1237 1407 1259 z
1433 1223 1465 1256 id
1483 1235 1583 1257 unum
1615 1224 1743 1260 constat

349 1279 400 1302 eas
415 1267 475 1302 else
489 1269 666 1304 admodum
691 1269 767 1305 fixas
787 1277 821 1309 &
841 1273 976 1310 solidas:
993 1288 1065 1309 cum
1081 1276 1162 1323 ignis
1174 1275 1206 1307 vi
1226 1276 1260 1307 in
1280 1284 1370 1307 auras
1389 1270 1502 1306 difflari
1522 1285 1588 1307 non
1611 1272 1741 1320 poffinr,

346 1329 485 1365 cumque
500 1318 644 1363 durities,
663 1318 786 1366 fimas,
803 1321 945 1358 soliditas
957 1323 977 1360 ὲ
991 1335 1085 1366 terra,
1110 1334 1228 1370 magna
1248 1334 1288 1357 ex
1301 1332 1393 1370 parte
1411 1320 1557 1358 ducatur.
1580 1322 1632 1356 Est
1651 1324 1740 1358 enim

346 1365 543 1414 reliquorum
562 1367 768 1405 miscibilium
782 1370 873 1406 velut
888 1371 966 1407 bafis
986 1379 1020 1411 δ(
1037 1372 1285 1408 fundamentum
1303 1382 1311 1404 z
1325 1371 1400 1406 hinc
1415 1382 1532 1419 magna
1549 1369 1633 1405 illius
1649 1370 1741 1406 ficei-

346 1426 394 1450 tas
406 1445 415 1459 ,
434 1415 522 1451 nulla
542 1418 623 1452 adeo
634 1421 779 1467 partium
795 1421 928 1457 cohaefio
945 1437 952 1459 :
972 1423 1049 1459 hinc
1064 1423 1163 1457 etiam
1177 1421 1302 1470 pondus
1318 1422 1422 1469 magis
1436 1432 1536 1468 quarn
1550 1432 1589 1455 ex
1607 1432 1691 1468 aqua
1703 1426 1741 1459 δε

342 1463 413 1499 aliis
424 1465 595 1501 elementis
606 1468 824 1516 proficiscitur.
1746 1486 1749 1489 ’

383 1515 447 1548 Sed
462 1515 606 1564 plerique
627 1518 782 1567 Chymici
790 1534 962 1570 opponunt
976 1533 1094 1557 terram
1105 1523 1212 1569 potius
1230 1518 1530 1569 levitatem,quam
1561 1521 1737 1556 ravitatem

342 1566 452 1598 mixtis
463 1565 654 1614 corporibus
668 1567 812 1604 tribuere
824 1587 833 1613 ;
845 1571 917 1619 plus
927 1574 1017 1606 enim
1028 1584 1070 1606 ex
1085 1569 1209 1613 subere,
1229 1583 1260 1605 v.
1281 1571 1324 1605 dn
1338 1572 1440 1617 liege,
1450 1571 1515 1604 levi
1541 1580 1622 1612 imo,
1635 1581 1735 1617 quam

341 1625 380 1647 ex
392 1612 538 1658 hebeno,
554 1627 609 1650 aut
623 1618 758 1665 guaiaco
769 1648 779 1662 ,
790 1631 988 1668 autquercu‚
1006 1632 1078 1668 quae
1096 1618 1165 1654 sunt
1181 1618 1268 1669 ligna
1282 1608 1487 1670 gravissima,
1508 1629 1601 1653 tetrae
1624 1619 1735 1653 educi·

340 1673 408 1706 tur,
422 1674 522 1710 atque
535 1676 573 1698 ex
584 1664 678 1714 lignis
698 1668 883 1715 ponderofis
895 1669 1035 1704 multum
1050 1668 1119 1703 salis
1130 1674 1163 1705 &
1184 1682 1291 1716 aquae,
1310 1682 1479 1717 perparum
1495 1679 1587 1702 terrae
1603 1667 1733 1717 colligi-

340 1722 401 1747 tur.
422 1713 555 1748 Addunt
567 1714 805 1763 hydrargyrum
821 1720 951 1765 gravius
971 1717 1033 1753 effe
1045 1729 1128 1752 terra
1148 1717 1289 1765 vulgari:
1308 1729 1381 1751 curn
1398 1720 1423 1750 is
1435 1730 1520 1764 aqua
1536 1716 1693 1752 abundet.

375 1763 466 1808 Resp.
479 1774 517 1795 ex
534 1762 628 1810 liguis
636 1763 822 1810 ponderofis
840 1765 1017 1814 plurimum
1036 1765 1124 1807 olei,
1137 1771 1170 1801 &
1186 1765 1255 1799 salis
1272 1766 1344 1800 elici
1359 1795 1367 1808 ,
1382 1777 1454 1812 quae
1478 1764 1616 1799 multum
1639 1775 1730 1800 terrae

337 1812 521 1845 continent.
542 1813 617 1847 Nec
634 1811 765 1848 dubium
779 1814 822 1848 est
839 1818 917 1862 quin
940 1815 1140 1864 hydrargyro
1159 1827 1277 1863 magna
1294 1812 1364 1849 infit
1382 1826 1474 1849 terrae
1491 1819 1523 1849 δε
1540 1813 1609 1849 salis
1621 1817 1730 1863 copia:

337 1860 445 1892 cumis
460 1858 494 1893 sir
505 1888 514 1902 ‚
525 1872 560 1894 ut
574 1861 743 1909 Chymicis
756 1863 861 1912 placet
876 1867 1076 1908 ,communis
1091 1863 1298 1899 metallorum
1309 1865 1470 1899 nrteries.
1489 1866 1611 1910 Neque
1623 1864 1656 1897 id
1665 1864 1741 1899 du,

337 1905 429 1942 bium
440 1907 487 1942 est
498 1911 578 1955 quin
597 1922 688 1945 terrae
697 1912 882 1960 corpuscula
898 1914 959 1949 fixa
970 1913 1028 1949 sint
1041 1943 1050 1957 ,
1064 1919 1097 1950 &
1107 1912 1205 1948 solida
1222 1927 1228 1948 z
1244 1911 1367 1948 tametfi
1379 1913 1542 1947 interdum
1560 1914 1662 1946 mixta
1676 1913 1727 1947 ef-

336 1955 448 1991 ficiant
459 1957 600 1992 leviora:
618 1958 681 1995 five
700 1972 737 1994 ea
750 1961 885 2009 globosa
896 1962 955 1998 fint
971 1994 980 2008 ,
992 1974 1029 1998 ur
1044 1961 1208 1997 nonnullis
1220 1963 1344 1998 videtur
1355 1960 1436 2007 3five
1445 1974 1481 1996 ut
1496 1973 1600 1996 arenae
1609 1973 1724 2009 granu-

337 2005 366 2040 la
379 2035 388 2048 ,
402 2007 608 2053 inaequa’ibus
621 2009 742 2058 angulis
764 2010 967 2048 &lateribus
989 2013 1135 2047 constent
1154 2026 1161 2047 ε
1177 2024 1249 2059 quae
1272 2025 1343 2047 cum
1372 2010 1549 2060 permultos
1568 2011 1723 2047 inducant

334 2067 445 2102 poros,
464 2068 578 2104 corpus
590 2060 694 2093 minus
705 2058 842 2095 solidum
855 2067 887 2098 &
899 2064 1107 2111 compadfhim
1122 2059 1280 2100 efficiunt,
1291 2064 1379 2098 Nam
1395 2063 1497 2096 mixta
1508 2071 1643 2107 corpora
1654 2089 1664 2104 ,
1687 2067 1722 2097 δε

334 2107 489 2152 imprimis
504 2108 578 2140 vitae
592 2111 758 2156 compotia
770 2138 779 2151 ‚
796 2111 904 2146 multis
917 2115 1004 2159 poris
1017 2109 1077 2146 effe
1093 2112 1206 2159 pervia
1224 2109 1346 2146 necesse
1360 2110 1403 2145 est
1417 2140 1426 2153 ,
1446 2121 1482 2144 ut
1494 2121 1565 2157 quae
1585 2106 1655 2144 sunt
1673 2109 1723 2145 su-

333 2153 454 2202 perflua
472 2166 741 2205 excernant-‚quae
755 2157 813 2193 fibi
836 2171 912 2208 apta
929 2160 996 2196 sunt
1008 2166 1042 2197 δε
1059 2161 1306 2195 accommodata
1325 2162 1508 2209 excipiant3
1533 2157 1720 2195 exhaustum

332 2215 480 2249 reparent
490 2203 676 2249 humorem,
691 2219 726 2241 ac
739 2208 878 2256 denique
889 2222 1001 2245 mutua
1014 2212 1100 2244 inter
1111 2209 1140 2244 se
1155 2222 1325 2244 exerceant
1343 2209 1549 2244 commercia.

368 2255 468 2288 Terra
488 2254 519 2287 in
533 2255 637 2289 mixto
647 2255 849 2293 diffluentem
859 2259 1030 2294 humorem
1042 2258 1134 2302 sistit3
1149 2261 1256 2295 aeriva
1273 2260 1429 2307 principia
1439 2286 1448 2300 ‚
1459 2268 1530 2303 quae
1548 2255 1568 2290 fi
1584 2256 1648 2291 sola
1669 2257 1719 2292 es..

333 2300 403 2335 sent
420 2330 428 2344 ‚
446 2306 479 2336 in
494 2302 524 2336 se
534 2316 661 2339 mutuas
679 2309 763 2341 vires
775 2320 940 2344 exererent
953 2338 962 2352 ‚
979 2321 1140 2357 temperat
1155 2315 1188 2345 ὃ(
1205 2309 1321 2343 dividit
1335 2325 1342 2351 3
1357 2320 1426 2354 quae
1447 2307 1581 2340 nimium
1595 2306 1717 2341 volari-

335 2350 376 2384 lia
391 2350 477 2392 sunt,
489 2351 559 2399 figit
574 2382 582 2395 ‚
594 2354 680 2389 fluxa
691 2355 827 2392 cohibet
837 2387 846 2401 ,
858 2370 896 2392 ac
907 2358 1002 2392 rebus
1020 2359 1085 2393 una
1100 2371 1174 2392 cum
1189 2357 1250 2392 sale
1276 2355 1464 2392 firmitatem
1493 2360 1527 2391 &
1546 2353 1715 2390 consisten-

335 2402 412 2434 tiam
435 2399 565 2445 tribuit3
580 2404 679 2452 idque
693 2409 832 2443 maxime
843 2436 853 2453 ,
870 2407 927 2443 ubi
939 2420 1013 2443 cum
1026 2407 1087 2444 sale
1097 2437 1107 2453 ,
1122 2407 1176 2443 vel
1187 2407 1339 2443 diuturno
1351 2436 1359 2452 ‚
1386 2405 1439 2443 vel
1453 2407 1578 2440 acriore
1606 2404 1714 2441 calore
