1878 2724
291 139 329 169 ιε,
680 125 950 167 PHYSICAE
988 129 1310 167 GENERALIS

293 177 493 228 taphyficum
511 189 632 215 vocant
644 208 654 223 ,
673 191 715 215 ex
736 181 811 214 aestu
833 184 866 215 &
885 181 1034 226 potentia
1058 178 1311 228 methaphysicis
1327 208 1336 223 ‚
1349 190 1389 215 ex
1410 187 1530 228 genere
1550 190 1582 215 v.
1598 191 1642 228 gr.
1664 185 1706 216 δὲ

291 228 477 265 differentia
505 230 632 265 constat
656 245 665 272 3
696 226 866 263 artificiale
895 226 1012 262 itidem
1039 240 1078 262 ex
1110 228 1255 277 subjecto
1281 258 1290 272 ‚
1318 234 1351 265 ἃ
1384 229 1487 264 forma
1517 228 1676 264 artificiali
1691 243 1710 266 ;;

292 291 358 315 non
376 277 511 314 dubium
531 279 577 311 est
596 279 674 324 quin
690 266 901 324 compositum
923 274 1089 323 physicum
1101 280 1289 324 expotentia
1299 276 1445 327 phyfica,
1468 277 1519 312 seu
1534 291 1571 312 ex
1593 290 1702 312 mate-

293 329 339 362 ria
366 328 473 375 prima
486 356 496 370 ‚
510 332 542 363 δι
566 327 639 360 actu
657 324 789 374 physico
803 353 813 367 ,
840 324 949 358 forma
979 323 1100 359 scilicet
1122 325 1280 360 confletur
1297 342 1304 362 :
1319 326 1491 375 praesertim
1503 338 1576 362 cum
1596 330 1629 363 in
1662 340 1700 362 ea

293 376 416 411 ultimo
438 375 633 420 resolvatur,
655 375 867 422 quantumvis
891 373 923 407 id
940 372 1072 423 simplex
1093 372 1197 408 sinaut
1215 386 1383 422 parvum,
1408 379 1463 411 uti:
1470 381 1538 425 jam
1555 377 1703 413 ostendi-

306 437 391 461 mus.

335 475 382 508 At
408 485 446 508 ue
471 473 540 508 haec
552 471 592 507 de
605 475 772 521 principiis
791 486 964 522 corporum
979 475 1014 508 in
1023 471 1206 509 universum
1217 486 1254 508 ex
1272 471 1451 509 Aristotelis
1471 485 1584 509 mente
1599 475 1705 525 expli-

299 532 372 556 cata
384 486 461 558 (sunt
476 520 632 569 ejusmodi
657 551 667 566 ,
690 535 726 557 ut
741 526 798 559 vix
818 526 996 571 quicquam
1015 521 1220 571 probabilius
1235 522 1341 558 afferri
1357 521 1461 570 poffit-
1495 524 1704 571 Qantquam

301 574 422 607 merito
438 569 578 606 dubitari
594 572 701 620 potest
716 585 783 615 ‚an
800 575 907 621 prima
929 583 1048 608 naturae
1069 573 1229 621 principia
1243 601 1252 615 ‚
1270 583 1374 619 eaque
1397 569 1622 618 simpliciffima
1643 586 1706 616 3a11

302 623 410 669 potius
426 618 524 655 nob-is
537 620 698 658 notiffima
708 650 718 665 ‚
729 626 762 658 &
777 635 820 657 ex
836 621 950 669 quibus
962 623 1071 657 omnis
1086 623 1233 669 cognitio
1253 632 1369 656 naturae
1383 621 1517 655 ducatur
1531 622 1708 662 ,³Aristote-

302 670 350 706 les
368 668 530 716 explicare
547 669 610 705 hoc
629 670 703 705 loco
715 700 725 714 ,
743 676 776 708 δε
790 670 906 706 afferre
923 670 1079 707 voluerit.
1101 671 1138 704 Id
1164 673 1254 706 enim
1273 683 1339 706 non
1353 669 1489 705 absurde
1514 669 1621 705 forsan
1635 674 1708 706 viro

303 717 486 755 acutiffimo
500 719 629 754 videtur
644 749 654 764 ‚
673 720 884 755 Aristotelem
898 722 931 755 in
948 720 996 756 his
1019 719 1107 755 libris
1128 730 1163 755 ut
1188 721 1371 769 magistrum
1384 749 1394 763 ,
1414 724 1449 756 &
1464 719 1634 754 doeiomm
1657 733 1708 755 rea

302 781 375 803 rum
401 770 560 817 principia
582 765 756 818 exposuisse
771 798 781 812 ‚
797 780 897 816 atque
913 782 950 804 ea
968 782 1040 817 quae
1061 771 1165 818 magis
1191 768 1262 805 sunt
1280 768 1380 804 obvia
1395 797 1405 812 ,
1418 781 1485 804 non
1507 767 1686 816 synthetica
1699 798 1709 814 ‚

303 817 358 854 sed
370 817 703 866 analytica-methodo
721 817 891 855 tradidiffe.
911 821 1031 865 Neque
1042 818 1125 853 hanc
1135 817 1198 854 effe
1214 821 1338 855 rectam
1355 818 1496 853 docendi
1516 817 1710 855 methodum

304 867 552 910 existimavit,ut
564 867 606 902 ab
622 870 658 902 iis
669 867 793 916 semper
807 866 965 916 quaesunt
980 865 1206 917 fimpliciffima
1217 897 1227 911 ,
1245 868 1417 903 exordium
1434 879 1610 915 caperetur.
1627 869 1710 902 Non

306 918 408 955 enim,
423 917 533 963 inquit
547 916 606 951 lib.
619 932 660 965 ς..
677 916 866 967 Metaphys.
885 918 904 951 ἃ
923 919 1026 966 primo
1051 919 1272 966 rei-principio
1299 916 1475 964 aliquando
1495 915 1710 951 inchoandum

305 965 348 1010 est
362 993 369 1003 ‚
381 964 442 1010 fid
458 965 542 1000 unde
563 971 636 1013 quis
645 966 777 1010 fhcilz'us
798 968 899 1013 distat
913 982 924 1000 .·
946 971 980 1003 &
994 967 1111 1002 eod-em
1127 968 1160 1001 in
1181 966 1257 1001 leco
1276 968 1379 1002 varias
1402 967 1632 1014 principiorum
1655 979 1708 1000 ac.;

306 1015 475 1061 ceptiones
491 1013 598 1050 affert.
613 1015 770 1050 Omnibus
783 1044 793 1058 ‚
806 1018 916 1063 inquit
928 1044 938 1059 ,
952 1018 1122 1064 principiis
1138 1028 1298 1051 commune
1311 1015 1367 1053 effi,
1393 1016 1446 1062 effe
1465 1017 1606 1062 primum
1625 1015 1712 1049 unde

308 1063 456 1109 aliquid.
478 1074 537 1097 ant
550 1064 610 1110 est3
630 1069 730 1111 (ecce
743 1066 902 1113 principia
916 1063 1183 1113 compofitionis;
1202 1067 1214 1108 )
1241 1075 1298 1099 aut
1316 1063 1417 1109 fit;⁷(
1439 1065 1598 1111 principia
1622 1063 1711 1099 forte

306 1113 428 1155 afflva,
447 1123 484 1146 ut
501 1113 673 1159 qualitates
692 1114 950 1157 elementorum,
965 1113 1049 1148 autfi
1060 1113 1173 1156 malis,
1184 1115 1340 1161 principia
1349 1115 1569 1160 generationis
1586 1112 1712 1147 intelli.

307 1161 378 1209 git)
401 1170 457 1193 aut
471 1164 686 1209 cognoscitur:
710 1174 747 1196 ac
770 1163 811 1196 de
830 1163 877 1198 his
893 1161 1093 1211 potiffimum
1115 1164 1147 1197 in
1168 1160 1307 1210 Physicis
1331 1173 1428 1209 agere
1451 1161 1599 1197 instituit.
1622 1164 1729 1198 Nam<

308 1209 356 1243 ibi
372 1208 542 1256 discipulos
564 1210 755 1245 erudiendos
774 1210 900 1258 suscipit
916 1211 1020 1256 3unde
1031 1216 1064 1248 &
1078 1211 1113 1245 hi
1131 1210 1208 1245 libri
1227 1210 1443 1246 inscribuntur
1457 1210 1498 1243 de
1516 1209 1648 1258 physico
1657 1224 1713 1246 au³

310 1258 393 1292 ditu.
416 1259 584 1294 DoCAEriuae
595 1259 776 1301 adeo,non
795 1259 888 1308 ipsius
911 1270 1043 1294 naturae‘
1060 1259 1254 1295 methodum
1276 1258 1366 1306 sequi
1391 1258 1537 1303 videtur,
1560 1263 1594 1296 &
1617 1258 1712 1294 abiis

311 1319 381 1355 quae
400 1306 471 1341 sunt
493 1310 631 1342 maxime
649 1307 805 1343 sensibilia
817 1338 826 1352 ,
843 1310 974 1343 initium
991 1321 1118 1357 capere,

349 1356 452 1402 Qod
470 1355 490 1389 sl
511 1358 553 1391 ita
566 1355 601 1391 fit
613 1387 621 1400 ,
631 1360 788 1406 principia
811 1357 958 1406 cujusque
972 1360 1018 1392 rei
1039 1359 1188 1407 propria,
1203 1363 1235 1395 ὃ(
1260 1358 1448 1393 immediata
1460 1387 1470 1402 ‚
1484 1371 1550 1393 non
1564 1370 1691 1394 remora
1701 1388 1712 1403 9

312 1404 365 1439 sed
376 1417 446 1452 quae
462 1406 496 1440 in
516 1408 562 1439 rei
583 1406 672 1454 ipiius
696 1409 923 1456 cognitionem
943 1420 1002 1442 nos
1024 1408 1147 1443 ducunt
1162 1437 1171 1451 ‚
1191 1407 1384 1443 Aristoteles
1403 1407 1529 1443 videtur
1558 1407 1621 1443 hoc
1640 1407 1729 1444 loco-

313 1452 498 1501 exposuiffe.
520 1454 736 1497 Euenus-sunt
752 1458 855 1504 prima
868 1485 877 1496 ,
892 1468 1052 1504 qua-tenus
1069 1456 1139 1493 sunt
1149 1461 1311 1505 proxima.
1343 1459 1395 1491 Sic
1418 1469 1458 1491 ex
1472 1455 1579 1492 forma
1597 1460 1714 1504 cuique

313 1505 361 1537 rei
385 1506 527 1551 propria,
547 1518 614 1540 non
636 1504 965 1553 ex-universal-i,quae
982 1505 1071 1541 nulla
1088 1505 1336 1555 est‚comp,ofiti
1357 1508 1442 1542 ratio
1454 1535 1464 1550 ,
1482 1512 1515 1543 &t
1534 1519 1649 1542 natura
1662 1508 1714 1542 in-

292 1553 293 1556 ’
314 1551 454 1587 notescit
471 1570 480 1596 3
498 1552 679 1602 formaipsa
699 1567 736 1589 ex
753 1566 840 1589 certa
854 1560 888 1591 ὃς
905 1555 1119 1590 determinata
1145 1555 1231 1590 illius
1252 1555 1609 1604 materiacognosc-itur
1625 1573 1634 1599 ς
1652 1569 1714 1591 nec

314 1603 457 1649 privatio
470 1605 639 1637 materiam
658 1606 748 1638 omni
769 1603 875 1638 forma
888 1632 897 1646 ,
918 1615 975 1638 aut
992 1615 1088 1647 ente,
1108 1603 1162 1638 sed
1178 1603 1234 1639 tali
1256 1605 1364 1639 forma
1384 1607 1490 1640 exuit.
1514 1607 1622 1652 Atque
1647 1605 1714 1640 haec

313 1649 386 1685 filnt
396 1652 498 1698 prima
509 1653 663 1699 principia
682 1655 716 1687 in
733 1652 886 1687 doCtrinae
901 1653 1016 1687 ordine
1031 1667 1038 1687 :
1055 1666 1163 1699 neque
1180 1656 1271 1688 enim
1294 1653 1509 1701 compositum
1523 1683 1533 1698 ‚
1551 1666 1608 1688 aut
1629 1654 1714 1690 illius

315 1699 458 1734 formam
475 1699 675 1746 perspedhm
686 1700 807 1735 habere
825 1700 948 1747 poss‘um
959 1728 968 1742 ‚
986 1701 1043 1734 nisi
1055 1705 1225 1735 materiam
1236 1703 1374 1734 omnino
1388 1703 1509 1734 nudam
1521 1729 1531 1743 ‚
1549 1707 1583 1737 &
1604 1705 1713 1748 privar

316 1761 385 1782 tam
398 1748 449 1782 sua
463 1749 570 1783 forma
584 1761 660 1783 ante
673 1748 729 1785 sim
744 1747 995 1795 contemplatus.
1011 1751 1101 1784 Nam
1114 1747 1134 1781 fi
1145 1748 1245 1782 velim
1260 1748 1424 1796 horologii
1434 1748 1617 1783 sttufihiram
1631 1779 1640 1792 ,
1658 1762 1715 1786 aut

317 1797 466 1832 formam·
487 1797 680 1845 cognoscere
699 1826 709 1841 ,
740 1808 846 1845 partes
861 1808 975 1831 omnes
1001 1794 1138 1832 seorsum
1161 1796 1316 1845 speetabo
1330 1825 1340 1839 ,
1359 1802 1392 1833 &
1411 1809 1545 1833 omnem
1571 1809 1713 1836 rotarum

319 1857 513 1893 compagem
528 1845 696 1882 diffolvam
708 1847 940 1890 ‚utmatetiam
962 1844 1016 1882 sua
1031 1846 1139 1881 forma
1159 1858 1290 1882 exutam
1301 1844 1510 1882 considerem.
1531 1848 1584 1880 Sic
1605 1849 1713 1895 priva-

321 1897 368 1928 tio
379 1894 490 1930 saltem
510 1897 595 1931 inter
608 1898 803 1945 cognitionis
819 1896 996 1944 principia,
1018 1908 1091 1942 quae
1107 1894 1303 1943 potissimum
1322 1895 1384 1930 hoc
1415 1894 1490 1930 loco
1514 1894 1713 1943 persequitur

321 1943 510 1978 Aristoteles
523 1973 532 1987 ,
553 1948 640 1981 recte
659 1957 856 1981 numeratur.
877 1946 965 1981 Nam
984 1957 1031 1980 exr
1041 1946 1226 1993 privatione
1253 1947 1442 1989 materiam,
1464 1950 1498 1982 δε
1519 1957 1558 1981 ex
1578 1956 1712 1995 utraque

322 1993 464 2028 formam
475 1995 704 2042 cognoscimus.

358 2044 439 2076 Haec
451 2041 524 2079 sane
535 2057 650 2093 magna
669 2057 706 2079 ex
722 2053 812 2093 parte
826 2057 903 2079 vera
921 2043 982 2079 effe
995 2045 1222 2080 concedimus:
1241 2044 1294 2080 sed
1304 2055 1411 2079 tamen
1427 2051 1547 2093 negare
1561 2056 1628 2079 non
1638 2044 1713 2093 poss

324 2091 428 2126 sumus
440 2121 449 2135 ‚
462 2095 539 2134 quin
553 2098 687 2129 materia
701 2093 812 2128 saltem
828 2123 836 2134 ,
848 2099 880 2131 &
892 2095 997 2129 form}
1016 2092 1074 2128 sint
1089 2108 1154 2129 non
1175 2095 1272 2128 modo
1289 2095 1485 2139 cognitionis
1506 2094 1613 2128 nostroe
1624 2122 1634 2136 ,
1657 2094 1711 2128 sed

323 2143 423 2175 etiam
438 2143 547 2190 prima·
557 2152 676 2179 naturae
689 2145 866 2192 principia:
884 2153 958 2179 cum
973 2147 1004 2178 iu
1019 2154 1056 2177 ea
1079 2143 1196 2179 ultimo
1211 2141 1347 2192 corpora
1364 2140 1591 2192 siuipliciffima
1610 2141 1713 2177 resol-

325 2202 455 2227 vantur.

867 2243 1049 2276 Solvuntur
1067 2241 1260 2283 objec‘ssioncs.

365 2337 448 2384 OpP·
471 2353 491 2374 1.
506 2339 646 2376 formam
663 2341 730 2377 fieri
748 2343 933 2376 exmateria
951 2356 958 2376 ε
978 2353 1055 2386 ergo
1072 2342 1122 2376 vel
1145 2342 1247 2376 forma
1263 2352 1330 2375 non
1347 2339 1393 2372 est
1418 2339 1611 2386 principium
1626 2366 1633 2379 ,
1652 2339 1710 2373 vel

330 2385 414 2419 male
425 2386 461 2419 de
469 2387 622 2427 finiuntur
632 2393 871 2440 principia‚quae
891 2403 999 2439 neque
1014 2404 1055 2429 ex
1066 2392 1138 2429 aliis
1152 2391 1232 2429 fiunt
1245 2418 1256 2435 ‚
1272 2401 1380 2437 neque
1390 2400 1428 2424 ex
1438 2388 1469 2424 se
1481 2390 1621 2424 invicem
1635 2416 1644 2429 ‚
1657 2386 1710 2421 sed

329 2446 366 2468 ex
382 2437 418 2469 iis
433 2439 556 2474 onmia.
1621 2438 1709 2485 Rey'p,
