1878 2724
373 152 450 192 534‘
577 138 950 187 „Pl-leicAE
992 139 1134 175 PARS
1182 138 1476 177 SECUNDA.

371 205 420 229 res
439 198 456 225 Α,
464 190 617 228 stronomi
628 191 831 239 collegerunt
847 188 1051 237 planetarum
1066 189 1215 223 ordinem
1228 216 1238 231 ,
1249 200 1352 237 atque
1364 201 1419 223 eos
1430 187 1490 226 effe
1501 186 1792 239 superiores,quo·-·*

376 256 446 279 rum
459 253 565 277 motus
595 238 757 273 stellarum
784 249 912 273 motum
929 237 1063 286 propius
1089 235 1303 284 assequuntur.
1326 238 1425 274 Unde
1446 241 1535 275 enim
1553 242 1729 275 Saturnum
1743 240 1781 274 in

377 304 426 328 ter
445 291 590 340 planet-is
613 285 792 336 longissime
810 288 829 323 ἐι
842 285 938 321 nobis
951 287 993 321 ab
1010 285 1071 322 eise
1083 315 1094 330 ‚
1109 287 1183 321 huic
1192 287 1314 333 Jovem
1355 288 1479 322 roxirne
1501 287 1620 324 subesse
1637 290 1782 324 unanimi

381 338 584 376 consensione
599 338 777 372 statuerunt
787 366 797 380 ,
815 334 869 370 nifi
880 337 971 384 quod
989 338 1142 371 Saturnus
1151 334 1297 371 citiffime
1312 299 1354 370 ab
1364 348 1437 372 ortu
1448 339 1479 372 in
1490 337 1634 373 occasum
1649 348 1783 373 movea-

382 401 441 426 tur.
467 388 556 422 Cum
575 388 672 436 igitur
690 386 886 435 postremum
903 384 980 419 illud
989 397 1125 420 cometae
1136 397 1235 434 genus
1257 384 1407 433 aequabili
1420 398 1527 430 motu,
1543 399 1648 435 eoque
1666 387 1799 421 diurno-⁴

379 448 527 487 ageretur
540 465 549 480 ,
559 437 665 484 palam
680 436 723 470 est
735 435 766 469 id
776 432 864 469 fuiffe
884 434 978 469 stellis
993 438 1192 481 proxim-nrm

417 488 505 522 Cum
515 486 572 521 ista
585 485 758 520 ederentur
769 513 779 528 ‚
797 482 914 531 scripsit
923 484 961 518 ad
978 486 1022 519 D.
1040 482 1204 519 Caffinum
1216 485 1265 518 vir
1275 481 1398 518 Clariff.
1415 485 1454 518 D.
1471 483 1692 528 Facio,lumen
1703 495 1784 519 con-

381 535 484 573 fimile
497 564 507 579 ,
526 536 603 572 &in
617 534 735 568 eodem
745 545 846 583 prope
860 533 934 567 loco
945 534 964 568 ἐι
980 532 1010 567 se
1025 532 1233 580 conspeetum
1257 534 1309 567 die
1332 546 1342 567 r
1360 545 1372 577 5
1395 532 1603 570 Februarii&
1622 533 1785 580 sequenti-

384 586 442 621 bus
454 588 612 619 Genevae.
632 584 695 618 Sed
710 585 744 617 in
762 583 810 618 his
824 583 901 617 locis
915 583 1016 616 videri
1035 583 1177 618 nondum
1189 584 1298 630 potuit
1310 609 1319 624 ‚
1337 582 1427 629 quod
1441 581 1567 617 coelurn
1582 582 1686 618 fuerit
1703 581 1799 618 sema

385 647 443 685 per
464 633 615 670 nubilum
627 638 660 670 ὃς
670 631 861 668 obscurum⁷
946 681 980 716 U
1183 646 1186 649 ¹

948 731 1002 762 De
1018 729 1119 772 stellis
1132 730 1226 775 fixis.

390 781 547 867 STellae
560 781 707 815 dicuntur
731 778 802 815 fixae
813 809 822 821 ‚
833 792 900 814 non
916 780 1005 826 quod
1020 778 1079 814 sint
1097 777 1286 813 immobiles
1299 807 1308 822 ,
1325 789 1398 813 cum
1422 778 1536 812 diurno
1563 789 1656 813 motu
1675 787 1798 812 omnes*-

448 831 490 866 ab
508 842 583 866 ortu
595 831 627 864 in
644 828 791 864 occasum
806 828 962 871 ferantur,
978 828 1028 863 (ed
1043 831 1118 876 quia
1131 828 1275 863 eundem
1287 830 1371 863 inter
1391 825 1421 862 se
1436 855 1446 870 ‚
1461 832 1495 864 &
1507 827 1714 863 constantem
1724 826 1798 860 ser-·

391 893 471 917 vaur
485 881 644 914 ordinem.
658 879 759 915 Unde
768 889 895 912 veteres
909 878 1089 914 Astronomi
1107 890 1174 912 non
1184 876 1268 912 aliud
1282 880 1420 926 primum
1433 874 1559 911 mobile
1569 876 1589 912 ἐι
1604 875 1799 911 Εῐιιιειπιειι-’

394 942 430 965 to
450 930 597 964 statuere.
612 929 658 963 Ac
669 939 781 976 praeter
796 937 925 961 caeteros
939 926 1145 974 Hipparchus
1160 928 1217 972 qui
1232 940 1284 961 120
1295 927 1386 961 annis
1396 937 1472 959 ante
1496 926 1659 960 Christum
1677 937 1799 961 natum·

392 981 497 1022 vixit,
518 989 616 1012 omne
629 975 717 1012 suum
731 976 865 1011 studium
887 978 919 1010 in
945 987 986 1009 eo
1003 974 1128 1023 posuit,
1150 986 1186 1009 ut
1210 975 1360 1022 cujusque
1376 973 1471 1008 stellae
1492 973 1698 1009 latitudinem
1715 1001 1725 1017 ,
1740 973 1801 1008 seu‘

395 1028 576 1063 distantiam
594 1024 636 1060 ab
657 1025 806 1073 ecliptica
818 1030 871 1068 ‚&
886 1024 1142 1073 longitudinem,
1163 1022 1215 1059 seu
1231 1025 1415 1059 distantiam
1436 1022 1457 1058 Ξι
1479 1025 1639 1072 principio
1653 1025 1771 1059 Arietis
1780 1031 1794 1066 ‚'

396 1088 451 1111 aut
461 1077 657 1124 aequinoffio
670 1086 777 1110 verno
791 1074 983 1122 designaret.

432 1128 473 1161 Et
483 1125 618 1172 quidem
633 1123 775 1158 latitudo
791 1123 950 1157 stellarum
963 1122 1077 1157 eadem
1087 1150 1098 1165 ‚
1114 1126 1149 1158 &
1162 1123 1331 1156 immutata
1342 1133 1455 1157 manet
1468 1151 1478 1166 ,
1496 1121 1548 1156 sed
1559 1132 1677 1170 magna
1695 1120 1727 1155 in
1737 1131 1804 1154 ea.-v

395 1187 468 1209 rum
485 1173 691 1222 longitudine
709 1171 827 1206 accidit
840 1173 1092 1219 mutatio,quam
1103 1173 1223 1219 primus
1237 1170 1449 1219 deprehendit
1465 1171 1669 1220 Hipparchus
1685 1185 1694 1212 3
1713 1180 1802 1204 con-·

397 1223 542 1259 firmavit
566 1221 766 1264 Prolemaeus,
778 1223 836 1267 qui
847 1220 1070 1268 abHipparchi
1081 1231 1230 1268 tempore
1243 1220 1347 1255 stellas
1361 1234 1375 1255 2
1388 1219 1535 1269 gradibus
1547 1218 1589 1254 ab
1599 1220 1794 1267 aequinoffio

398 1285 502 1307 verno
516 1270 643 1319 longius
659 1270 771 1304 distare
791 1271 971 1317 comperit,
993 1281 1090 1316 quam
1108 1269 1254 1303 ducentis
1272 1280 1348 1303 ante
1368 1271 1458 1303 annis
1481 1268 1686 1316 Hipparchus
1708 1266 1804 1301 defi-¹
1832 1280 1835 1282 ·

398 1322 505 1357 nierat
522 1333 529 1355 :
551 1319 635 1354 unde
649 1330 701 1352 eas
721 1320 853 1366 proprio
872 1329 963 1352 motu
972 1317 1013 1351 ab
1026 1315 1137 1352 occasu
1151 1320 1184 1352 in
1198 1328 1305 1352 ortum
1319 1316 1356 1350 sic
1371 1316 1448 1352 ferri
1464 1318 1584 1360 statuit,
1596 1329 1633 1351 ut
1643 1328 1804 1363 unoquo-⁴

399 1381 463 1417 que
489 1367 602 1403 saeculo
613 1379 715 1402 unum
736 1366 868 1415 gradum
882 1364 1024 1401 efficiant
1036 1395 1045 1409 ,
1065 1371 1099 1403 &
1118 1368 1202 1401 intra
1219 1368 1329 1409 36000
1340 1377 1441 1401 annos
1459 1367 1630 1415 periodum
1640 1364 1726 1400 suam
1736 1363 1796 1399 ab-

400 1418 537 1454 solvant.
554 1418 708 1464 Cumque
719 1416 740 1451 ἐι
756 1415 924 1451 Ptolemaei
937 1426 1085 1463 tempore
1099 1418 1138 1451 28
1149 1414 1303 1464 gradibus
1326 1415 1488 1450 stellarum
1510 1414 1678 1463 longitudo
1700 1415 1803 1449 auffl'

402 1468 502 1503 fuerit
515 1496 524 1510 ‚
533 1465 585 1501 sed
601 1478 710 1500 tamen
724 1478 789 1500 non
799 1464 948 1511 aequabili
959 1475 1048 1499 motu
1058 1493 1067 1507 ‚
1081 1464 1158 1499 hinc
1170 1464 1293 1500 fastum
1304 1463 1349 1498 est
1360 1460 1395 1499 ut
1407 1464 1489 1499 hanc
1505 1465 1673 1512 periodum
1683 1463 1803 1498 Astros

401 1518 494 1553 nomi
505 1517 593 1551 varie
604 1513 799 1550 definierint.
811 1513 991 1562 Alphonsus
1002 1515 1076 1547 Rex
1091 1515 1275 1562 Arragoniae
1292 1525 1363 1547 eam
1376 1513 1478 1562 spatio
1493 1523 1607 1559 49000
1625 1520 1803 1555 annorum,³

404 1567 603 1612 Coperriicus
620 1566 702 1599 intra
716 1571 826 1600 26000
845 1575 946 1598 annos
959 1561 1094 1605 confici,
1112 1561 1167 1596 alii
1180 1562 1274 1596 aliter
1291 1562 1478 1599 statuerunt.

439 1615 640 1663 Copernicus
670 1624 750 1648 vero
765 1625 899 1647 omnem
916 1623 1041 1646 motum
1058 1610 1160 1645 stellis
1174 1612 1312 1645 detraxit
1327 1640 1336 1654 ,
1355 1623 1496 1659 eumque
1518 1613 1551 1644 in
1570 1621 1687 1645 terram
1705 1620 1794 1645 tran·-

404 1663 499 1700 stulit.
514 1664 562 1697 Ac
575 1664 681 1710 primo
695 1662 827 1708 quidem
847 1663 904 1707 qui
917 1672 983 1707 ejus
996 1671 1125 1694 tuentur
1139 1659 1332 1695 sententiam
1345 1689 1354 1703 ‚
1377 1663 1411 1695 in
1427 1673 1462 1694 ea
1497 1660 1567 1694 sunt
1592 1661 1744 1707 opinione
1760 1668 1803 1693 ur

405 1724 522 1761 putent
547 1711 651 1746 stellas
667 1713 700 1745 in
722 1711 837 1745 eadem
854 1709 1050 1744 firmamenti
1069 1707 1233 1756 superficie
1251 1722 1317 1743 non
1334 1707 1395 1744 else
1408 1707 1516 1743 affixas
1531 1738 1540 1752 ‚
1563 1708 1615 1742 sed
1631 1708 1708 1742 alias
1726 1707 1803 1742 aliis-

406 1763 504 1809 longe
524 1757 584 1794 else
604 1759 698 1794 nobis
710 1761 892 1794 viciniores.
909 1757 1041 1792 Coelum
1056 1761 1177 1805 quippe
1192 1771 1259 1792 non
1278 1758 1411 1792 solidum
1422 1758 1464 1791 est
1478 1786 1487 1800 ‚
1504 1757 1554 1791 sed
1570 1756 1794 1798 fluidurmnec

407 1821 520 1858 corpus
535 1808 676 1843 lucidum
693 1808 868 1842 commode
881 1809 914 1840 iri
925 1817 1069 1840 extrema
1085 1804 1257 1853 superficie,
1275 1805 1327 1841 sed
1345 1808 1470 1854 optime
1485 1808 1519 1840 in
1528 1806 1635 1840 medio
1652 1803 1803 1839 colloca-⁴

410 1870 461 1893 tur
472 1886 481 1900 ,
492 1869 526 1892 ut
539 1858 682 1904 undique
698 1856 820 1903 fulgeat
832 1884 841 1898 ‚
860 1867 967 1901 neque
978 1854 1085 1888 media
1100 1854 1178 1888 lucis
1190 1856 1300 1902 portio
1313 1864 1435 1903 pereat.

445 1904 603 1941 Cartesius
622 1905 695 1940 huic
710 1905 884 1951 Copernici
903 1903 1061 1950 systemati
1074 1902 1174 1937 multa
1191 1903 1309 1950 adjecit
1320 1933 1328 1947 ,
1345 1911 1374 1938 1³
1386 1902 1490 1938 stellas
1508 1903 1647 1937 totidem
1660 1900 1721 1936 effe
1741 1900 1799 1936 [οὐ

411 1956 456 1990 les
471 1983 480 1998 ‚
498 1967 535 1989 ac
549 1953 718 2001 singulisut
731 1952 788 1987 soli
801 1952 889 1986 sunm
900 1951 961 1987 effe
975 1950 1163 1999 affignatum
1176 1954 1356 1988 vorticem:
1375 1952 1458 1986 adeo
1475 1963 1510 1986 ur
1525 1950 1569 1985 sol
1593 1963 1655 1986 una
1670 1963 1708 1985 ex
1726 1947 1806 1985 fixis>

411 2003 585 2038 censendus
596 2002 644 2037 fic.
664 2003 752 2037 Nam
766 2000 786 2035 si
799 2013 995 2048 unaquaeque
1023 1999 1111 2034 stella
1129 2003 1256 2048 propria
1275 2000 1346 2036 luce
1361 1998 1466 2050 fulget
1482 2031 1491 2044 ,
1515 2000 1595 2035 nihil
1616 1999 1637 2035 ὲ
1659 1999 1724 2035 sole
1739 1997 1803 2034 nist-¹

413 2054 500 2087 forte
519 2051 584 2086 sola
595 2050 682 2086 mole
694 2048 843 2084 diffidet:
860 2051 942 2084 adeo
955 2061 989 2084 ut
997 2048 1124 2097 fingulae
1134 2048 1203 2084 fixae
1214 2051 1381 2098 proprium
1395 2046 1485 2085 suum
1496 2049 1631 2098 systema
1645 2076 1655 2091 ‚
1670 2061 1708 2084 ac
1717 2057 1806 2097 pro:

414 2103 520 2150 prium
539 2102 697 2135 vorticem
711 2099 830 2133 habere
841 2098 1024 2134 videantur.

450 2165 466 2186 2
483 2178 493 2186 ,
510 2150 670 2185 Centrum
684 2147 925 2196 uniuscujusque¹
949 2149 1079 2182 vorticis
1092 2146 1136 2182 sol
1157 2148 1210 2183 vel
1230 2147 1320 2183 stella
1334 2148 1468 2184 obfidet.
1501 2148 1611 2183 solem
1626 2142 1748 2189 efficit,
1763 2152 1805 2180 ut*

416 2199 596 2234 identidem
618 2199 800 2233 monuimus
823 2226 832 2240 ,
850 2198 943 2244 primi
961 2197 1115 2231 elementi
1134 2200 1267 2232 materia
1283 2197 1361 2240 3alii
1378 2209 1488 2232 autem
1510 2197 1648 2229 vortices
1666 2197 1803 2230 minoris

416 2260 500 2283 notae
512 2250 592 2281 circa
609 2258 725 2281 terram
738 2247 875 2296 ‚jovem
888 2275 897 2289 ‚
915 2248 1088 2280 Saturnum
1105 2257 1319 2293 torquentur:
1336 2249 1380 2281 ita
1393 2258 1428 2280 ut
1443 2257 1525 2280 terra
1535 2245 1582 2290 365
1602 2242 1724 2278 vicibus
1741 2246 1800 2278 cir-

417 2310 452 2330 ca
469 2297 499 2331 se
511 2296 679 2339 volvatur,
690 2295 765 2330 dum
777 2294 872 2329 semel
885 2296 1051 2329 communi
1064 2297 1220 2344 vertigine
1234 2308 1315 2329 circa
1334 2294 1432 2329 solem
1449 2295 1680 2341 circumagitur.

468 2359 509 2388 30.
530 2348 610 2380 Eum
627 2344 732 2379 locum
745 2344 875 2392 planeta
896 2342 1027 2390 quisque
1040 2341 1167 2378 sortitus
1185 2345 1246 2386 est,
1261 2347 1316 2389 qui
1337 2348 1403 2390 ejus
1425 2342 1577 2378 soliditati
1597 2343 1697 2390 magis
1720 2354 1800 2376 conv.

418 2395 504 2440 gruit
519 2408 525 2429 :
547 2394 620 2429 hinc
635 2391 706 2429 satis
717 2394 773 2441 :est
789 2391 957 2429 verisimile
975 2391 1120 2441 planetas
1140 2405 1182 2429 eo
1195 2392 1359 2428 solidiores
1375 2390 1435 2428 effe
1446 2420 1457 2436 ,
1472 2403 1537 2440 quo
1553 2390 1680 2439 longius
1695 2391 1716 2427 ὲ
1734 2389 1805 2426 sole
