1878 2724
393 130 470 176 246

730 397 793 482 P
828 390 930 528 H
971 387 1044 474 Y
1082 394 1134 479 s
1167 393 1207 480 1
1243 395 1476 484 CAE

788 539 978 589 PARS
1019 543 1412 594 SECUNDA,

442 664 524 702 DE
575 665 1091 701 CORPORIBVS
1150 665 1320 702 VITAE
1365 665 1449 703 ET
1485 665 1747 704 SENSVS*

976 728 982 737 ²
992 716 1212 773 expertibus.

522 852 533 864 Ι
675 816 831 862 EQuTuR
854 823 889 848 ut
917 809 1088 849 secundam
1110 813 1328 863 Philosophiae
1345 814 1506 851 ‘naturalis
1533 824 1682 863 partem,
1717 824 1811 862 quae‘f

565 887 575 896 .
618 888 621 890 -
677 864 720 897 est
731 865 772 898 de
783 861 875 897 rebus
893 863 972 896 vitae
997 866 1031 898 &
1061 862 1187 898 sensfisr-
1201 864 1388 914 expertibus
1408 893 1417 908 ‚
1434 863 1536 914 presso
1553 865 1789 912 contractoque
1808 874 1811 878 ·

530 914 541 921 ⁴
564 906 576 937 ἰ
595 941 603 949 .
630 925 634 927 ·
676 911 758 961 stylo
774 911 937 946 tradamus
956 924 964 946 ε
984 923 1057 945 cum
1075 912 1107 946 in
1126 912 1256 962 Physica
1270 913 1414 962 generali
1424 913 1526 948 multa
1536 911 1595 947 sint
1607 912 1764 961 explicata
1776 939 1788 956 2
1805 939 1809 943 >

675 973 745 1008 quae
753 961 794 995 ad
802 959 888 995 hunc
901 959 1010 994 locum
1022 959 1218 996 videbantur
1235 966 1387 998 attinere.
1417 965 1506 998 Nam
1520 961 1683 996 elementa
1701 960 1766 1010 ipsa
1776 989 1788 1004 ,

676 1021 790 1044 eorum
799 1020 905 1044 motus
917 1037 926 1051 ‚
941 1013 975 1045 &
987 1008 1159 1056 qualitates
1182 1009 1251 1046 satis
1266 1010 1334 1046 fuse
1347 1009 1548 1059 exposuimus
1562 1037 1572 1052 ‚
1585 1021 1720 1056 quaeque
1730 1011 1788 1044 de-

673 1057 800 1093 siderari
811 1056 953 1107 possent,
971 1059 1005 1097 in
1017 1058 1155 1095 tra&atti
1165 1060 1204 1094 de
1214 1061 1325 1096 mixtis
1343 1058 1543 1108 imperfectis
1557 1080 1568 1101 ,-
1588 1057 1641 1093 seu
1655 1059 1695 1094 de
1715 1070 1788 1095 me-

395 1107 496 1139 teoris
511 1117 726 1153 exponentur.

427 1152 573 1188 Primum
584 1156 682 1202 igitur
697 1168 771 1204 quae
782 1155 823 1191 ad
837 1159 974 1205 corpora
983 1155 1271 1207 (implicia‚coe1um
1281 1156 1436 1193 videlicet
1450 1162 1484 1195 &
1499 1154 1596 1192 sidera
1609 1158 1798 1205 pertinent,·

395 1203 510 1239 mundi
535 1203 827 1250 compositionem,
851 1206 1009 1242 astrorum
1035 1218 1166 1250 motuS,
1195 1207 1454 1255 &phaenomeita
1471 1235 1481 1249 ,
1497 1219 1562 1241 non
1581 1217 1617 1241 ut
1629 1206 1789 1242 Astrono.

396 1253 466 1294 mi,
480 1251 534 1285 sed
560 1262 597 1285 ut
615 1252 738 1300 Phyfici
757 1254 996 1302 persequemur.
1031 1258 1070 1291 In
1093 1255 1231 1290 secundo
1259 1256 1398 1290 tractatu
1420 1257 1521 1291 mixta
1544 1253 1608 1290 five
1629 1255 1788 1303 imperfe-

395 1299 473 1342 eta,
498 1304 532 1335 &
561 1297 723 1335 brevioris
747 1304 832 1346 aevi,
865 1314 934 1349 quae
963 1314 1108 1338 meteora
1127 1301 1273 1337 dicuntur
1296 1303 1385 1346 ;five
1411 1304 1606 1352 perfefflora
1629 1331 1639 1345 ,
1667 1303 1788 1339 foffilia

395 1345 616 1390 nimirum‚seu
626 1351 793 1385 mineralia
804 1350 962 1399 explicare
972 1351 1306 1388 conabimur.Tertius
1320 1353 1460 1400 denique
1478 1353 1629 1387 metatus
1640 1360 1675 1386 ea
1689 1356 1788 1388 mixta

395 1395 646 1445 complectetur,
657 1410 729 1445 quae
742 1403 775 1434 vi
785 1399 967 1447 genita11,&
984 1403 1198 1448 procreatrice
1208 1401 1386 1437 donantur:
1404 1415 1479 1436 nam
1491 1401 1607 1450 plantae
1616 1402 1690 1436 vitae
1698 1415 1789 1438 com-

395 1457 490 1494 potes
501 1444 601 1494 vulgo
615 1446 774 1483 habentur
788 1462 795 1485 :
808 1446 828 1483 fi
839 1460 948 1485 tamen
971 1452 1101 1498 proprie
1116 1455 1151 1486 &
1162 1449 1202 1483 ad
1225 1448 1331 1498 legem
1347 1452 1490 1486 veritatis
1511 1450 1599 1496 loqui
1615 1450 1764 1487 volumus
1776 1479 1787 1495 ‚

396 1497 482 1528 inter
490 1506 540 1527 res
553 1497 628 1529 vitae
640 1507 788 1544 expertes
799 1500 935 1532 omnino
946 1497 1017 1532 sunt
1027 1498 1250 1540 numerandae,
1267 1509 1323 1532 aut
1340 1511 1427 1534 certe
1438 1500 1522 1534 adeo
1536 1501 1625 1534 tenui
1642 1501 1709 1534 vita
1725 1499 1787 1535 do-

397 1554 535 1586 nantur,
554 1555 589 1578 ut
599 1546 682 1579 inter
693 1557 742 1579 res
754 1547 909 1581 animatas
924 1574 935 1591 ‚
958 1551 993 1584 &
1007 1548 1166 1582 inanimes
1183 1545 1365 1595 ambigant.

777 1688 1315 1734 TRACTATUS
1375 1694 1408 1734 1.

902 1786 959 1820 De
972 1787 1089 1822 mundo
1109 1786 1147 1822 (3-
1163 1789 1247 1824 coela.

397 1880 512 1966 DE
522 1882 646 1918 mundo
654 1883 767 1918 dietari
779 1895 849 1931 quae
860 1882 900 1918 ad
910 1883 1100 1933 Theologos
1113 1885 1277 1932 pertinent
1287 1884 1483 1932 quaestiones
1495 1913 1505 1928 ,
1525 1888 1560 1921 &
1576 1894 1628 1920 eas
1642 1896 1713 1933 quae
1723 1896 1782 1934 pa-

490 1944 560 1966 rum
569 1930 694 1968 habent
702 1933 848 1967 utilitatis
859 1961 869 1976 ,
885 1936 1085 1971 omittemus.
1107 1934 1205 1982 Cujus
1218 1935 1345 1982 generis
1372 1946 1419 1968 eae
1433 1934 1604 1976 videntur,
1622 1946 1686 1983 qua
1707 1935 1784 1969 anni

399 1981 588 2029 tempestate
599 1982 734 2017 mundus
747 1982 893 2016 conditus
905 1982 1004 2017 fuerit
1017 2000 1026 2027 3
1042 1986 1129 2030 cujus
1150 1986 1175 2016 is
1185 1981 1220 2017 fit
1235 1981 1357 2032 figurae3
1373 1995 1415 2018 an
1428 1983 1604 2031 perfeffior
1613 1982 1709 2018 condi
1721 1995 1784 2032 po-

399 2032 513 2071 tuerit,
532 2035 564 2066 &
581 2030 651 2064 aliae
661 2030 865 2079 hujusmodi,
880 2031 922 2065 de
939 2030 1054 2079 quibus
1064 2031 1143 2066 nihil
1155 2034 1234 2066 certi
1252 2031 1348 2067 nobis
1359 2033 1501 2067 constare
1512 2031 1623 2079 potest.
1640 2034 1698 2067 Eas
1711 2043 1784 2066 tan-

399 2088 470 2112 tum
482 2080 675 2126 attingemus
690 2108 700 2122 ,
718 2092 789 2126 quae
807 2079 845 2113 ad
861 2079 1042 2115 institutum
1055 2081 1199 2115 nostrum
1214 2080 1284 2116 sunt
1300 2079 1496 2125 necessariae‘,
1515 2086 1550 2119 &
1562 2079 1678 2127 quibus
1692 2082 1783 2126 igno-

400 2128 475 2160 ratis
493 2139 590 2161 nemo
605 2126 673 2162 fere
688 2129 806 2162 eruditi
821 2140 940 2163 nomen
957 2128 1074 2163 merito
1088 2128 1316 2177 consequetur:
1334 2142 1372 2164 ex
1391 2129 1509 2177 quibus
1530 2141 1573 2163 eae
1591 2126 1660 2163 sunt
1676 2129 1782 2163 maxi-

401 2187 454 2209 me
465 2188 535 2222 quae
548 2176 587 2209 ad
598 2175 886 2225 Cosmographiam
897 2176 1051 2225 spedlant.
1064 2178 1197 2225 Triplex
1211 2182 1319 2226 itaque
1331 2178 1422 2225 hujus
1436 2179 1583 2213 tractatus
1597 2179 1658 2211 erit
1673 2175 1782 2211 disser-

401 2226 483 2258 tatio
497 2253 505 2267 ‚
525 2226 626 2272 prima
636 2226 675 2259 de
687 2226 812 2260 mundo
825 2225 928 2260 furum
939 2226 985 2260 est
1000 2255 1009 2268 ,
1028 2240 1174 2262 nec-non
1186 2229 1225 2262 de
1237 2227 1312 2261 coeli
1322 2234 1353 2264 δέ
1369 2227 1500 2262 fiderum
1517 2237 1626 2260 natura
1644 2239 1652 2261 :
1672 2224 1781 2261 secun-

400 2274 440 2305 da
452 2273 492 2306 de
508 2273 628 2309 lumine
646 2272 711 2322 ipso
725 2275 790 2316 ‚est
805 2277 890 2309 enim
903 2278 1058 2323 praecipua
1071 2275 1206 2311 siderum
1224 2276 1355 2312 affectio
1377 2293 1385 2316 ς
1401 2276 1556 2324 postrema
1581 2276 1622 2308 de
1637 2273 1780 2309 motibus

400 2332 571 2368 corporum
583 2323 767 2359 coelestium.
794 2324 887 2358 Circa
901 2325 1057 2359 mundum
1076 2324 1176 2373 ipsum
1191 2326 1260 2360 haec
1270 2325 1388 2371 inquiri
1400 2323 1528 2358 debent„
1557 2332 1585 2356 10
1606 2325 1655 2358 An
1668 2323 1782 2357 condi-

400 2378 448 2406 tus
466 2370 565 2407 fuerit
580 2374 613 2409 in
630 2384 777 2421 tempore
794 2383 804 2409 Ξ
830 2381 864 2409 20
875 2373 957 2422 Qae
973 2372 1030 2410 fint
1046 2377 1209 2425 praecipuae
1219 2373 1300 2410 illius
1309 2384 1415 2422 partes
1426 2390 1436 2418 -‚
1454 2386 1483 2419 5⁰
1504 2372 1594 2419 quod
1616 2370 1652 2408 sit
1667 2383 1782 2415 verum
