1878 2724
403 147 806 186 TRACTATUS
864 145 1125 183 TERTIUS.
1425 149 1476 186 221⁴

107 216 112 221 ·
128 203 238 248 Qare
254 196 368 236 omnes
393 211 478 248 pene
495 199 745 234 medicaminum
769 199 851 231 vires
868 208 940 244 quae
969 198 1051 231 inter
1070 193 1212 229 occultas
1232 195 1405 243 qualitates
1423 210 1475 232 re-

88 251 255 286 censentur
266 277 275 293 ,
285 260 325 283 ex
336 247 534 284 mechanicis
550 245 780 282 affectionibus
794 247 937 280 oriuntur
954 258 961 279 :
983 255 1090 293 partes
1103 246 1190 279 enim
1215 244 1469 281 medicaminum

85 299 276 348 plerumque
291 297 458 332 suntactes
471 326 480 341 ,
491 296 599 331 calidae
608 324 618 339 ,
627 295 730 338 durae,
742 297 866 343 agitatae
879 323 889 336 ‚
901 304 1118 341 penetrantes,
1131 297 1256 328 Verum
1268 305 1303 328 ut
1319 293 1399 328 alibi
1418 297 1470 329 in-

88 349 214 384 nuimus
224 376 234 390 ,
246 358 362 394 corpus
373 346 518 381 nostrum
526 357 561 380 ut
570 343 719 379 machina
742 342 926 378 incredibili
935 353 1003 376 arte
1026 340 1184 376 fabricata
1201 341 1334 390 spe&ari
1349 342 1471 380 debet:

87 396 170 432 adeo
180 408 216 432 ut
231 395 285 432 vel
297 395 420 444 longius
437 393 547 432 diffitae
561 396 595 430 in
608 391 794 429 consensum
807 391 890 428 illius
904 403 976 440 quae
994 389 1113 427 affecta
1131 391 1194 435 est,
1213 390 1322 427 statim
1341 391 1470 429 trahan-

86 455 150 482 tur.

124 496 246 542 Neque
268 491 391 529 necesse
407 493 452 528 est
470 493 532 528 hoc
549 491 622 527 loco
635 502 778 540 quaerere
792 518 802 533 ,
825 500 866 524 an
895 489 1133 525 medicamenta
1150 488 1374 524 familiaritate
1389 495 1476 538 qua:

88 543 164 578 dam
177 554 294 580 naturae
305 571 316 586 ,
332 553 389 578 aut
403 543 569 578 contrariis
586 539 796 588 qualitatibus
815 540 929 572 noxios
946 537 1095 574 humores
1109 538 1283 586 expellant.
1293 540 1473 575 Fierienim

85 592 196 639 potest
209 603 244 626 ut
254 594 381 626 interea
393 590 429 625 sit
439 601 548 625 mutua
563 589 711 636 quaedam
725 589 812 624 aestio
824 616 834 630 ,
851 592 884 624 δε
901 589 1023 622 reastio
1038 601 1046 622 t
1063 587 1195 634 qualem
1209 589 1292 622 inter
1306 587 1414 621 acidos
1427 587 1475 622 sa-

91 641 160 684 les,
183 639 382 676 &lixiviales
394 640 551 673 cernimus
571 637 773 686 :quidiverfi
795 636 928 683 quidem
944 634 1030 679 sunt,
1051 634 1104 670 sed
1121 638 1238 678 amici,
1259 647 1319 670 nec
1339 637 1423 671 inter
1444 635 1475 670 se

83 690 256 724 contrarii.
273 689 362 722 Hinc
378 686 486 723 morbi
495 689 550 734 qui
567 698 606 721 ex
619 687 718 721 acidis
739 683 928 729 nascuntur,
952 696 1008 733 per
1022 683 1208 733 sulphureos
1224 683 1302 719 sales
1318 695 1388 719 turn
1407 684 1476 719 lixi-

81 735 192 772 viales
202 765 211 780 ,
229 748 298 772 tum
311 735 462 773 volatiles
475 737 632 771 sanantur.
648 737 700 770 Sic
710 735 855 784 pleuritis
865 763 875 777 ‚
886 736 1006 782 angina
1015 761 1025 777 ,
1034 747 1066 770 v.
1080 735 1332 780 effluinancie‚ou
1345 732 1476 779 inflam-

91 787 213 820 marion
221 786 375 835 degorge‚
387 784 603 834 ophthalmia,
612 798 646 820 v.
655 784 888 830 inflammation
900 783 955 817 des
956 788 1095 831 yeux‚&
1105 781 1175 817 aliae
1187 780 1476 826 inflammationes,

88 845 162 882 qux
175 846 214 869 ex
234 835 333 869 acidis
349 840 384 871 &
400 832 648 884 coagulantibus
660 830 849 868 humoribus
864 831 1023 866 ducuntur
1033 859 1043 874 ‚
1061 843 1119 881 per
1130 831 1274 880 spiritum
1289 833 1388 867 urinae
1399 861 1410 875 ‚
1437 837 1476 869 ὅ(

90 883 152 917 alia
170 895 241 930 quae
260 882 320 918 sale
330 882 456 919 volatili
475 881 642 917 abundant
658 911 668 926 ‚
686 880 764 930 saepe
773 891 931 916 curantur.
961 882 1044 927 Qae
1060 891 1169 915 autem
1181 881 1369 915 aciditatem
1389 891 1475 916 tem-

93 943 206 980 perant
221 960 231 975 ,
242 933 355 968 eadem
372 931 502 967 dolores
512 931 647 967 leniunt.
666 933 755 966 Hinc
773 929 895 977 lapides
909 957 919 972 ‚
937 927 989 964 seu
1004 929 1089 964 oculi
1102 941 1291 964 cancrorum
1308 932 1406 965 etiam
1419 942 1476 978 per

92 992 131 1015 os
150 992 221 1016 curn
243 983 322 1016 vino
333 979 448 1030 sumpti
460 998 470 1026 ·,
485 992 521 1016 ut
532 979 609 1015 sales
621 991 659 1014 ex
675 979 791 1028 plantis
804 977 988 1013 vulnerariis
1000 980 1149 1022 extracti,
1162 991 1230 1013 non
1247 977 1348 1014 solum
1362 978 1476 1014 vulne.

88 1027 182 1064 *ribus
199 1030 367 1065 medentur
378 1059 389 1074 ,
406 1030 484 1065 dum
500 1029 685 1063 aciditatem
705 1027 771 1063 cibi
782 1056 792 1071 ‚
807 1031 841 1064 δε
857 1038 950 1075 potus
966 1029 1153 1076 corrigunt:
1175 1025 1227 1062 sed
1246 1026 1315 1061 aliis
1344 1039 1475 1075 quoque

81 1077 292 1113 nadhibentur
309 1078 432 1114 morbis
442 1103 455 1122 ,Δ
468 1080 524 1125 qui
546 1089 585 1112 ex
598 1078 698 1112 nimia
714 1076 865 1111 aciditate
877 1074 1050 1124 profluunt.
1080 1077 1194 1123 Qare
1208 1076 1357 1119 quaedam
1372 1075 1477 1110 medi·

93 1127 223 1161 camina
238 1127 316 1162 dum
332 1139 430 1163 venas
448 1125 584 1161 subeunt
596 1153 606 1168 ,
621 1124 776 1174 sanguinis
795 1124 980 1158 acidiratem
994 1135 1176 1172 temperant
1191 1138 1199 1159 ε
1216 1135 1253 1158 ut
1270 1123 1396 1172 spiritus
1411 1125 1480 1158 uri..

82 1187 143 1210 rnae
155 1187 285 1211 acorem
316 1177 427 1211 tartari
443 1175 584 1211 detrahit
606 1190 616 1218 ς
633 1186 689 1209 aut
705 1185 838 1216 contra,
851 1171 1037 1220 sanguinem
1055 1173 1152 1207 nimis
1169 1171 1305 1207 fluidum
1323 1177 1358 1210 &
1376 1175 1480 1222 agita-

78 1234 164 1258 --tuni
177 1222 279 1272 figunt
292 1235 347 1267 ‚ut
355 1224 476 1273 spiritus
489 1224 601 1259 vini&
618 1225 715 1257 urinae
734 1221 797 1256 sese
809 1232 919 1255 mutuo
942 1221 1124 1269 coagulant.

110 1297 113 1300 -
131 1273 236 1320 Qod
245 1275 342 1307 etiam
355 1273 570 1309 medicamina
584 1270 778 1319 plerumque
798 1269 843 1305 ob
854 1269 1095 1305 fimilitudinem
1109 1269 1289 1306 substantiae
1305 1271 1391 1305 vires
1412 1267 1478 1304 suas

82 1332 249 1368 vpromant
261 1333 352 1360 ‚cum
363 1333 402 1357 ex
421 1323 458 1356 iis
468 1333 540 1368 quae
559 1320 697 1355 diximus
709 1319 825 1367 liquet,
839 1329 911 1354 tum
920 1330 959 1352 ex
977 1329 1018 1352 eo
1037 1318 1090 1353 vel
1109 1322 1253 1354 maxime
1266 1347 1275 1358 ,
1291 1319 1378 1366 quod
1396 1317 1481 1352 scor‘

81 1371 231 1417 *pionum
246 1370 378 1413 morstis,
392 1369 447 1405 vel
459 1369 501 1404 ab
513 1369 589 1404 oleo
603 1368 806 1416 scorpionum
817 1396 826 1410 ‚
842 1370 875 1402 in
889 1379 956 1414 quo
969 1366 1088 1402 scilicet
1106 1367 1291 1416 scorpiones
1307 1368 1394 1402 cocti
1409 1366 1480 1401 sunt

85 1417 154 1452 ,vel
165 1417 206 1452 ab
219 1418 288 1467 ipfis
300 1421 333 1454 in
342 1419 459 1453 eodem
469 1417 543 1453 loco
551 1416 688 1452 contufis
704 1419 807 1452 curari
825 1414 959 1452 soleant.
981 1415 1016 1450 Id
1033 1428 1165 1463 quoque
1189 1419 1373 1464 accepimus
1396 1415 1481 1449 cele-

98 1465 165 1501 bris
176 1466 432 1516 pharmacopola:
446 1496 455 1509 ‚
467 1469 590 1514 quique
608 1465 713 1500 multa
726 1465 851 1500 erudite
867 1463 1047 1513 conscripsit
1059 1492 1068 1506 ,
1085 1464 1240 1500 famulum
1254 1494 1263 1507 ‚
1275 1477 1347 1500 cum
1365 1475 1480 1499 manus

87 1515 120 1550 ,ἐι
136 1515 240 1550 morsu
261 1518 378 1564 viperae
393 1516 560 1552 vulnerata
574 1512 665 1557 ess'et,
677 1526 738 1549 tres
754 1514 919 1548 drachmas
931 1511 999 1548 salis
1014 1515 1153 1562 viperini
1160 1513 1299 1558 hausistis
1316 1518 1349 1551 δι
1364 1515 1481 1550 veneni

81 1568 163 1612 jam
182 1563 343 1612 grassantis
361 1567 429 1599 vim
442 1565 503 1599 hoc
519 1564 664 1598 remedio
686 1563 824 1611 fregisse.

85 1629 87 1631 ¹
118 1637 121 1642 «
137 1611 334 1647 Confirmari
347 1614 453 1661 potest
468 1610 624 1646 conclusio
635 1623 674 1646 ex
692 1613 827 1647 venenis
837 1641 845 1655 ‚
860 1617 894 1650 ὃς
908 1611 1080 1646 alexiteriis
1093 1639 1102 1654 ,
1119 1622 1257 1659 quorum
1270 1611 1350 1643 vires
1373 1608 1483 1643 occul-

83 1679 87 1684 v
101 1671 142 1695 tae
152 1672 190 1695 ex
201 1660 397 1696 mechanicis
409 1659 633 1696 affectionibus
648 1659 717 1693 satis
732 1671 807 1708 apte
816 1661 980 1696 ducuntur.
993 1663 1074 1695 Sunt
1085 1662 1173 1695 enirn
1183 1670 1309 1694 venena
1321 1671 1392 1705 quae
1404 1657 1484 1691 adu-

102 1720 175 1744 runt
188 1737 198 1752 ‚
212 1714 245 1746 &
264 1721 371 1757 partes
389 1710 550 1744 solidiores
561 1709 703 1743 exedunt
716 1738 725 1752 ,
740 1721 879 1756 quaeque
892 1711 1029 1757 partium
1046 1708 1146 1757 figura
1158 1714 1191 1745 &
1206 1718 1298 1742 motu
1312 1735 1322 1749 ,
1344 1719 1410 1741 non
1423 1706 1485 1740 ali-

83 1769 150 1792 ·ter
162 1770 198 1791 ac
213 1758 452 1793 medicamenta
466 1760 549 1792 vites
558 1755 622 1791 suas
643 1769 792 1804 promunt
806 1767 815 1788 z
833 1758 931 1805 idque
942 1755 1013 1791 satis
1023 1757 1068 1791 cst
1081 1755 1249 1793 verisimile
1262 1785 1271 1799 ,
1289 1754 1432 1802 partibus
1447 1767 1486 1789 ea

81 1831 83 1835 ι
99 1806 246 1841 constare
265 1808 374 1856 rigidis
385 1835 395 1849 ,
414 1807 498 1841 duris
511 1834 520 1848 ,
535 1804 714 1840 secantibus
729 1834 737 1849 ,
749 1818 882 1854 quaeque
896 1805 1011 1840 aculeis
1032 1807 1193 1841 interdum
1216 1816 1397 1847 armantur,
1414 1804 1485 1838 fere

85 1876 87 1879 ·
102 1867 139 1891 ur
150 1867 271 1903 apum,
297 1855 459 1904 vesparum
471 1885 481 1899 ,
495 1859 560 1890 imo
571 1860 604 1890 &
616 1856 788 1890 urticarum
799 1855 919 1890 aculei.
950 1856 1050 1890 Unde
1067 1867 1141 1890 cum
1159 1866 1272 1888 eorum
1289 1852 1405 1900 spicula
1421 1852 1484 1887 ob-

105 1905 280 1939 tunduntur
293 1934 302 1947 ,
319 1907 455 1940 omnino
469 1903 551 1938 fiunt
564 1905 713 1939 innocua.
741 1906 832 1940 Hinc
849 1902 1072 1946 sublimatum,
1089 1904 1239 1939 mercurii
1258 1902 1359 1937 dulcis
1376 1904 1485 1937 nomi-

104 1963 146 1987 ne
155 1950 320 1999 insignitur
332 1982 341 1996 ‚
352 1958 385 1990 &
399 1956 430 1988 in
447 1953 721 1987 medicamentum
734 1951 803 1988 abit
816 1952 908 1987 solius
928 1954 1075 1988 mercurii
1086 1953 1266 1988 additione.
1299 1951 1351 1984 Sic
1365 1950 1484 1985 arseni-

107 2011 148 2033 co
166 2011 222 2047 per
234 2002 350 2036 nitrum
369 2013 530 2050 expugato
542 2005 574 2037 ὅ(
587 1998 686 2035 fixato
698 2012 829 2038 utuntur
846 2001 1004 2046 nonnulli,
1022 2013 1178 2050 tanquam
1194 2012 1312 2049 magno
1326 1998 1485 2035 ulceribus

108 2047 265 2084 remedio.

135 2100 283 2132 ·Venena
300 2098 445 2142 quaedam
460 2098 642 2147 sanguinem
659 2103 697 2136 in·
707 2103 797 2136 venis
811 2100 914 2150 figunt
926 2130 934 2145 ,
944 2106 978 2138 &
993 2100 1181 2149 congelant.
1193 2102 1284 2147 Saepe
1297 2098 1421 2147 spiritus
1436 2099 1486 2130 in-

97 2145 222 2181 fficium:
234 2175 242 2188 ,
256 2145 373 2193 quibus
385 2148 543 2195 prostratis
564 2148 683 2197 sanguis
701 2149 890 2197 congelatur
908 2179 917 2192 ,
935 2156 969 2188 &
985 2150 1141 2197 impedita
1164 2149 1373 2184 circulatione
1392 2147 1486 2178 certis

103 2197 142 2230 ‹in
165 2194 243 2230 l-ocis
261 2196 431 2243 restagnat.
464 2198 512 2230 Ac
533 2209 574 2231 ne
588 2196 676 2244 plura
689 2198 854 2242 differam,
869 2212 935 2234 non
950 2202 983 2233 in
1002 2198 1063 2233 hoc
1073 2196 1175 2233 solum
1192 2207 1390 2230 venenorum
1404 2204 1487 2227 ratio

109 2243 244 2279 consistit
259 2273 267 2288 ‚
278 2245 371 2291 quod
385 2245 622 2291 particularum,
640 2245 755 2292 quibus
765 2246 885 2295 sanguis
902 2247 1024 2282 constat
1035 2276 1045 2290 ,
1059 2246 1151 2287 lenis,
1169 2244 1307 2292 placidus
1324 2248 1357 2278 &
1370 2252 1488 2276 natura:

110 2291 339 2328 consentaneus
362 2306 468 2328 motus
499 2294 568 2342 plus
594 2293 666 2328 faiis
683 2296 840 2340 agitetur:
862 2296 914 2330 sed
941 2299 974 2331 in
991 2308 1031 2329 eo
1048 2296 1187 2327 maxime
1200 2292 1288 2339 quod
1310 2301 1385 2337 apta
1399 2290 1490 2337 spiri-

92 2351 199 2376 tuum
212 2345 355 2390 agitatio
377 2354 544 2378 venenatae
560 2345 606 2376 rei
630 2341 788 2377 consortio
806 2343 1034 2392 perturbetur:
1056 2342 1109 2376 seu
1130 2343 1162 2375 in
1178 2352 1306 2375 veneno
1324 2350 1431 2385 motus
1455 2339 1492 2372 sit

106 2393 284 2426 contrarius
295 2392 380 2438 ,seu
398 2393 513 2428 nimius
540 2391 575 2428 sit
592 2397 625 2430 ἃ
654 2395 860 2428 commotior.
886 2394 977 2427 Hinc
998 2391 1151 2426 fermenti
1170 2390 1262 2425 instar
1276 2389 1362 2434 quod
1381 2387 1491 2423 fai-inec

1218 2440 1270 2472 Ee
1304 2439 1334 2483 iij
