1878 2724
108 198 330 247 conjungitur:
348 205 418 230 tum
428 194 517 229 enim
527 193 614 229 nulla
625 206 709 242 pene
720 196 753 228 vi
769 190 883 227 divelli
893 192 1027 240 poffunt,
1037 193 1092 226 Sic
1105 189 1228 240 lapides
1239 194 1272 228 &
1286 189 1416 226 metalla
1431 159 1500 228 diii,-

110 246 225 284 tiffime
234 244 457 295 perseverant:
477 248 510 280 &
530 242 600 278 satis
612 243 655 277 est
669 241 840 277 verisimile
851 239 890 276 fic
902 252 1019 276 terram
1029 246 1064 278 &
1081 239 1177 275 salem
1190 242 1223 275 in
1238 242 1275 274 iis
1292 240 1501 284 dominari,ut

110 295 196 333 salin
208 295 347 330 metallis
360 322 370 337 ,
383 304 468 328 terra
484 294 516 327 in
533 291 693 341 lapidibus
704 293 821 340 primas
834 290 995 325 obtineat.
1010 291 1164 338 Cumque
1180 289 1244 324 haec
1260 289 1326 323 duo
1344 290 1503 339 principia

111 346 266 382 minutim
276 342 400 379 concisa
409 340 497 376 fimul
507 343 660 376 uniuntur
673 346 725 384 ‚&
744 339 786 376 ab
797 340 867 375 aliis
882 337 1104 388 fugacioribus
1116 338 1285 374 elementis
1306 336 1406 373 soluta
1420 338 1503 383 sunt,

111 405 146 430 ut
157 396 190 429 in
201 393 338 428 laterum
349 393 522 433 coctione,
542 395 575 426 ὅ(
593 389 823 426 vitrificatione
840 390 1000 424 cernimus
1013 416 1024 431 ,
1048 400 1117 423 tum
1131 390 1231 423 mixta
1249 385 1416 431 efficiunt,
1435 400 1504 434 quae

111 441 155 478 ab
168 443 402 478 omniinteritu
420 441 673 487 &corruptione
692 451 776 487 pene
795 450 862 474 tuta
884 437 964 476 sunt..
981 441 1018 474 In
1040 435 1193 473 lateribus
1212 441 1245 473 &
1260 434 1337 471 vafis
1352 434 1505 472 fiffihbus

114 495 219 538 major
241 491 285 524 est
306 502 397 525 terrae
409 518 419 532 ,
431 488 532 536 quam
547 487 615 522 salis
631 491 724 534 copia
738 499 863 534 :neque
875 499 914 520 ea
932 497 1040 522 tamen
1053 486 1116 521 sale
1130 487 1267 521 omnino
1289 484 1506 523 destituuntur:

113 552 186 576 cum
195 543 229 575 vi
241 539 358 588 speculi
376 538 482 572 ustorii
491 565 500 580 ,
511 535 600 583 quod
612 536 659 569 est
670 537 702 570 in
714 536 891 570 Academia
908 537 998 582 regia
1010 563 1019 578 ,
1029 538 1114 569 intra
1132 538 1226 570 unius
1240 533 1323 569 horae
1337 540 1508 580 minutum,

114 591 149 626 in
161 591 280 624 vitrum
298 587 417 622 abeant
430 613 441 628 ,
459 590 492 621 &
502 582 680 631 liquescant
690 602 699 629 ·,
708 597 782 619 cum
794 595 905 618 tamen
924 581 1002 619 fufio
1013 584 1094 618 citra
1109 581 1218 626 ulem,
1229 593 1266 617 ut
1277 582 1403 618 videtur
1415 585 1508 633 Chy-

114 640 208 674 micis
218 665 230 681 ,
243 634 354 686 perfici
369 646 436 670 non
450 631 555 682 poffit·
570 635 658 669 Hinc
667 632 801 670 metalla
813 645 884 680 quae
901 631 1075 669 funduntur
1087 660 1096 676 ‚
1105 631 1176 681 plus
1189 630 1508 680 habentsalis,quam

114 687 251 736 lapides.
498 729 503 731 ῃ

148 739 186 771 In
209 736 295 770 vitto
311 736 412 780 major
426 732 469 767 est
481 731 549 767 salis
561 734 806 781 copia..Vitrum
819 745 996 770 commune
1011 743 1051 767 ex
1068 743 1198 767 centum
1213 744 1244 766 v.
1258 744 1289 780 g.
1305 730 1395 766 libris
1409 733 1511 780 cujus·

115 784 191 820 dam
206 782 275 819 salis
286 811 297 827 ,
309 793 407 830 quem
426 780 535 817 sodam
553 794 675 817 vocant
687 811 701 826 ,Α
711 796 745 817 v.
759 782 798 816 de
809 784 842 817 la
849 784 949 830 fimde
960 812 970 827 ‚
982 787 1015 820 &
1029 781 1172 816 ducentis
1200 780 1320 816 silicum
1333 810 1344 824 ‚
1367 780 1421 816 vel
1443 794 1513 817 are·

115 846 166 871 nae
175 831 256 868 albae
267 860 278 876 ,
288 843 360 880 quae
371 830 585 880 microscopio
601 831 758 880 pellucida
769 860 779 874 ‚
792 836 826 867 &
843 831 930 879 quasi
942 834 1026 867 vitro
1039 842 1207 879 praegnans
1218 833 1359 866 cernitur
1371 858 1381 873 ,
1396 832 1512 880 ingen.

118 884 167 918 tii
191 884 239 918 nis
251 883 285 917 vi
306 878 485 916 conficitur.
506 883 569 915 Sex
585 882 694 916 uncias
711 879 872 928 eujusdam
890 881 1001 930 lapidis
1016 881 1161 928 magneti
1179 892 1245 915 non
1266 879 1405 914 multum
1423 878 1511 915 dissi-

117 895 202 967 πῆξε
213 931 319 975 ‚unde
333 935 366 967 δι
384 928 578 978 magnesiam
594 941 733 973 vocant,
753 931 919 978 purgando
935 932 1023 966 virro
1047 927 1320 977 &perspicuitati
1336 929 1513 965 concilian-

119 980 166 1015 dae
182 981 347 1028 adjiciunt.
371 978 512 1025 Reliqua
527 990 564 1013 ut
577 990 698 1014 norunt
710 977 848 1014 artifices
861 1007 871 1022 ,
888 977 1121 1028 prosequuntur
1134 1006 1144 1021 ,
1160 980 1217 1025 qui
1236 977 1426 1025 plerumque
1452 991 1513 1014 nec

117 1028 243 1073 sodam,
258 1027 312 1063 seu
324 1026 420 1064 salem
435 1026 540 1063 Alcali
553 1056 563 1071 ,
581 1040 641 1063 nec
659 1027 852 1077 magnesiam
867 1056 880 1072 ,
896 1028 996 1077 vulgo
1015 1028 1048 1061 la
1066 1029 1271 1075 mangonfi,
1289 1026 1512 1072 adhibent,sed

117 1076 269 1114 subtilem
281 1075 448 1113 arenulam
457 1105 467 1120 ,
481 1077 584 1124 qualis
597 1076 644 1111 est
656 1076 848 1126 Stampensis
860 1106 870 1121 ,
883 1083 915 1114 δι
935 1081 1054 1114 nitrum
1063 1087 1286 1124 expurgatum.

153 1127 191 1162 Id
207 1138 305 1161 unum
315 1125 463 1161 volumus
473 1153 484 1168 ,
497 1128 638 1161 minutas
653 1138 741 1160 terrae
758 1138 886 1161 atomos
898 1139 972 1162 cum
984 1127 1112 1161 minutis
1131 1123 1202 1159 {alis
1221 1123 1414 1173 corpusculis
1425 1123 1445 1159 a
1455 1136 1514 1159 na-

120 1185 202 1219 tura,
218 1174 272 1210 vel
290 1173 332 1209 ab
345 1184 414 1208 arte
429 1174 592 1209 interdurn
612 1175 658 1208 ita
672 1172 824 1222 exquisite
844 1174 987 1218 misceri,
1008 1185 1044 1209 ut
1062 1176 1115 1208 vix
1132 1185 1246 1220 corpus
1260 1173 1386 1208 dilsolvi
1406 1171 1515 1221 possit.

120 1226 176 1259 Sic
190 1226 227 1259 in
242 1225 330 1258 vitro
339 1221 422 1258 nihil
431 1221 503 1257 fere
516 1223 564 1256 est
571 1222 708 1257 volatile
723 1252 733 1266 ,
748 1223 829 1258 nihil
847 1224 937 1271 quod
947 1224 1165 1258 concretionis
1176 1221 1340 1258 vinculum
1358 1221 1457 1271 poffit
1465 1235 1516 1257 re-

119 1271 314 1322 serare.Jam
332 1282 368 1306 ut
379 1282 463 1306 terra
478 1283 552 1305 curn
564 1270 627 1305 sale
645 1270 820 1307 arffiffimo
834 1284 921 1307 nexu
941 1273 1116 1319 conjuncta
1131 1269 1227 1304 rebus
1246 1270 1435 1306 firmitatem
1448 1299 1458 1313 ,
1481 1277 1515 1308 &

121 1320 338 1357 stabilitatem
355 1332 437 1369 pene
456 1317 709 1356 indiffolubilem
732 1321 882 1364 confert,
911 1323 956 1355 ita
980 1333 1054 1355 cum
1073 1331 1158 1366 aqua
1175 1348 1184 1362 ,
1207 1324 1238 1356 &
1256 1319 1326 1354 aliis
1354 1322 1517 1368 primipiss

122 1373 177 1407 vix
195 1370 298 1420 potest
315 1380 462 1404 accurate
486 1367 623 1406 misceri.
651 1372 739 1405 Hinc
761 1369 840 1419 fiepe
871 1370 998 1405 aditum
1018 1369 1060 1403 ad
1073 1371 1315 1417 corruptionem
1334 1368 1492 1416 patefacit
1509 1385 1516 1405 z

124 1419 239 1469 porosa
252 1422 340 1455 enim
357 1424 388 1456 ὃ(
401 1417 486 1453 male
499 1416 786 1466 compadka'efficit
797 1431 934 1467 corpora
951 1419 1050 1455 :adeo
1060 1427 1096 1451 ut
1110 1420 1269 1466 principia
1286 1417 1338 1453 vel
1356 1417 1517 1453 elementa

124 1469 223 1504 facile
237 1468 415 1504 discedant.
429 1468 528 1504 Unde
543 1467 698 1516 Chymici
717 1480 835 1503 terram
852 1473 887 1505 ὅ(
909 1479 1026 1514 aquam
1038 1465 1099 1501 esse
1122 1469 1276 1515 praecipua
1298 1469 1516 1516 corruptionis

125 1519 285 1568 principia
301 1517 519 1566 pertendunt:
545 1518 633 1564 quod
653 1517 810 1553 laxiorem
825 1519 915 1553 mixti
933 1527 1127 1564 compagem
1141 1515 1283 1551 efficiant
1301 1530 1309 1551 :
1332 1519 1379 1551 ita
1395 1529 1430 1551 ut
1449 1515 1490 1551 sal
1506 1545 1516 1560 ,

127 1569 185 1616 qui
205 1579 240 1603 ut
259 1569 296 1601 iis
322 1566 432 1614 placet
443 1594 456 1609 ,
473 1566 516 1600 est
533 1569 700 1602 mixtionis
718 1567 882 1602 vinculum
893 1595 903 1610 ,
918 1578 977 1600 nec
989 1564 1139 1613 sulphur,
1155 1578 1217 1601 nec
1235 1563 1378 1614 spiritum
1395 1565 1416 1601 a
1435 1565 1516 1614 fuga

127 1615 224 1665 possit
242 1615 419 1650 retrahere.

173 1666 269 1712 Aqua
282 1676 361 1699 vero
379 1663 423 1697 est
434 1665 625 1712 praecipuum
640 1666 856 1711 corruptionis
873 1665 1082 1712 principium.
1106 1663 1194 1697 Nam
1207 1662 1336 1697 aanor&
1351 1661 1516 1711 principia>

129 1711 175 1748 ira
194 1712 336 1756 divellit,
354 1723 390 1746 ut
404 1725 473 1746 non
486 1711 605 1760 possint
613 1725 725 1747 mutuo
737 1713 879 1764 implexu
893 1715 975 1748 inter
987 1712 1017 1748 se
1035 1711 1214 1745 devinciri:
1230 1723 1368 1758 cumque
1385 1725 1468 1759 aqua
1481 1712 1518 1747 sit

128 1761 305 1798 admodum
318 1760 460 1796 volatilis
479 1766 512 1798 &
530 1760 628 1810 fugax
639 1790 650 1804 ,
661 1762 825 1797 vinculum
838 1763 1003 1797 mixtionis
1021 1758 1074 1794 sua
1087 1759 1164 1807 fuga
1180 1758 1296 1793 reserat
1308 1789 1317 1804 ,
1330 1765 1363 1797 &
1375 1761 1520 1796 volatilia

130 1809 294 1846 elementa
303 1811 405 1858 januis
417 1809 590 1858 patefactis
605 1811 707 1846 statim
719 1812 892 1847 excedunt.
907 1812 993 1847 Hinc
1010 1821 1080 1857 quae
1093 1807 1261 1855 aquofiora
1274 1807 1346 1844 sunt
1359 1839 1368 1852 ,
1386 1822 1520 1857 quaeque

130 1857 203 1895 sunt
215 1861 314 1908 magis
333 1857 508 1907 compostta
523 1889 535 1903 ‚
547 1871 582 1894 ut
593 1859 765 1894 herbarum
777 1861 924 1904 decocta,
943 1865 976 1897 &
991 1859 1163 1907 pharmaca
1176 1857 1227 1892 vul
1254 1861 1297 1892 ari
1312 1859 1413 1893 modo
1439 1872 1520 1907 prae-

131 1920 241 1958 parata
251 1937 260 1952 ,
270 1907 423 1957 perfacile
435 1920 692 1957 corrumpuntur.
709 1908 782 1946 Ubi
791 1921 903 1944 autem
911 1910 1018 1944 affiva
1030 1908 1186 1956 principia
1200 1937 1209 1950 ,
1220 1871 1261 1941 (ξὶ
1280 1910 1445 1951 nimirum,
1460 1907 1521 1942 sul-

132 1957 256 2006 phur&
271 1959 443 1993 mercurius
455 1957 680 2003 dominantur,
700 1970 767 1994 tum
786 1970 835 1993 res
861 1959 979 1993 diutius
999 1955 1214 2006 perseverant.
1239 1958 1301 1990 Sed
1319 1970 1388 2004 quae
1406 1956 1464 1991 sint
1482 1970 1520 1991 ea

133 2008 292 2055 principia
303 2006 346 2042 ab
356 2004 426 2056 ipsis
438 2006 605 2055 Chymicis
615 2008 700 2043 adeo
706 2007 939 2056 ja&ata‚paulo
952 2007 1127 2042 accuratius
1137 2005 1185 2040 est
1203 2004 1442 2054 explicandum.

623 2082 914 2119 CAPUT
978 2085 1025 2117 V.

582 2154 636 2188 De
652 2158 822 2204 Principiis
838 2156 1076 2204 Chymicorum.

238 2203 301 2238 Uae
322 2203 380 2239 sint
392 2206 495 2253 prima
513 2215 617 2237 rerum
633 2208 808 2253 principia,
824 2219 890 2241 non
907 2204 1035 2240 aliunde
1053 2205 1154 2253 magis
1168 2216 1267 2250 quam
1297 2215 1335 2236 ex
1350 2215 1522 2250 corporum

242 2251 438 2289 resolutione
453 2250 653 2303 perspectum
669 2254 763 2290 nobis
777 2252 838 2290 effe
850 2252 950 2302 posl'e,
961 2255 1116 2307 Chymici
1128 2255 1282 2287 acerrime
1297 2252 1499 2286 contendunt
1512 2266 1522 2286 2

139 2312 177 2336 ut
188 2301 370 2338 machinam
382 2303 581 2351 exploratam
591 2301 712 2337 habere
721 2318 787 2339 non
800 2302 1028 2351 poffirmusmih
1041 2305 1073 2337 in
1084 2301 1147 2336 suas
1159 2312 1262 2348 partes
1278 2314 1315 2335 ea
1328 2299 1522 2337 diffolvatur,

140 2351 228 2385 Cum
245 2363 353 2386 autern
374 2366 422 2387 ars
440 2352 601 2399 Chymica
614 2353 695 2386 circa
708 2355 817 2400 ignem
834 2351 1029 2400 porissimum
1050 2361 1224 2398 occupetur
1239 2378 1249 2393 ,
1263 2362 1300 2384 ea
1317 2351 1350 2383 in
1365 2351 1523 2384 mixtione

137 2402 309 2442 corporum
321 2404 438 2450 primas
453 2413 562 2438 tenere
573 2411 699 2450 putant,
710 2415 780 2450 quae
789 2400 831 2436 ab
842 2404 916 2450 igne
927 2400 1121 2448 separantur.

1276 2449 1346 2492 Kij
