1878 2724
644 123 787 162 PARS
819 121 1042 162 TERTiA':
1488 133 1550 171 ζε-

155 192 158 195 ’
207 172 336 211 Contra
351 172 514 212 Harvaeus
526 171 650 224 Anglia:
661 175 839 219 Archiater,
850 178 908 223 qui
920 176 1041 223 primus
1059 171 1304 212 circulationem
1320 176 1476 228 sanguinis
1490 144 1552 218 au?

153 221 456 272 deprehendit‚aut
469 223 570 260 firmis
583 222 764 262 rationibus
780 226 939 267 munivit,
959 222 998 259 fic
1015 234 1140 258 motum
1157 225 1261 260 cordis
1285 225 1355 261 fieri
1375 230 1545 268 existimat.

154 275 352 323 Sanguinem
362 286 400 309 ex
409 285 546 321 utraque
555 285 643 309 vena.
651 275 684 308 in
696 272 848 309 auriculas
861 301 871 316 ,
885 285 958 321 quae
969 272 1039 308 sunt
1049 271 1133 319 quafi
1146 285 1299 311 venarum
1322 278 1515 324 appendices
1531 307 1544 324 ,

154 326 190 359 δε
200 334 306 370 partes
316 325 464 360 omnium
478 325 586 371 ptimae
596 324 628 358 in
639 322 770 358 animali
780 321 927 359 formatae
936 351 946 365 ,
964 321 1129 369 copiosum
1140 323 1301 360 exundare
1316 353 1326 368 ,
1342 336 1473 373 tumque
1484 340 1543 363 au-

153 370 269 406 riculas
285 371 424 408 dilatari.
437 373 570 408 Deinde
582 384 626 406 eae
636 373 809 408 contrastae
820 369 880 406 sese
894 373 928 407 in
942 370 1135 407 ventriculos
1148 372 1253 409 cordis
1268 386 1454 411 exonerant.
1471 376 1542 412 Cot

154 418 235 456 vero
247 432 281 455 ut
291 423 396 456 caeteri
405 420 534 456 musculi
550 449 561 465 ,
584 423 628 456 ita
645 420 768 470 prorsus
785 432 952 457 movetur:
973 416 1012 455 fic
1031 430 1138 463 tamen
1154 431 1189 455 ut
1206 422 1414 459 auricularum
1425 429 1543 461 &cor-

154 468 203 503 dis
216 468 348 505 alternae
361 469 420 505 fint
432 471 670 505 contractiones
682 498 692 514 ‚
704 475 738 507 &
750 482 805 505 cor
821 469 975 505 dilatetur
985 498 995 513 ‚
1012 470 1090 516 quia
1112 469 1267 516 impletur
1292 471 1443 521 sanguine
1456 501 1468 516 ,
1482 486 1541 509 ne-

154 528 222 564 que
233 530 272 553 ex
281 517 384 554 subita
393 519 524 569 guttulae
533 518 773 555 effervescentia
787 518 1107 565 intumescat.1taque
1118 518 1249 553 arctatis
1265 522 1370 555 cordis
1382 524 1546 558 ventricu-

152 565 193 601 lis
201 578 257 601 cor
272 580 425 603 mucrone
442 567 496 603 suo
512 571 623 616 peetus
639 567 736 612 ferit,
752 567 897 604 valvulas
910 570 1096 604 arteriarum
1113 569 1240 614 aperit,
1255 574 1290 606 &
1301 570 1477 606 dilatantur
1492 583 1546 606 ar-

154 617 241 651 tetiae
251 643 263 660 ‚
279 627 415 666 tumque
425 616 463 654 fir
470 617 576 654 cordis
586 617 726 667 systole:
745 629 856 653 contra
864 629 964 665 atque
977 616 1107 653 videtur
1119 615 1274 654 Cartefio.
1285 620 1334 654 Sit
1347 621 1442 669 igitur

697 667 803 701 Vnica
827 667 1001 715 Conclusso.

186 715 301 750 Motus
314 717 419 751 cordis
434 730 502 752 non
517 714 554 751 fit
569 726 625 750 aut
641 713 833 751 ebullitione
844 744 855 759 ‚
868 727 924 751 aut
942 715 1197 752 fermentatione
1215 742 1227 759 ,
1250 714 1302 753 sed
1316 715 1448 765 impulsu
1459 730 1543 767 quo.

153 761 246 806 dam,
263 769 297 801 &
313 777 353 799 eo
368 766 469 800 modo
479 777 577 813 quem
591 776 631 799 ex
645 766 787 799 Harvaeo
805 764 1023 813 exposuimus,
1204 810 1207 811 ⁷

188 811 350 847 Probatur
359 823 388 849 10
400 818 444 851 Ex
461 815 526 864 ipsa
536 814 640 849 cordis
658 813 827 849 structura:
843 826 951 861 neque
961 816 1049 850 enim
1063 825 1131 850 tam
1149 812 1260 849 valido
1276 826 1358 863 opus
1374 827 1443 853 erat
1455 817 1540 852 mus-

153 860 247 904 culo,
262 873 313 896 tot
327 861 436 906 fibris,
454 876 492 898 ac
502 862 591 898 velut
607 862 734 897 lacertis
758 863 909 898 instruero
920 890 930 904 ,
949 874 985 896 ut
997 862 1117 897 accessu
1135 862 1310 911 sanguineae
1329 876 1428 911 guttae
1453 868 1543 901 intu-

153 908 316 945 mesceret.
334 911 449 961 Qre
462 922 571 947 motus
584 909 667 945 illius
677 920 713 944 ut
724 909 858 945 musculi
871 909 1052 945 validissimi
1066 910 1112 944 est
1128 911 1310 945 contractio
1321 940 1331 956 ,
1357 925 1396 948 ex
1416 926 1481 961 qua
1494 914 1542 950 se.

151 959 261 1006 quitur
276 957 434 1007 sanguinis
448 957 607 1009 impulsio.
616 960 692 994 Hoc
706 961 793 996 enim
803 959 975 995 cordicum
984 958 1053 993 aliis
1064 957 1213 993 musculis
1226 972 1397 997 commune
1415 963 1461 997 est
1472 992 1482 1007 ,
1504 975 1542 1000 ut

150 1007 187 1042 in
197 1009 423 1046 commestione
434 1011 519 1044 vires
536 1008 602 1043 suas
614 1019 734 1044 exerat.
756 1009 844 1044 Hinc
858 1008 962 1042 durius
980 1007 1017 1042 fit
1029 1013 1063 1045 &
1085 1006 1199 1042 tensius
1217 1010 1249 1043 in
1267 1008 1330 1057 ipsa
1348 1009 1466 1056 systole
1478 1040 1489 1055 ,
1508 1014 1544 1048 in

150 1067 218 1104 qua
228 1058 333 1091 minus
342 1056 472 1092 rubrum
482 1067 617 1104 apparet
627 1078 645 1097 ‚2
655 1066 691 1092 ut
706 1058 739 1091 in
747 1058 832 1092 ranis
841 1056 952 1090 videre
965 1057 1008 1091 est
1018 1084 1028 1099 ,
1045 1056 1135 1104 quod
1152 1067 1259 1091 motus
1274 1058 1379 1092 cordis
1395 1061 1428 1095 in
1448 1061 1485 1094 iis
1505 1059 1543 1095 fit

153 1104 288 1141 tardior.
299 1107 388 1140 Hinc
400 1105 527 1140 rescisso
536 1105 641 1139 cordis
658 1115 812 1140 mucrone
830 1107 863 1140 in
877 1103 989 1152 systole
1006 1104 1090 1154 ipsa,
1103 1116 1157 1139 aut
1171 1106 1206 1140 in
1223 1106 1328 1141 cordis
1342 1109 1542 1146 contramo-

150 1164 194 1190 ne
206 1151 327 1202 sanguis
350 1166 424 1189 cum
441 1156 567 1203 impetu
584 1156 776 1202 prorumpit.

189 1208 225 1236 2⁰
239 1204 329 1237 Idem
347 1214 385 1237 ex
397 1203 541 1238 auriculis
552 1207 585 1239 &
594 1201 730 1237 valvulis
741 1201 849 1250 colligi
859 1201 954 1238 facile
963 1202 1081 1250 potest.
1102 1205 1191 1241 Nam
1208 1205 1292 1252 prius
1307 1204 1451 1240 auriculae
1477 1205 1541 1242 sese

150 1250 368 1296 contrahunt,
387 1257 422 1289 &
439 1253 473 1288 in
489 1250 685 1288 ventriculos
698 1251 802 1287 cordis
820 1252 1004 1298 sanguinem
1022 1251 1191 1288 effimdunt
1203 1282 1214 1296 ‚
1232 1253 1332 1300 quam
1358 1265 1413 1288 cor
1435 1253 1540 1303 ipsum

150 1299 359 1336 contrahatur
376 1314 385 1335 :
403 1301 493 1349 quod
510 1299 677 1336 manifeste
691 1300 891 1335 demonstrat
902 1312 958 1334 cor
971 1299 1186 1349 dilatari‚quia
1203 1302 1357 1349 impletur
1378 1301 1540 1352 sanguine,

151 1359 219 1384 non
229 1360 268 1382 ex
279 1347 379 1384 subita
397 1361 494 1398 guttae
505 1350 637 1398 alicujus
651 1348 903 1385 effervescentia.
918 1350 986 1385 Cur
996 1352 1084 1387 enirn
1092 1350 1255 1398 utriusque
1269 1351 1414 1386 auriculae
1429 1365 1538 1389 motus

150 1397 258 1431 cordis
267 1400 372 1433 motui
382 1401 531 1447 praeiret,
549 1397 570 1432 fi
585 1410 719 1445 utraque
731 1399 970 1434 cordis‘cavitas
988 1412 1054 1434 non
1071 1400 1257 1449 impleretur
1267 1399 1420 1448 sanguine
1436 1431 1446 1445 ‚
1464 1415 1540 1439 cum

149 1445 300 1481 auriculae
317 1446 378 1482 sese
389 1448 600 1490 contrahunt,
619 1447 857 1484 &ventriculos
871 1448 976 1482 cordis
994 1446 1178 1497 sanguinem
1192 1448 1375 1486 effundunt.
1408 1454 1445 1487 Et
1467 1451 1539 1487 sane

151 1506 260 1529 motus
277 1497 380 1530 cordis
395 1495 437 1530 ab
454 1496 601 1532 auriculae
613 1507 704 1530 motu
719 1496 839 1544 pendet
848 1524 858 1539 ,
871 1509 938 1531 non
950 1496 1184 1533 viciffim.l-Iaec
1193 1500 1225 1532 in
1236 1496 1318 1532 foetu
1328 1497 1541 1547 pulsagprius..

150 1543 369 1590 quamsullum
380 1558 532 1594 appareat
542 1546 645 1580 cordis
662 1545 845 1593 vestigium,
865 1551 898 1581 &
913 1547 946 1581 in
964 1545 1160 1582 moribundo
1174 1546 1305 1581 animali
1320 1546 1422 1594 pulsat
1435 1549 1539 1584 adhuc

150 1591 291 1626 auricula
301 1621 310 1636 ,
320 1606 393 1629 curn
406 1597 509 1629 omnis
524 1595 627 1629 cordis
637 1605 741 1628 motus
755 1595 859 1629 cessat.
872 1596 919 1629 Ex.
929 1606 996 1641 quo
1011 1594 1115 1642 liquet
1134 1607 1259 1630 motum
1277 1596 1380 1630 cordis
1395 1596 1436 1631 ab
1455 1600 1540 1632 auri-

151 1640 222 1675 cula
239 1643 380 1688 pendere
391 1671 401 1686 ‚
418 1656 485 1678 non
498 1642 540 1678 ab
555 1645 639 1691 ignis
654 1642 784 1678 fervore
796 1645 853 1691 qui
863 1655 923 1678 nec
933 1644 1021 1679 tactu
1038 1646 1216 1693 percipitur
1231 1672 1242 1689 ,
1258 1655 1318 1680 nec
1334 1648 1460 1681 ratione
1476 1646 1538 1682 ulla

150 1688 223 1724 satis
240 1689 330 1724 firma
346 1691 593 1728 demonstratur.
679 1701 683 1704 ’
1311 1737 1313 1739 ,

154 1748 161 1759 ¹
189 1746 217 1784 3²³
233 1741 265 1772 Si
278 1751 331 1774 cot
342 1745 376 1776 ὃς
390 1743 511 1775 arteriae
523 1740 612 1775 simul
628 1739 821 1783 dilatantur,
842 1745 878 1778 δε
897 1740 1128 1776 contrahuntur
1140 1770 1149 1785 ,
1176 1742 1226 1775 cui
1255 1740 1320 1776 usui
1340 1741 1454 1777 futurae
1470 1742 1539 1778 sunt

149 1786 289 1823 valvulae
301 1791 391 1824 venis
406 1818 415 1832 ‚
428 1794 460 1826 &
470 1791 593 1824 arteriis
603 1789 706 1823 cordis
722 1788 888 1837 appositae?
899 1792 987 1826 Nini
1001 1790 1135 1825 valvu¹ae
1148 1787 1331 1837 tricuspides
1345 1793 1472 1839 utrique
1484 1804 1539 1826 au·

149 1835 255 1870 riculae
281 1837 398 1872 idcirco
421 1850 538 1886 aptatae
557 1837 706 1881 fuerunt,
724 1839 811 1885 quod
826 1840 998 1874 contractis
1019 1838 1162 1874 auriculis
1185 1850 1242 1875 cnr
1261 1838 1421 1874 dilatetur.
1450 1842 1539 1875 Hinc

150 1884 229 1919 dum
244 1883 395 1920 inflantur
405 1887 551 1922 auricula:
562 1887 750 1921 clauduntur
766 1886 901 1922 valvulae
913 1917 922 1932 ‚
939 1900 979 1922 ne
997 1886 1118 1935 sanguis
1131 1888 1356 1935 intempestive
1370 1890 1405 1923 in
1421 1901 1474 1923 cor
1492 1890 1538 1923 di-

150 1931 288 1969 labatur.
304 1937 343 1969 Et
354 1935 427 1970 sane
443 1935 565 1984 sanguis
582 1936 668 1970 adest
683 1934 829 1983 copiosus
840 1965 851 1980 ,
871 1937 977 1975 cordis
995 1938 1147 1974 cavitates
1164 1936 1278 1985 amplae
1299 1964 1310 1980 ,
1327 1938 1404 1986 quid
1427 1937 1469 1973 est
1484 1950 1538 1973 cur

151 1992 218 2015 una
233 1993 358 2016 tantuin
367 1994 457 2030 gutta
468 1983 626 2031 sanguinis
640 1996 696 2018 cor
708 1983 847 2019 subeat-3

199 2043 241 2071 40
255 2031 354 2066 Unde
368 2033 448 2079 ignis
461 2030 516 2065 ille
530 2034 562 2066 in
573 2033 669 2065 corde
682 2043 749 2066 tarn
765 2032 907 2067 fervidus
922 2061 932 2075 ,
954 2035 1014 2080 qui
1031 2045 1140 2069 tamen
1161 2033 1250 2068 sensu
1267 2038 1368 2080 majm·
1386 2046 1451 2069 non
1469 2047 1540 2083 pet-

151 2079 270 2126 cipitur
282 2107 292 2122 ‚
306 2078 406 2125 quam
421 2081 454 2114 in
465 2079 534 2114 aliis
545 2079 740 2115 cavitatibus
752 2079 905 2116 viscerum
922 2090 932 2115 Ξ
948 2085 1020 2117 Nec
1030 2083 1135 2131 potest
1146 2081 1201 2116 ille
1218 2084 1300 2130 ignis
1314 2081 1454 2117 occultus
1465 2086 1538 2118 uni..

151 2126 246 2162 verso
267 2130 395 2175 corpori
407 2127 629 2163 calefaciendo
652 2125 814 2163 sufficere:
833 2132 901 2165 imo
923 2129 1045 2178 sanguis
1060 2133 1126 2180 jugi
1151 2129 1272 2166 affluxu
1290 2130 1382 2166 illurn
1408 2131 1537 2169 obruet.

152 2176 265 2223 Qare
283 2175 379 2224 longe
392 2175 589 2224 probabilius
607 2178 650 2212 cst
667 2177 807 2213 calorem
821 2181 925 2213 cordis
938 2207 948 2222 ‚
965 2192 999 2214 ut
1023 2179 1159 2215 aliorum
1175 2179 1329 2215 viscerum
1348 2179 1368 2214 a
1387 2178 1535 2229 sanguine

148 2224 424 2273 proficisci‚qugfirn
437 2225 578 2264 calorem
594 2225 750 2275 sanguinis
767 2226 787 2262 ἐι
798 2226 970 2275 cordeipso
988 2229 1068 2265 duci.
1085 2232 1156 2265 Nec
1178 2230 1353 2276 quicquam
1367 2226 1417 2262 hic
1427 2241 1537 2263 occur.

149 2276 193 2308 rit
203 2273 387 2308 ebullitioni
396 2273 496 2309 simile
513 2292 522 2318 3
535 2287 594 2309 nec
605 2274 728 2324 sanguis
742 2278 796 2322 qui
807 2275 948 2313 adextro
960 2279 1063 2312 cordis
1077 2277 1141 2313 finu
1153 2279 1185 2312 in
1195 2276 1364 2324 pulmones
1375 2280 1515 2325 erumpit
1530 2307 1541 2320 ‚

150 2321 192 2356 ab
207 2334 246 2356 eo
257 2325 315 2370 qui
325 2323 343 2358 ὲ
354 2336 436 2358 vena
448 2336 526 2358 cava
542 2322 786 2367 subiit,diffidet.
798 2326 919 2373 Siquid
937 2328 1015 2360 novi
1026 2327 1140 2360 accidit
1155 2325 1310 2374 sanguini,
1324 2325 1354 2358 id
1373 2327 1485 2372 utique
1496 2326 1537 2361 ab

149 2382 224 2406 aere
233 2373 265 2407 in
275 2371 485 2421 pulmonibus
500 2372 726 2410 mutuaturzsed
738 2374 756 2409 ὲ
769 2375 864 2410 corde
880 2375 968 2412 idem
980 2374 1048 2411 fere
1061 2376 1221 2425 egreditur
1233 2402 1240 2414 ‚
1250 2375 1307 2420 qui
1318 2374 1464 2421 ingressus
1483 2375 1540 2411 est.

1176 2424 1207 2459 Κ
1220 2434 1243 2457 K
1253 2434 1277 2458 x
1288 2435 1311 2458 x
1345 2424 1376 2469 iij
