1878 2724
452 106 810 147 TRACTATUS
860 101 1128 147 TERT1U5
1425 128 1442 151 ι

89 160 218 197 artifice
232 154 403 208 acceperat
423 177 433 204 ;
463 169 577 196 verum
597 161 671 196 effe
686 159 900 209 deprehendit
918 188 930 204 ,
964 159 1022 195 has
1049 157 1188 194 maculas
1209 157 1283 194 loco
1305 158 1358 195 suo
1375 128 1478 198 futei-3

89 211 165 247 dum
187 207 361 246 dimoveri.
402 212 455 245 Sic
479 211 512 245 in
538 209 655 244 achate
671 218 682 253 ‚‘
730 207 834 258 vulgo
858 221 918 243 une
942 220 1038 258 agate
1056 236 1065 247 ,
1092 209 1178 243 vidit
1205 207 1358 244 nebulam
1396 223 1475 259 pau-

87 260 181 295 latim
190 258 350 295 evanuisse
362 272 370 294 ι
384 259 468 295 adeo
479 257 736 308 urgemmaeipsae
747 258 837 307 hujus
853 258 992 294 intestini
1003 270 1111 293 morus
1118 271 1185 293 non
1195 255 1252 293 sint
1260 257 1355 307 plane
1365 271 1473 308 expet.

89 318 147 346 tes.
168 310 216 344 Ac
232 320 274 343 ne
294 308 423 343 adamas
439 308 573 357 quidem
587 306 652 356 ipse
667 336 677 351 ‚
704 309 912 355 quantumvis
924 307 1039 352 durus,
1065 317 1106 342 eo
1120 306 1207 343 forte
1223 309 1362 356 partium
1377 320 1472 347 motu

85 368 183 394 caret.
210 359 270 392 Vis
285 359 373 393 enim
392 358 563 402 electura,
579 356 680 405 quam
697 368 737 392 ex
752 355 879 392 affricta
894 356 1101 405 consequitur
1112 384 1123 401 ,
1144 359 1224 392 cirta
1240 358 1382 406 partium
1403 371 1473 394 mo.

87 415 156 442 tum
178 406 316 454 intelligi
329 419 396 442 non
409 407 523 455 potest.

124 457 212 505 Opp.
230 470 260 491 2.
276 455 377 491 Nulla
392 456 480 504 hujus
493 466 598 491 motus
609 453 753 490 intestini
764 455 796 489 in
809 453 895 489 duris
904 453 1091 503 corporibus
1105 454 1194 490 causa
1205 453 1278 490 satis
1295 455 1411 491 idonea
1424 456 1476 492 af.

76 503 163 539 serti
174 505 281 553 potest
298 517 385 548 3non
402 505 527 542 craffiot
538 516 592 538 aer
604 532 613 547 ,
624 506 684 552 qui
701 516 739 538 ea
749 516 815 538 non
829 502 913 538 subit
925 515 1060 552 corpora
1074 517 1159 548 3non
1169 503 1336 547 subtilior,
1353 507 1409 551 qui
1420 517 1474 541 eas

86 564 193 601 partes
210 555 411 601 compingit,
429 566 489 589 nec
503 553 577 588 loco
586 554 753 596 dimovet3
770 565 836 587 non
848 551 987 587 aetherea
1006 551 1178 589 substantia
1188 564 1260 602 qux
1272 551 1377 587 libere
1391 566 1475 588 mea.

88 613 319 651 tuscorporum
332 614 490 650 penetrat.
506 603 607 638 Unde
619 606 697 651 er‘go
719 600 773 636 ille
791 608 898 637 motus'
909 600 1139 650 proficiscitur?
1157 604 1300 638 maxime
1309 603 1342 638 in
1352 603 1390 636 iis
1403 614 1477 638 cor-

86 651 216 699 poribus
231 663 302 699 quae
315 662 440 700 tempus
447 664 514 687 non
525 652 635 687 exedit
647 679 657 695 ,
671 663 811 699 quaeque
825 653 859 686 in
877 653 1054 700 aeruginem
1064 663 1132 687 non
1145 649 1299 689 faceffunt
1307 679 1319 696 ,
1335 661 1369 687 ut
1380 653 1471 688 inau.

85 710 123 734 ro
137 726 147 741 ,
159 711 295 749 argento
305 728 315 743 ,
325 701 517 744 adamante,
535 706 571 738 &
582 703 721 750 gemmis
735 712 819 749 pene
827 699 992 736 omnibus.

120 749 208 798 Κεφ.
223 748 348 785 causam
360 750 452 798 hujus
462 751 608 787 intestini
622 761 747 793 motus,
773 748 793 784 si
810 751 1040 798 Epicureorum
1061 749 1229 786 sententiae
1246 749 1401 786 accedere
1416 764 1476 787 vo-

84 795 188 833 lamus
198 828 207 843 ‚
221 809 261 833 ex
276 800 419 848 ingenita
440 812 627 836 atomorum
640 798 827 835 mobilitate
840 798 1073 848 proficisciHae
1089 802 1211 848 quippe
1230 802 1390 836 continuo
1407 801 1477 837 nisu

84 853 124 881 e‘x
139 845 273 883 aliarum
283 848 406 896 laqueis
419 847 480 884 sese
492 849 646 884 evolvere
656 858 826 884 conantur.
846 850 897 883 Sic
910 848 1106 884 convolutus
1116 849 1187 884 chal
1214 847 1251 884 bs
1265 848 1288 884 fi
1302 849 1476 887 diutiffime

84 897 171 931 ineo
188 898 268 932 statu
285 899 460 944 retineatur
471 927 481 942 ‚
497 900 565 934 vim
575 898 659 933 suam
677 896 841 932 elasticam
855 899 963 933 exuit:
981 898 1071 945 quod
1091 863 1269 933 tarditffmo
1291 909 1385 934 motu
1398 899 1477 934 cha-

84 943 169 993 lybis
179 957 289 996 partes
297 946 394 981 aliam
403 948 507 983 nastae
519 947 642 983 fuerint
652 958 811 983 texturam
827 961 834 983 :
849 946 932 981 adeo
943 958 978 981 ut
997 946 1072 982 hinc
1091 947 1214 994 liqueat
1227 947 1373 983 intestini
1387 948 1474 984 illius

83 1004 191 1030 motus
201 996 483 1045 tarditatem-pene·
495 996 657 1033 infinitam
669 995 731 1032 effe
742 993 838 1045 posse.
859 997 912 1031 Sic
922 997 1022 1031 etiam
1040 1009 1114 1032 cum
1127 998 1224 1046 virgae
1238 997 1350 1032 ferreae
1362 997 1473 1033 diutis-

83 1042 244 1088 sime,aut
260 1044 426 1090 fenestris,
449 1057 505 1081 aut
520 1050 654 1082 turrium
671 1045 798 1080 summis
819 1044 925 1082 infixae
943 1045 1149 1081 constantem
1166 1048 1234 1081 vim
1253 1049 1472 1094 magneticam

83 1095 247 1138 retinent,
262 1104 329 1128 tum
339 1093 417 1143 saepe
429 1105 552 1130 textura
563 1098 702 1145 partium
717 1093 835 1141 quibus
858 1094 981 1129 ferrum
994 1094 1121 1130 constat
1135 1124 1145 1138 ‚
1168 1094 1259 1129 lento
1275 1094 1358 1130 ultra
1371 1094 1475 1142 quam

83 1141 241 1177 credibile
255 1143 298 1177 est
308 1172 316 1186 ,
328 1154 420 1179 motu
434 1143 494 1179 fuit
507 1147 674 1180 immutata
684 1172 695 1188 ,
713 1155 787 1178 cum
802 1142 823 1177 a
839 1154 940 1186 tetra,
959 1153 997 1178 ut
1013 1142 1098 1179 infra
1117 1144 1259 1179 dicemus
1269 1172 1281 1188 ,
1296 1146 1363 1180 vim
1382 1143 1474 1181 illam

85 1195 303 1239 magne-ticam
316 1192 494 1228 hauserunt.

105 1240 221 1288 ,Qod
238 1240 259 1275 fi
271 1240 350 1276 vero
362 1240 512 1276 subtilem
525 1239 670 1276 Cartefiii
685 1239 888 1277 substantiam
908 1239 1056 1275 solidiora
1074 1252 1211 1289 quaeque
1236 1253 1372 1289 corpora
1399 1252 1475 1289 per-

83 1301 247 1325 meantem
260 1290 433 1325 admittere
447 1290 598 1326 volumus
611 1319 621 1334 ‚
636 1289 786 1338 profeCko
797 1289 919 1326 necesse
931 1288 978 1324 est
988 1301 1024 1324 ut
1037 1291 1068 1325 in
1082 1302 1189 1339 partes
1199 1302 1372 1340 corporum
1381 1291 1474 1328 iden-

80 1338 189 1375 tidem
201 1342 342 1376 ineurrat
351 1368 363 1384 ,
383 1339 498 1389 easque
506 1351 608 1375 motu
618 1339 695 1375 licet
707 1337 882 1375 insensibili
894 1340 1046 1388 exagitet.

609 1437 977 1491 οΑΡυτιη

288 1519 442 1565 Qaedam
457 1521 542 1555 circa
553 1519 611 1554 has
624 1519 802 1566 qualitates
808 1518 1011 1566 phaenomena
1029 1520 1245 1568 explicantur.

84 1584 186 1668 EX
199 1584 235 1616 iis
248 1584 347 1619 multa
361 1583 649 1633 explicaripoffimt
666 1583 744 1618 scitu
761 1595 830 1617 non·
842 1583 985 1631 indigna.
1008 1585 1055 1618 Ac
1077 1583 1184 1631 primo
1201 1584 1234 1617 id
1245 1582 1400 1630 quaeritur
1417 1593 1472 1616 cut

154 1631 288 1679 gypsum
301 1645 383 1680 aqua
394 1634 527 1668 dilutum
538 1635 570 1667 in
585 1632 699 1681 lapidis
713 1631 907 1667 soliditatem
918 1631 1110 1676 concrescat,
1129 1645 1196 1668 non
1208 1635 1288 1667 item
1303 1630 1371 1665 calx
1386 1633 1470 1665 viva.

115 1681 206 1728 Resp.
225 1683 273 1715 vir
282 1683 482 1730 pereruditus
495 1685 539 1718 D.
558 1681 713 1725 Rohanlt,
731 1679 888 1716 subeunte
899 1693 984 1729 aqua
1002 1680 1091 1730 gypsi
1111 1681 1201 1716 velut
1215 1679 1345 1730 granula
1363 1677 1403 1713 fic
1420 1679 1474 1713 di-

88 1730 172 1770 vidi,
185 1739 219 1763 ut
230 1742 268 1765 ex
285 1730 340 1765 illa
357 1731 509 1766 divisione
521 1730 623 1779 plures
642 1741 808 1778 emergant
830 1730 931 1777 quam
947 1732 1023 1765 ante
1037 1730 1156 1766 fuerint
1178 1728 1359 1778 superficies
1374 1756 1383 1770 ,
1399 1740 1472 1775 quae

86 1776 219 1825 expulso
231 1791 287 1827 per
306 1792 425 1827 nquam
441 1792 514 1815 aere
535 1778 596 1815 sese
607 1790 721 1814 mutuo
732 1780 934 1827 contingunt.
945 1779 1035 1813 Hinc
1044 1781 1133 1826 quies
1146 1781 1286 1827 partium
1301 1790 1339 1812 ex
1357 1779 1474 1811 imme-

86 1828 175 1861 diato
196 1830 350 1863 emmau
365 1858 375 1872 ,
397 1836 430 1867 &
445 1843 484 1865 ex
498 1830 610 1877 quiete
622 1829 762 1864 durities.
786 1828 886 1864 Unde
899 1826 919 1862 fi
940 1837 1023 1875 aqua
1042 1830 1194 1863 uberiore
1212 1825 1350 1877 gypsum
1371 1825 1474 1860 dilua-

90 1884 139 1910 tur
154 1905 163 1918 ‚
174 1883 271 1924 atque
286 1889 322 1912 ut
341 1881 432 1915 aiunt
443 1908 453 1921 ‚
473 1878 645 1914 inundetur
658 1907 668 1921 ,
684 1885 853 1925 nunquam
869 1876 1060 1912 concrescit:
1082 1877 1169 1923 quod
1186 1889 1292 1926 partes
1309 1873 1398 1925 gypsi
1415 1877 1477 1909 mi-

89 1927 330 1973 nutiores-aqua
341 1926 579 1963 interfluente&
595 1926 626 1962 se
639 1937 754 1961 mutuo
782 1925 974 1975 separentur.
996 1926 1060 1960 Sed
1080 1925 1156 1961 cum
1169 1939 1254 1974 aqua
1267 1926 1309 1961 est
1328 1926 1453 1973 parcior
1464 1952 1475 1966 ,

89 1972 190 2017 quam
200 1982 238 2007 ut
249 1983 301 2009 tot
311 1974 491 2024 superficies
506 1975 630 2011 ambiat
643 2005 653 2020 ,
670 1975 738 2025 ipso
750 1976 904 2011 contaehi
912 1975 1059 2010 duritiem
1077 1984 1182 2025 partes
1203 1977 1381 2023 acquirunt.
1397 1974 1474 2009 Un-

90 2021 131 2053 de
142 2021 228 2055 idem
239 2022 286 2055 est
302 2026 426 2070 pondus
433 2024 522 2074 gypfi
539 2024 677 2059 indurati
688 2054 697 2068 ‚
712 2024 800 2073 quod
809 2037 893 2073 aqua
903 2023 1009 2061 diluti.
1022 2027 1144 2073 Neque
1159 2027 1246 2061 enim
1260 2036 1350 2073 aquze
1363 2020 1473 2057 diffla-

90 2071 182 2103 tione
194 2099 204 2113 ,
219 2069 270 2104 sed
282 2069 495 2121 sola-partium
514 2075 626 2120 quiete
641 2074 824 2110 indurescit.

127 2121 162 2152 In
180 2118 266 2153 calce
285 2120 482 2171 verbpartee
503 2135 587 2169 aqua
606 2122 737 2170 perfusae
761 2127 808 2158 ita
825 2125 1025 2172 disjiciuntur
1037 2153 1047 2168 ‚
1064 2135 1101 2159 ut
1117 2123 1262 2160 subeunti
1282 2124 1348 2157 aeri
1365 2120 1474 2154 locum

90 2161 257 2215 praebeant*
269 2198 276 2211 ,
291 2181 345 2204 aut
355 2182 440 2206 certe
456 2170 517 2206 sese
530 2182 642 2205 mutuo
655 2172 746 2207 velut
756 2175 786 2208 in
799 2176 922 2222 punctis
938 2185 1072 2222 tangant
1087 2187 1094 2208 ε
1113 2176 1159 2208 ita
1176 2185 1215 2207 ut·
1230 2171 1299 2206 calx
1321 2182 1410 2215 aquae
1422 2167 1473 2201 af-

93 2215 216 2264 fusione
225 2218 331 2252 mollis
348 2249 357 2263 ,
376 2232 442 2255 non
459 2219 711 2256 duraefficiatur.
725 2221 948 2269 Haecquidem
967 2235 1084 2271 magna
1095 2235 1132 2256 ex
1145 2233 1235 2269 parte
1250 2231 1325 2254 vera
1338 2216 1398 2251 effe
1409 2228 1476 2251 non

87 2265 219 2300 inficior
233 2296 242 2309 ,
257 2266 436 2304 dummodo
455 2270 619 2304 contactui
637 2272 775 2316 partium
792 2270 916 2306 subtil-is
936 2274 1016 2305 aeris
1031 2269 1145 2314 pressio
1161 2270 1302 2303 accedat.

92 2361 111 2398 s
130 2318 293 2400 Qzaeritlsst
314 2337 338 2357 ι.
355 2331 409 2355 cur
424 2331 464 2355 ex
482 2319 564 2354 duris
589 2318 775 2368 corporibus
797 2322 939 2368 quaedam
955 2319 1130 2362 flexibilia,
1156 2317 1218 2353 alia
1238 2316 1389 2359 ductilia,
1418 2312 1480 2347 alia

102 2371 149 2400 int
188 2368 254 2415 tagi
271 2368 312 2405 ia.
580 2367 585 2369 ’
