1878 2724
467 144 828 186 TRACTATUS
874 144 1163 183 SECNDUS.
1453 155 1500 178 ni

112 205 293 252 repattem
306 201 498 250 quantitatis
513 212 549 235 ut
567 199 744 247 punElum,
762 201 848 245 qu'us
867 195 989 231 nullam
1003 207 1131 245 partem
1147 195 1224 230 ειᾶιι
1241 189 1409 228 considero
1434 209 1443 236 5
1468 203 1506 226 ut

115 252 255 297 lineam,
273 252 315 287 de
327 256 411 299 cujus
425 249 627 298 longitudine
639 257 764 282 tantum
773 245 839 280 sum
849 244 1000 280 sollicitus
1014 273 1025 289 ‚
1046 250 1079 282 &
1091 244 1231 279 latitudo
1241 239 1263 275 fi
1275 254 1374 290 quam
1388 241 1503 283 habet,

112 300 199 338 &me
208 314 275 338 non
286 299 461 350 inspicitur.
474 299 537 334 Sed
551 308 657 332 utrum
675 297 795 343 puncta
810 295 955 343 quaedarn
972 293 1032 330 fint
1052 295 1192 329 omnino
1204 289 1410 326 indivisibilia
1422 319 1431 333 ,
1447 302 1505 325 aut

116 362 185 387 non
209 350 272 386 alia
296 351 398 398 quam
416 347 544 397 physica
555 375 565 390 ‚
582 346 614 380 id
630 343 710 380 vero
726 344 902 379 decernere
920 344 961 378 ad
976 345 1192 378 Geonietram
1218 353 1285 376 non
1299 341 1453 389 pertinet.
1475 343 1503 374 Is

111 400 205 435 enim
218 399 447 434 circaidealem
460 398 678 444 quantitatem
693 423 704 438 ,
728 405 797 428 non
810 405 844 429 ut
859 393 907 427 est
926 395 959 428 in
974 394 1129 435 materia,
1144 403 1200 426 aut
1220 391 1255 424 in
1272 401 1380 423 rerum
1391 400 1504 424 natura

115 459 303 496 occupatur.
315 451 411 484 Secus
427 449 607 480 Geometra
621 442 685 491 ipse
709 443 960 478 contradiaotia
980 441 1214 478 demonstraret
1230 467 1241 482 ,
1263 438 1332 473 dari
1348 438 1504 472 nimirum

116 499 236 545 punCta
248 499 414 533 zenonica
426 524 436 539 ,
447 507 521 530 curn
536 492 672 528 circulus
683 491 806 525 :ceiam
820 490 942 525 lineam
954 493 988 525 in
1003 492 1126 539 puncto
1139 499 1250 538 tangat
1264 502 1272 522 ‚¹
1291 499 1328 521 ac
1339 485 1427 522 simul
1438 500 1506 522 non

115 545 185 580 dari
204 547 324 593 punCta
347 546 422 580 hinc
439 543 654 582 demonstrat,
685 539 774 587 quod
797 539 946 586 quaedam
962 539 1055 574 lineae
1073 538 1132 574 fint
1150 534 1503 574 incommensurabiles.

116 595 206 630 Nam
220 592 240 628 fi
264 595 381 630 dantur
401 594 520 641 punsta
542 590 729 631 Zenonica,
748 590 860 624 omnia
893 600 932 623 ex
953 590 990 623 iis
1019 587 1166 623 constare
1187 585 1406 620 demonstratu
1427 583 1507 618 faci-

118 642 149 677 le
164 644 221 680 est.
254 643 356 691 Qiod
374 641 396 677 fi
411 644 456 676 ita
471 639 508 675 fit
520 668 530 684 ‚
552 639 710 689 punctum
723 636 807 672 illud
828 640 890 673 erit
911 639 1095 673 communis
1114 665 1125 681 ‚
1154 640 1189 674 &c
1207 636 1344 670 minima
1359 634 1505 668 omnium

116 691 272 727 mensura.

149 754 173 785 3.
189 739 492 776 Demonstrationes
506 737 744 773 mathematicae
753 738 859 772 neutri
873 736 1024 785 opinioni
1046 734 1164 771 favent
1178 749 1189 771 t
1209 747 1277 770 non
1301 736 1338 769 iis
1353 734 1409 781 qui
1424 745 1506 768 con-

114 790 244 825 tinuum
254 801 294 825 ex
326 789 433 824 unffis
448 789 624 824 zenonicis
635 787 779 822 constare
793 785 908 820 volunt
924 800 932 821 :
954 796 1064 832 neque
1077 787 1117 819 iis
1135 787 1191 833 qui
1206 783 1285 819 illud
1296 785 1330 818 in
1342 781 1506 818 infinitum

115 837 220 872 dividi
238 802 324 887 possg
337 838 552 873 contendunt.
571 836 660 871 Cum
672 838 761 871 enim
779 848 810 871 v.
827 846 873 882 gr.
893 834 1097 871 demonstrat
1113 836 1294 869 Geometra
1310 830 1467 868 circulum
1485 831 1505 866 ὰ

115 888 204 923 reeta
222 887 327 931 linea,
352 899 407 922 aut
421 887 555 936 planum
571 885 591 921 a
603 883 707 933 globo
729 887 761 919 in
780 885 904 932 puncto
918 885 1033 932 tangi:
1065 884 1098 917 id
1116 896 1231 918 verum
1257 882 1304 917 est
1322 881 1363 916 de
1383 880 1507 929 punfio

115 936 374 979 mathematico,
398 949 464 971 non
478 935 518 969 de
534 935 655 982 puncto
676 935 856 969 Zenonico.
886 933 994 980 Atque
1014 932 1046 966 id
1062 934 1216 980 punctum
1237 931 1505 967 mathematicum

115 983 162 1020 est
175 997 289 1020 revera
299 983 481 1028 divifibile,
502 982 554 1019 sed
577 995 611 1018 ut
629 981 695 1017 tale
712 995 782 1018 non
801 980 1028 1018 considerauit.
1058 981 1110 1017 Est
1133 983 1219 1017 enim
1238 978 1362 1028 aequale
1389 978 1507 1026 cuspidi

115 1033 248 1076 circini,
265 1039 299 1071 δι
311 1033 443 1069 circulus
460 1033 504 1068 est
519 1032 681 1081 pei-festus
691 1060 702 1075 ,
721 1036 811 1079 cujus
824 1042 931 1080 partes
943 1029 1108 1079 aequaliter
1118 1031 1232 1066 distant
1250 1030 1270 1066 ὲ.
1290 1039 1404 1064 centro
1417 1055 1427 1069 ,
1453 1026 1507 1061 seu

113 1082 136 1118 ὲ
151 1085 273 1130 pumsto
285 1083 415 1118 medio:
433 1083 522 1130 quod
539 1081 615 1116 licet
628 1079 665 1115 fit
682 1092 797 1116 revera
812 1078 991 1123 divisibile,
1004 1078 1042 1115 sit
1057 1091 1168 1117 tamen
1178 1078 1352 1116 abstractio
1362 1075 1403 1112 ab
1419 1074 1504 1110 illius

115 1130 273 1180 partibus,
283 1137 317 1169 &
331 1131 461 1170 sumitur
484 1129 735 1170 indivisibiliter.
753 1131 815 1166 His
828 1128 995 1178 explicatis
1008 1128 1045 1165 sit

651 1229 764 1262 Prima
785 1225 955 1272 Conclufio.

146 1325 362 1364 ÷Probabilius
373 1325 415 1362 est
424 1329 617 1364 continuum
625 1339 693 1365 non
701 1325 844 1362 constare
861 1336 900 1361 ex
912 1324 1039 1373 pandus
1053 1323 1225 1360 zenonicis
1247 1335 1255 1357 z
1284 1324 1339 1360 vix
1354 1331 1464 1358 tamen
1475 1322 1508 1356 id

115 1375 328 1413 demonstrati
351 1377 467 1425 potest.

155 1425 271 1461 Multis
287 1428 484 1475 argumentis
496 1426 564 1460 haec
575 1422 736 1460 conclusio
751 1423 884 1472 probari
897 1422 981 1460 solet
994 1452 1004 1467 ,
1028 1434 1099 1459 tum
1112 1418 1249 1472 physicis
1259 1450 1269 1465 ,
1288 1430 1359 1457 tuni
1379 1420 1508 1456 mathe-

116 1476 261 1510 maticis:
275 1485 349 1521 quae
359 1485 468 1511 tamen
482 1473 503 1508 fi
513 1486 611 1510 unum
625 1472 728 1516 forte,
747 1485 806 1508 aut
819 1472 958 1509 alterurn
979 1474 1146 1522 exceperis
1159 1499 1169 1515 ,
1191 1483 1258 1506 non
1279 1471 1416 1506 omnino
1433 1481 1507 1518 per-

113 1523 258 1560 suadent.
277 1525 367 1560 Nam
377 1535 412 1558 ut
445 1525 581 1571 raecipua
592 1521 774 1558 summatim
783 1525 943 1573 attingam
958 1520 1111 1571 :vulgate
1121 1519 1200 1555 illud
1211 1518 1393 1555 Aristotelis
1408 1530 1505 1566 argu-

117 1584 267 1608 mentum
281 1600 290 1615 ,
302 1537 499 1608 indivisibile
515 1572 663 1606 additum
677 1570 883 1614 indivisibili,
900 1584 967 1606 non
984 1575 1083 1618 majus
1097 1568 1254 1616 quiddam
1263 1567 1392 1603 efficere
1405 1595 1415 1609 ,
1439 1577 1506 1602 tani

117 1619 214 1656 facile
221 1623 333 1669 negari
346 1621 450 1667 potest
463 1648 474 1663 ,
496 1620 596 1666 quiim
613 1618 768 1654 afferiiur.
787 1619 889 1666 Qiod
903 1620 991 1653 enim
1001 1618 1139 1666 idipsum
1152 1618 1228 1652 hinc
1238 1616 1382 1664 probant
1392 1644 1402 1658 ,
1419 1615 1508 1662 quod

117 1669 182 1704 duo
191 1670 311 1717 piiiista
325 1667 388 1704 sese
398 1679 572 1718 penetrent
582 1697 593 1712 ‚
609 1680 684 1703 cum
704 1665 766 1702 sese
776 1678 914 1717 tangunt
927 1695 937 1711 ,
966 1678 1068 1714 eaque
1088 1664 1198 1710 simul,
1211 1671 1245 1703 δι
1256 1667 1290 1700 in
1303 1664 1423 1699 eodem
1443 1661 1508 1698 loci

118 1720 242 1767 puncto
269 1716 375 1753 insmt.

167 1764 468 1812 Respondes-isacii?
480 1764 576 1813 potest
591 1764 662 1810 dist.
676 1775 749 1801 ant.
767 1766 849 1801 Sunt
868 1762 960 1799 fimul
978 1765 1010 1799 in
1025 1764 1143 1798 eodem
1159 1761 1234 1797 loco
1245 1791 1254 1805 ,
1275 1762 1339 1797 hoc
1352 1762 1419 1805 est,
1436 1761 1507 1796 sunt

116 1820 204 1864 §uitta
214 1814 245 1850 se
258 1817 398 1850 invicem
411 1813 511 1863 polita
528 1843 537 1857 ,
560 1819 593 1851 &
605 1813 686 1850 nihil
698 1816 783 1849 inter
799 1827 836 1849 ea
851 1815 1075 1861 intercipitur,
1093 1815 1131 1847 C.
1147 1810 1264 1846 suntin
1285 1811 1402 1846 eodem
1427 1823 1509 1859 pun-

119 1866 174 1900 ὀὶο
190 1864 253 1904 loci
263 1893 273 1908 ,
290 1864 341 1900 N.
352 1863 454 1910 Qod
465 1875 577 1898 autem
595 1862 779 1913 supponunt
792 1875 831 1898 ea
850 1861 1044 1897 sesemutuo
1058 1867 1092 1899 δι
1110 1858 1286 1896 seeundum
1301 1860 1333 1894 se
1347 1870 1417 1895 tota
1427 1872 1509 1894 con-

117 1915 244 1963 tingere
256 1942 267 1957 ,
283 1913 315 1947 id
328 1912 582 1961 intelligendum
599 1913 643 1947 est
653 1914 820 1961 negative.
834 1914 916 1948 Non
928 1913 1017 1947 enim
1037 1911 1169 1959 proprie
1190 1919 1295 1945 totum
1312 1908 1375 1944 dici
1385 1908 1505 1957 potest,

114 1963 206 2045 guod
217 1973 306 1997 caret
317 1960 469 2011 partibus.
488 1962 540 1996 Sic
553 1963 664 1996 anima
673 1962 791 1997 dicitur
804 1960 866 1996 effe
883 1971 951 1995 tota
964 1962 998 1995 in
1015 1959 1130 2003 oculo,
1149 1958 1238 2007 quod
1251 1969 1323 2007 pars
1334 1957 1420 1993 illius
1438 1970 1507 1992 non

130 2021 156 2045 it
170 2012 203 2046 in
216 2011 310 2059 pede,
324 2013 422 2045 autin
431 2022 540 2045 manu.
555 2011 606 2045 Sic
614 2010 696 2046 nihil
706 2009 752 2045 est
764 2013 796 2046 in
811 2023 878 2047 uno
890 2011 1013 2058 puncto
1024 2009 1112 2058 quod
1125 2007 1210 2043 aliud
1225 2020 1290 2043 non
1303 2018 1415 2056 tangat
1429 2020 1437 2042 :
1451 2005 1506 2041 sed

119 2069 232 2094 tamen
242 2071 343 2093 unum
353 2060 396 2093 est
409 2070 496 2093 extra
509 2058 598 2094 aliud
610 2087 620 2103 ,
637 2072 699 2096 nec
713 2058 776 2095 sese
789 2069 982 2109 penetrant,
1005 2070 1067 2095 nec
1081 2059 1254 2106 quicquam
1278 2055 1365 2092 aliud
1383 2058 1506 2104 tangit,

122 2106 182 2145 nisi
190 2110 222 2142 ei
236 2105 271 2142 fit
281 2106 505 2142 extrinsecum.

150 2157 187 2191 ld
210 2167 320 2191 tamen
343 2154 494 2189 validiori
526 2167 720 2204 argumento
741 2155 882 2207 probare
906 2156 1010 2193 solent
1035 2155 1084 2193 :si
1101 2157 1185 2190 inter
1206 2153 1270 2188 duo
1298 2155 1418 2203 pirna-:i
1437 2163 1504 2186 ter-

120 2208 203 2242 tium
233 2207 446 2253 interjaceat,
480 2217 548 2239 non
567 2208 666 2253 magis
685 2208 776 2242 'inter
798 2206 828 2241 se
850 2206 1017 2243 distabunt
1034 2235 1044 2249 ‚
1091 2205 1192 2252 quiam
1219 2201 1240 2237 fi
1271 2216 1309 2238 ea
1339 2201 1368 2236 sc
1391 2212 1506 2235 mutuo

122 2265 314 2303 tangerent,
327 2253 472 2287 distantia
486 2255 606 2301 qnippe
622 2256 704 2289 inter
730 2268 768 2289 ea
786 2256 852 2290 duo
868 2257 987 2305 puncta
1003 2256 1047 2290 est
1059 2251 1270 2289 indivisibilis.
1298 2250 1392 2284 Adde
1407 2261 1505 2296 quar-

124 2315 217 2389 }ugilg
233 2315 275 2338 ne
293 2302 372 2338 illud
384 2302 519 2350 quidem
538 2302 673 2350 augebit
687 2303 868 2339 distantiam
880 2333 890 2346 ,
912 2304 965 2339 seu
978 2301 1196 2339 extensionem
1212 2327 1223 2342 ,
1246 2311 1320 2335 cum
1335 2299 1372 2334 sit
1385 2298 1505 2333 indivi-

139 2366 150 2387 ι
174 2365 184 2386 i
219 2379 230 2387 .

172 2416 198 2439 ι..
218 2401 300 2438 illud
314 2414 449 2450 quoque
471 2399 579 2437 afferri
593 2398 674 2435 solet
694 2398 840 2436 adversus
858 2403 1029 2438 Zenonem
1047 2409 1272 2447 argumentum
1287 2425 1297 2439 ,
1319 2399 1515 2433 continuum
