<?xml version="1.0" encoding="UTF-8"?>
<!DOCTYPE html PUBLIC "-//W3C//DTD XHTML 1.0 Transitional//EN"
    "http://www.w3.org/TR/xhtml1/DTD/xhtml1-transitional.dtd">
<html xmlns="http://www.w3.org/1999/xhtml" xml:lang="en" lang="en">
 <head>
  <title>
</title>
<meta http-equiv="Content-Type" content="text/html;charset=utf-8" />
  <meta name='ocr-system' content='tesseract 3.04.00' />
  <meta name='ocr-capabilities' content='ocr_page ocr_carea ocr_par ocr_line ocrx_word'/>
</head>
<body>
  <div class='ocr_page' id='page_1' title='image "./philosophiavetus02duhauoft_0617.png"; bbox 0 0 1878 2724; ppageno 0'>
   <div class='ocr_carea' id='block_1_1' title="bbox 85 157 1489 1027">
    <p class='ocr_par' dir='ltr' id='par_1_1' title="bbox 87 157 1489 686">
     <span class='ocr_line' id='line_1_1' title="bbox 91 157 1489 243; baseline -0.006 -10"><span class='ocrx_word' id='word_1_1' title='bbox 91 197 140 233; x_wconf 84' lang='lat' dir='ltr'>nis</span> <span class='ocrx_word' id='word_1_2' title='bbox 165 195 341 232; x_wconf 82' lang='lat' dir='ltr'>reflexione</span> <span class='ocrx_word' id='word_1_3' title='bbox 360 192 425 243; x_wconf 82' lang='lat' dir='ltr'>ipsa</span> <span class='ocrx_word' id='word_1_4' title='bbox 441 193 612 242; x_wconf 87' lang='lat' dir='ltr'>plurimum</span> <span class='ocrx_word' id='word_1_5' title='bbox 631 206 762 242; x_wconf 84' lang='lat' dir='ltr'>augetur</span> <span class='ocrx_word' id='word_1_6' title='bbox 784 193 876 229; x_wconf 87' lang='lat' dir='ltr'>sonus</span> <span class='ocrx_word' id='word_1_7' title='bbox 890 223 900 236; x_wconf 94' lang='lat'>‚</span> <span class='ocrx_word' id='word_1_8' title='bbox 923 206 956 228; x_wconf 90' lang='lat' dir='ltr'>ut</span> <span class='ocrx_word' id='word_1_9' title='bbox 975 195 1008 227; x_wconf 85' lang='lat' dir='ltr'>in</span> <span class='ocrx_word' id='word_1_10' title='bbox 1021 188 1130 235; x_wconf 78' lang='lat' dir='ltr'>tibiis,</span> <span class='ocrx_word' id='word_1_11' title='bbox 1143 195 1179 227; x_wconf 86' lang='lat'>&amp;</span> <span class='ocrx_word' id='word_1_12' title='bbox 1201 190 1284 227; x_wconf 86' lang='lat' dir='ltr'>tubis</span> <span class='ocrx_word' id='word_1_13' title='bbox 1297 157 1489 240; x_wconf 52' lang='lat' dir='ltr'>experinlur.</span> 
     </span>
     <span class='ocr_line' id='line_1_2' title="bbox 91 239 1488 293; baseline -0.005 -13"><span class='ocrx_word' id='word_1_14' title='bbox 91 247 162 293; x_wconf 77' lang='lat' dir='ltr'>Qii</span> <span class='ocrx_word' id='word_1_15' title='bbox 178 247 264 280; x_wconf 85' lang='lat' dir='ltr'>enim</span> <span class='ocrx_word' id='word_1_16' title='bbox 277 247 420 293; x_wconf 86' lang='lat' dir='ltr'>primum</span> <span class='ocrx_word' id='word_1_17' title='bbox 438 243 595 279; x_wconf 87' lang='lat' dir='ltr'>formatur</span> <span class='ocrx_word' id='word_1_18' title='bbox 606 244 697 278; x_wconf 87' lang='lat' dir='ltr'>sonus</span> <span class='ocrx_word' id='word_1_19' title='bbox 710 272 719 286; x_wconf 88' lang='lat'><strong>,</strong></span> <span class='ocrx_word' id='word_1_20' title='bbox 738 255 822 291; x_wconf 85' lang='lat' dir='ltr'>pene</span> <span class='ocrx_word' id='word_1_21' title='bbox 844 243 891 277; x_wconf 87' lang='lat' dir='ltr'>est</span> <span class='ocrx_word' id='word_1_22' title='bbox 904 241 1090 277; x_wconf 81' lang='lat' dir='ltr'>insensibilis</span> <span class='ocrx_word' id='word_1_23' title='bbox 1102 271 1112 284; x_wconf 89' lang='lat'>,</span> <span class='ocrx_word' id='word_1_24' title='bbox 1127 240 1180 275; x_wconf 88' lang='lat' dir='ltr'>sed</span> <span class='ocrx_word' id='word_1_25' title='bbox 1203 240 1320 275; x_wconf 81' lang='lat' dir='ltr'>crebris</span> <span class='ocrx_word' id='word_1_26' title='bbox 1340 239 1488 275; x_wconf 82' lang='lat' dir='ltr'>reflexio-</span> 
     </span>
     <span class='ocr_line' id='line_1_3' title="bbox 88 288 1488 339; baseline -0.004 -10"><span class='ocrx_word' id='word_1_27' title='bbox 88 295 184 330; x_wconf 86' lang='lat' dir='ltr'>nibus</span> <span class='ocrx_word' id='word_1_28' title='bbox 195 296 228 328; x_wconf 79' lang='lat' dir='ltr'>in</span> <span class='ocrx_word' id='word_1_29' title='bbox 242 306 324 328; x_wconf 88' lang='lat' dir='ltr'>cavo</span> <span class='ocrx_word' id='word_1_30' title='bbox 339 294 543 328; x_wconf 79' lang='lat' dir='ltr'>instrumenti</span> <span class='ocrx_word' id='word_1_31' title='bbox 555 293 742 328; x_wconf 80' lang='lat' dir='ltr'>intenditur.</span> <span class='ocrx_word' id='word_1_32' title='bbox 766 294 818 326; x_wconf 79' lang='lat' dir='ltr'>Sic</span> <span class='ocrx_word' id='word_1_33' title='bbox 829 292 960 339; x_wconf 84' lang='lat' dir='ltr'>clangor</span> <span class='ocrx_word' id='word_1_34' title='bbox 974 289 1061 325; x_wconf 80' lang='lat' dir='ltr'>tubae</span> <span class='ocrx_word' id='word_1_35' title='bbox 1079 289 1099 326; x_wconf 73' lang='grc' dir='ltr'>ὲ</span> <span class='ocrx_word' id='word_1_36' title='bbox 1125 288 1359 337; x_wconf 67' lang='lat' dir='ltr'>compressione</span> <span class='ocrx_word' id='word_1_37' title='bbox 1382 289 1488 324; x_wconf 84' lang='lat' dir='ltr'>labio-</span> 
     </span>
     <span class='ocr_line' id='line_1_4' title="bbox 89 339 1486 391; baseline -0.003 -14"><span class='ocrx_word' id='word_1_38' title='bbox 89 354 159 378; x_wconf 84' lang='lat' dir='ltr'>tum</span> <span class='ocrx_word' id='word_1_39' title='bbox 171 341 320 379; x_wconf 84' lang='lat' dir='ltr'>efficitur.</span> <span class='ocrx_word' id='word_1_40' title='bbox 334 346 370 377; x_wconf 89' lang='lat' dir='ltr'>In</span> <span class='ocrx_word' id='word_1_41' title='bbox 388 341 467 377; x_wconf 87' lang='lat' dir='ltr'>tuba</span> <span class='ocrx_word' id='word_1_42' title='bbox 481 342 662 391; x_wconf 82' lang='lat' dir='ltr'>Anglicana</span> <span class='ocrx_word' id='word_1_43' title='bbox 678 340 719 375; x_wconf 82' lang='lat' dir='ltr'>ab</span> <span class='ocrx_word' id='word_1_44' title='bbox 736 339 889 375; x_wconf 84' lang='lat' dir='ltr'>omnibns</span> <span class='ocrx_word' id='word_1_45' title='bbox 904 342 991 375; x_wconf 89' lang='lat' dir='ltr'>vocis</span> <span class='ocrx_word' id='word_1_46' title='bbox 1006 341 1134 388; x_wconf 86' lang='lat' dir='ltr'>organis</span> <span class='ocrx_word' id='word_1_47' title='bbox 1158 339 1317 374; x_wconf 86' lang='lat' dir='ltr'>formatus</span> <span class='ocrx_word' id='word_1_48' title='bbox 1345 339 1486 374; x_wconf 86' lang='lat' dir='ltr'>intendi-</span> 
     </span>
     <span class='ocr_line' id='line_1_5' title="bbox 91 386 1484 438; baseline -0.004 -12"><span class='ocrx_word' id='word_1_49' title='bbox 91 403 158 428; x_wconf 89' lang='lat' dir='ltr'>tur:</span> <span class='ocrx_word' id='word_1_50' title='bbox 178 405 243 426; x_wconf 91' lang='lat' dir='ltr'>non</span> <span class='ocrx_word' id='word_1_51' title='bbox 258 392 321 426; x_wconf 87' lang='lat' dir='ltr'>alio</span> <span class='ocrx_word' id='word_1_52' title='bbox 334 392 403 427; x_wconf 87' lang='lat' dir='ltr'>fere</span> <span class='ocrx_word' id='word_1_53' title='bbox 421 393 521 426; x_wconf 89' lang='lat' dir='ltr'>modo</span> <span class='ocrx_word' id='word_1_54' title='bbox 533 404 569 425; x_wconf 82' lang='lat' dir='ltr'>ac</span> <span class='ocrx_word' id='word_1_55' title='bbox 586 403 653 426; x_wconf 84' lang='lat' dir='ltr'>vox</span> <span class='ocrx_word' id='word_1_56' title='bbox 665 390 728 438; x_wconf 88' lang='lat' dir='ltr'>ipsa</span> <span class='ocrx_word' id='word_1_57' title='bbox 747 392 782 424; x_wconf 92' lang='lat' dir='ltr'>in</span> <span class='ocrx_word' id='word_1_58' title='bbox 795 389 892 437; x_wconf 86' lang='lat' dir='ltr'>palati</span> <span class='ocrx_word' id='word_1_59' title='bbox 908 391 1050 424; x_wconf 83' lang='lat' dir='ltr'>cavitate</span> <span class='ocrx_word' id='word_1_60' title='bbox 1068 392 1264 424; x_wconf 88' lang='lat' dir='ltr'>incrementa</span> <span class='ocrx_word' id='word_1_61' title='bbox 1278 386 1374 422; x_wconf 87' lang='lat' dir='ltr'>sumit</span> <span class='ocrx_word' id='word_1_62' title='bbox 1389 416 1393 423; x_wconf 78' lang='lat'><em>.</em></span> <span class='ocrx_word' id='word_1_63' title='bbox 1406 387 1484 422; x_wconf 88' lang='lat' dir='ltr'>dum</span> 
     </span>
     <span class='ocr_line' id='line_1_6' title="bbox 90 436 1485 488; baseline -0.004 -12"><span class='ocrx_word' id='word_1_64' title='bbox 90 440 509 488; x_wconf 73' lang='lat' dir='ltr'>succingentismembranae</span> <span class='ocrx_word' id='word_1_65' title='bbox 525 440 684 483; x_wconf 73' lang='lat' dir='ltr'>particulae</span> <span class='ocrx_word' id='word_1_66' title='bbox 709 451 805 487; x_wconf 87' lang='lat' dir='ltr'>quam</span> <span class='ocrx_word' id='word_1_67' title='bbox 827 436 978 473; x_wconf 81' lang='lat' dir='ltr'>citiffime</span> <span class='ocrx_word' id='word_1_68' title='bbox 994 439 1163 487; x_wconf 76' lang='lat' dir='ltr'>agitantur.</span> <span class='ocrx_word' id='word_1_69' title='bbox 1197 439 1252 471; x_wconf 82' lang='lat' dir='ltr'>Sic</span> <span class='ocrx_word' id='word_1_70' title='bbox 1271 438 1303 471; x_wconf 92' lang='lat' dir='ltr'>in</span> <span class='ocrx_word' id='word_1_71' title='bbox 1326 436 1485 471; x_wconf 77' lang='lat' dir='ltr'>testudine</span> 
     </span>
     <span class='ocr_line' id='line_1_7' title="bbox 89 484 1486 539; baseline -0.006 -13"><span class='ocrx_word' id='word_1_72' title='bbox 89 492 166 526; x_wconf 86' lang='lat' dir='ltr'>&amp;in</span> <span class='ocrx_word' id='word_1_73' title='bbox 175 491 242 525; x_wconf 82' lang='lat' dir='ltr'>aliis</span> <span class='ocrx_word' id='word_1_74' title='bbox 262 493 391 539; x_wconf 77' lang='lat' dir='ltr'>organis</span> <span class='ocrx_word' id='word_1_75' title='bbox 413 491 506 524; x_wconf 89' lang='lat' dir='ltr'>nervi</span> <span class='ocrx_word' id='word_1_76' title='bbox 531 491 645 538; x_wconf 83' lang='lat' dir='ltr'>agitati</span> <span class='ocrx_word' id='word_1_77' title='bbox 671 489 838 536; x_wconf 88' lang='lat' dir='ltr'>superioris</span> <span class='ocrx_word' id='word_1_78' title='bbox 862 485 993 523; x_wconf 81' lang='lat' dir='ltr'>tabellae</span> <span class='ocrx_word' id='word_1_79' title='bbox 1013 484 1183 535; x_wconf 83' lang='lat' dir='ltr'>particulas</span> <span class='ocrx_word' id='word_1_80' title='bbox 1206 486 1319 520; x_wconf 83' lang='lat' dir='ltr'>itidem</span> <span class='ocrx_word' id='word_1_81' title='bbox 1335 498 1486 521; x_wconf 84' lang='lat' dir='ltr'>commo.</span> 
     </span>
     <span class='ocr_line' id='line_1_8' title="bbox 89 533 1484 585; baseline -0.004 -13"><span class='ocrx_word' id='word_1_82' title='bbox 89 550 171 575; x_wconf 89' lang='lat' dir='ltr'>vent</span> <span class='ocrx_word' id='word_1_83' title='bbox 184 567 192 580; x_wconf 88' lang='lat'>,</span> <span class='ocrx_word' id='word_1_84' title='bbox 207 551 278 585; x_wconf 81' lang='lat' dir='ltr'>quae</span> <span class='ocrx_word' id='word_1_85' title='bbox 296 538 453 574; x_wconf 89' lang='lat' dir='ltr'>inclusum</span> <span class='ocrx_word' id='word_1_86' title='bbox 470 550 580 573; x_wconf 88' lang='lat' dir='ltr'>aerem</span> <span class='ocrx_word' id='word_1_87' title='bbox 601 537 756 572; x_wconf 75' lang='lat' dir='ltr'>consimili</span> <span class='ocrx_word' id='word_1_88' title='bbox 773 548 866 571; x_wconf 86' lang='lat' dir='ltr'>motu</span> <span class='ocrx_word' id='word_1_89' title='bbox 887 535 1085 583; x_wconf 84' lang='lat' dir='ltr'>percellunt:</span> <span class='ocrx_word' id='word_1_90' title='bbox 1102 536 1155 571; x_wconf 88' lang='lat' dir='ltr'>hic</span> <span class='ocrx_word' id='word_1_91' title='bbox 1171 537 1360 570; x_wconf 88' lang='lat' dir='ltr'>interiorem</span> <span class='ocrx_word' id='word_1_92' title='bbox 1377 533 1484 569; x_wconf 87' lang='lat' dir='ltr'>tabel-</span> 
     </span>
     <span class='ocr_line' id='line_1_9' title="bbox 89 583 1483 636; baseline -0.003 -14"><span class='ocrx_word' id='word_1_93' title='bbox 89 586 127 622; x_wconf 81' lang='lat' dir='ltr'>lae</span> <span class='ocrx_word' id='word_1_94' title='bbox 148 587 348 636; x_wconf 76' lang='lat' dir='ltr'>ssiperficiem</span> <span class='ocrx_word' id='word_1_95' title='bbox 364 587 449 629; x_wconf 84' lang='lat' dir='ltr'>ferit,</span> <span class='ocrx_word' id='word_1_96' title='bbox 467 591 553 634; x_wconf 85' lang='lat' dir='ltr'>cujus</span> <span class='ocrx_word' id='word_1_97' title='bbox 570 586 732 635; x_wconf 78' lang='lat' dir='ltr'>particulce</span> <span class='ocrx_word' id='word_1_98' title='bbox 748 584 864 620; x_wconf 83' lang='lat' dir='ltr'>resultu</span> <span class='ocrx_word' id='word_1_99' title='bbox 879 585 935 620; x_wconf 90' lang='lat' dir='ltr'>suo</span> <span class='ocrx_word' id='word_1_100' title='bbox 955 598 1064 620; x_wconf 87' lang='lat' dir='ltr'>aerem</span> <span class='ocrx_word' id='word_1_101' title='bbox 1087 588 1201 620; x_wconf 85' lang='lat' dir='ltr'>iterum</span> <span class='ocrx_word' id='word_1_102' title='bbox 1220 583 1413 627; x_wconf 80' lang='lat' dir='ltr'>verberant,</span> <span class='ocrx_word' id='word_1_103' title='bbox 1425 586 1483 631; x_wconf 82' lang='lat' dir='ltr'>qui</span> 
     </span>
     <span class='ocr_line' id='line_1_10' title="bbox 87 634 1147 686; baseline 0 -16"><span class='ocrx_word' id='word_1_104' title='bbox 87 648 144 686; x_wconf 85' lang='lat' dir='ltr'>per</span> <span class='ocrx_word' id='word_1_105' title='bbox 159 636 319 671; x_wconf 78' lang='lat' dir='ltr'>foramina</span> <span class='ocrx_word' id='word_1_106' title='bbox 332 648 407 685; x_wconf 86' lang='lat' dir='ltr'>apte</span> <span class='ocrx_word' id='word_1_107' title='bbox 419 635 564 684; x_wconf 81' lang='lat' dir='ltr'>disposita</span> <span class='ocrx_word' id='word_1_108' title='bbox 573 648 743 685; x_wconf 83' lang='lat' dir='ltr'>erumpens</span> <span class='ocrx_word' id='word_1_109' title='bbox 760 635 884 670; x_wconf 84' lang='lat' dir='ltr'>auditus</span> <span class='ocrx_word' id='word_1_110' title='bbox 895 645 1052 681; x_wconf 82' lang='lat' dir='ltr'>organum</span> <span class='ocrx_word' id='word_1_111' title='bbox 1063 634 1147 670; x_wconf 81' lang='lat' dir='ltr'>ferit.</span> 
     </span>
    </p>

    <p class='ocr_par' dir='ltr' id='par_1_2' title="bbox 85 683 1482 1027">
     <span class='ocr_line' id='line_1_11' title="bbox 125 683 1480 734; baseline -0.003 -13"><span class='ocrx_word' id='word_1_112' title='bbox 125 684 228 721; x_wconf 89' lang='lat' dir='ltr'>Tubae</span> <span class='ocrx_word' id='word_1_113' title='bbox 245 698 357 720; x_wconf 85' lang='lat' dir='ltr'>omnes</span> <span class='ocrx_word' id='word_1_114' title='bbox 373 698 412 721; x_wconf 85' lang='lat' dir='ltr'>ex</span> <span class='ocrx_word' id='word_1_115' title='bbox 422 686 556 734; x_wconf 82' lang='lat' dir='ltr'>angusto</span> <span class='ocrx_word' id='word_1_116' title='bbox 580 684 681 733; x_wconf 79' lang='lat' dir='ltr'>spatio</span> <span class='ocrx_word' id='word_1_117' title='bbox 696 688 730 719; x_wconf 73' lang='lat' dir='ltr'>in</span> <span class='ocrx_word' id='word_1_118' title='bbox 754 683 854 718; x_wconf 87' lang='lat' dir='ltr'>latum</span> <span class='ocrx_word' id='word_1_119' title='bbox 869 684 1084 731; x_wconf 77' lang='lat' dir='ltr'>ampliantur:</span> <span class='ocrx_word' id='word_1_120' title='bbox 1103 696 1179 718; x_wconf 86' lang='lat' dir='ltr'>nam</span> <span class='ocrx_word' id='word_1_121' title='bbox 1193 685 1228 717; x_wconf 87' lang='lat' dir='ltr'>in</span> <span class='ocrx_word' id='word_1_122' title='bbox 1251 684 1341 718; x_wconf 60' lang='lat' dir='ltr'>arelo</span> <span class='ocrx_word' id='word_1_123' title='bbox 1355 683 1480 719; x_wconf 81' lang='lat' dir='ltr'>orificio</span> 
     </span>
     <span class='ocr_line' id='line_1_12' title="bbox 87 731 1482 783; baseline -0.001 -15"><span class='ocrx_word' id='word_1_124' title='bbox 87 734 251 783; x_wconf 69' lang='lat' dir='ltr'>particurlae</span> <span class='ocrx_word' id='word_1_125' title='bbox 270 734 393 768; x_wconf 86' lang='lat' dir='ltr'>facilius</span> <span class='ocrx_word' id='word_1_126' title='bbox 413 736 635 768; x_wconf 85' lang='lat' dir='ltr'>concutiuntur</span> <span class='ocrx_word' id='word_1_127' title='bbox 649 751 658 778; x_wconf 81' lang='lat'>3</span> <span class='ocrx_word' id='word_1_128' title='bbox 674 742 711 768; x_wconf 83' lang='lat' dir='ltr'>ac</span> <span class='ocrx_word' id='word_1_129' title='bbox 722 732 943 781; x_wconf 66' lang='lat' dir='ltr'>multiplicatae</span> <span class='ocrx_word' id='word_1_130' title='bbox 970 731 1161 767; x_wconf 84' lang='lat' dir='ltr'>reflexiones</span> <span class='ocrx_word' id='word_1_131' title='bbox 1186 744 1261 766; x_wconf 89' lang='lat' dir='ltr'>eum</span> <span class='ocrx_word' id='word_1_132' title='bbox 1277 744 1404 768; x_wconf 83' lang='lat' dir='ltr'>motum</span> <span class='ocrx_word' id='word_1_133' title='bbox 1424 746 1482 767; x_wconf 90' lang='lat' dir='ltr'>au-</span> 
     </span>
     <span class='ocr_line' id='line_1_13' title="bbox 87 780 1479 832; baseline 0 -16"><span class='ocrx_word' id='word_1_134' title='bbox 87 795 165 832; x_wconf 83' lang='lat' dir='ltr'>gent</span> <span class='ocrx_word' id='word_1_135' title='bbox 178 811 186 826; x_wconf 86' lang='lat'><strong>,</strong></span> <span class='ocrx_word' id='word_1_136' title='bbox 199 789 231 820; x_wconf 90' lang='lat'>&amp;</span> <span class='ocrx_word' id='word_1_137' title='bbox 248 788 404 832; x_wconf 85' lang='lat' dir='ltr'>majorem</span> <span class='ocrx_word' id='word_1_138' title='bbox 416 782 547 818; x_wconf 85' lang='lat' dir='ltr'>subinde</span> <span class='ocrx_word' id='word_1_139' title='bbox 563 785 684 819; x_wconf 79' lang='lat' dir='ltr'>externi</span> <span class='ocrx_word' id='word_1_140' title='bbox 699 785 779 817; x_wconf 81' lang='lat' dir='ltr'>aeris</span> <span class='ocrx_word' id='word_1_141' title='bbox 794 780 915 816; x_wconf 88' lang='lat' dir='ltr'>molem</span> <span class='ocrx_word' id='word_1_142' title='bbox 929 784 1120 827; x_wconf 81' lang='lat' dir='ltr'>percutiunt.</span> <span class='ocrx_word' id='word_1_143' title='bbox 1134 783 1211 816; x_wconf 86' lang='lat' dir='ltr'>Hoc</span> <span class='ocrx_word' id='word_1_144' title='bbox 1225 783 1313 815; x_wconf 87' lang='lat' dir='ltr'>enim</span> <span class='ocrx_word' id='word_1_145' title='bbox 1328 781 1479 817; x_wconf 77' lang='lat' dir='ltr'>intensior</span> 
     </span>
     <span class='ocr_line' id='line_1_14' title="bbox 87 828 1478 880; baseline -0.002 -13"><span class='ocrx_word' id='word_1_146' title='bbox 87 832 133 867; x_wconf 83' lang='lat' dir='ltr'>est</span> <span class='ocrx_word' id='word_1_147' title='bbox 151 832 243 867; x_wconf 88' lang='lat' dir='ltr'>sonus</span> <span class='ocrx_word' id='word_1_148' title='bbox 253 861 262 876; x_wconf 87' lang='lat'>‚</span> <span class='ocrx_word' id='word_1_149' title='bbox 280 846 347 880; x_wconf 87' lang='lat' dir='ltr'>quo</span> <span class='ocrx_word' id='word_1_150' title='bbox 361 833 466 880; x_wconf 85' lang='lat' dir='ltr'>plures</span> <span class='ocrx_word' id='word_1_151' title='bbox 485 832 647 879; x_wconf 84' lang='lat' dir='ltr'>particulae</span> <span class='ocrx_word' id='word_1_152' title='bbox 672 834 811 879; x_wconf 84' lang='lat' dir='ltr'>primum</span> <span class='ocrx_word' id='word_1_153' title='bbox 824 828 957 878; x_wconf 80' lang='lat' dir='ltr'>percussi</span> <span class='ocrx_word' id='word_1_154' title='bbox 972 833 1113 878; x_wconf 85' lang='lat' dir='ltr'>corporis</span> <span class='ocrx_word' id='word_1_155' title='bbox 1127 859 1136 873; x_wconf 91' lang='lat'><em>‚</em></span> <span class='ocrx_word' id='word_1_156' title='bbox 1149 830 1267 864; x_wconf 89' lang='lat' dir='ltr'>deinde</span> <span class='ocrx_word' id='word_1_157' title='bbox 1287 829 1379 877; x_wconf 78' lang='lat' dir='ltr'>ipsius</span> <span class='ocrx_word' id='word_1_158' title='bbox 1394 833 1478 865; x_wconf 83' lang='lat' dir='ltr'>aeris</span> 
     </span>
     <span class='ocr_line' id='line_1_15' title="bbox 86 878 1479 927; baseline -0.001 -12"><span class='ocrx_word' id='word_1_159' title='bbox 86 893 345 923; x_wconf 59' lang='lat' dir='ltr'>commoventur,</span> <span class='ocrx_word' id='word_1_160' title='bbox 370 883 433 916; x_wconf 84' lang='lat' dir='ltr'>Aer</span> <span class='ocrx_word' id='word_1_161' title='bbox 448 893 525 914; x_wconf 89' lang='lat' dir='ltr'>vero</span> <span class='ocrx_word' id='word_1_162' title='bbox 542 880 694 927; x_wconf 81' lang='lat' dir='ltr'>perculsus</span> <span class='ocrx_word' id='word_1_163' title='bbox 707 882 886 913; x_wconf 86' lang='lat' dir='ltr'>vicinorum</span> <span class='ocrx_word' id='word_1_164' title='bbox 899 890 1070 925; x_wconf 84' lang='lat' dir='ltr'>corporum</span> <span class='ocrx_word' id='word_1_165' title='bbox 1083 878 1254 927; x_wconf 87' lang='lat' dir='ltr'>particulas</span> <span class='ocrx_word' id='word_1_166' title='bbox 1274 878 1347 912; x_wconf 81' lang='lat' dir='ltr'>ferit</span> <span class='ocrx_word' id='word_1_167' title='bbox 1360 908 1369 921; x_wconf 90' lang='lat'>‚</span> <span class='ocrx_word' id='word_1_168' title='bbox 1398 885 1431 916; x_wconf 74' lang='grc' dir='ltr'>ὃ(</span> <span class='ocrx_word' id='word_1_169' title='bbox 1447 882 1479 915; x_wconf 84' lang='lat' dir='ltr'>in</span> 
     </span>
     <span class='ocr_line' id='line_1_16' title="bbox 85 926 1478 976; baseline -0.001 -12"><span class='ocrx_word' id='word_1_170' title='bbox 85 929 226 976; x_wconf 79' lang='lat' dir='ltr'>ejusdem</span> <span class='ocrx_word' id='word_1_171' title='bbox 237 941 344 964; x_wconf 86' lang='lat' dir='ltr'>motus</span> <span class='ocrx_word' id='word_1_172' title='bbox 354 928 541 964; x_wconf 87' lang='lat' dir='ltr'>societatem</span> <span class='ocrx_word' id='word_1_173' title='bbox 554 929 663 964; x_wconf 83' lang='lat' dir='ltr'>trahit.</span> <span class='ocrx_word' id='word_1_174' title='bbox 683 930 795 971; x_wconf 85' lang='lat' dir='ltr'>Quare</span> <span class='ocrx_word' id='word_1_175' title='bbox 808 928 907 973; x_wconf 87' lang='lat' dir='ltr'>quiin</span> <span class='ocrx_word' id='word_1_176' title='bbox 917 929 1079 976; x_wconf 81' lang='lat' dir='ltr'>principio</span> <span class='ocrx_word' id='word_1_177' title='bbox 1090 926 1181 962; x_wconf 82' lang='lat' dir='ltr'>exilis</span> <span class='ocrx_word' id='word_1_178' title='bbox 1204 927 1378 962; x_wconf 82' lang='lat' dir='ltr'>admodum</span> <span class='ocrx_word' id='word_1_179' title='bbox 1399 940 1478 965; x_wconf 89' lang='lat' dir='ltr'>erat.</span> 
     </span>
     <span class='ocr_line' id='line_1_17' title="bbox 86 975 1479 1027; baseline -0.001 -14"><span class='ocrx_word' id='word_1_180' title='bbox 86 985 120 1015; x_wconf 69' lang='grc' dir='ltr'>ὅ(</span> <span class='ocrx_word' id='word_1_181' title='bbox 132 977 245 1013; x_wconf 86' lang='lat' dir='ltr'>debilis</span> <span class='ocrx_word' id='word_1_182' title='bbox 261 977 370 1024; x_wconf 86' lang='lat' dir='ltr'>sonus,</span> <span class='ocrx_word' id='word_1_183' title='bbox 389 978 494 1013; x_wconf 85' lang='lat' dir='ltr'>eundo</span> <span class='ocrx_word' id='word_1_184' title='bbox 503 979 584 1016; x_wconf 82' lang='lat' dir='ltr'>vites</span> <span class='ocrx_word' id='word_1_185' title='bbox 605 978 758 1027; x_wconf 77' lang='lat' dir='ltr'>acquirit,</span> <span class='ocrx_word' id='word_1_186' title='bbox 775 976 850 1012; x_wconf 84' lang='lat' dir='ltr'>dum</span> <span class='ocrx_word' id='word_1_187' title='bbox 866 975 970 1025; x_wconf 86' lang='lat' dir='ltr'>plures</span> <span class='ocrx_word' id='word_1_188' title='bbox 986 976 1149 1025; x_wconf 81' lang='lat' dir='ltr'>particulae</span> <span class='ocrx_word' id='word_1_189' title='bbox 1164 975 1301 1011; x_wconf 86' lang='lat' dir='ltr'>tremulo</span> <span class='ocrx_word' id='word_1_190' title='bbox 1324 988 1417 1012; x_wconf 84' lang='lat' dir='ltr'>motu</span> <span class='ocrx_word' id='word_1_191' title='bbox 1431 979 1479 1012; x_wconf 54' lang='lat' dir='ltr'>vi*</span> 
     </span>
    </p>
   </div>
   <div class='ocr_carea' id='block_1_2' title="bbox 86 1025 950 1174">
    <p class='ocr_par' dir='ltr' id='par_1_3' title="bbox 86 1025 950 1174">
     <span class='ocr_line' id='line_1_18' title="bbox 86 1025 228 1064; baseline 0.014 -2"><span class='ocrx_word' id='word_1_192' title='bbox 86 1025 228 1064; x_wconf 75' lang='lat' dir='ltr'>brantur·</span> 
     </span>
     <span class='ocr_line' id='line_1_19' title="bbox 609 1125 950 1174; baseline 0.006 -14"><span class='ocrx_word' id='word_1_193' title='bbox 609 1127 817 1174; x_wconf 77' lang='lat' dir='ltr'>Defimorum</span> <span class='ocrx_word' id='word_1_194' title='bbox 838 1125 950 1162; x_wconf 73' lang='lat' dir='ltr'>modt&#39;s.</span> 
     </span>
    </p>
   </div>
   <div class='ocr_carea' id='block_1_3' title="bbox 78 1222 1475 2494">
    <p class='ocr_par' dir='ltr' id='par_1_4' title="bbox 84 1222 1475 1567">
     <span class='ocr_line' id='line_1_20' title="bbox 118 1222 1475 1273; baseline -0.002 -14"><span class='ocrx_word' id='word_1_195' title='bbox 118 1224 169 1261; x_wconf 87' lang='lat' dir='ltr'>Ut</span> <span class='ocrx_word' id='word_1_196' title='bbox 187 1226 289 1259; x_wconf 83' lang='lat' dir='ltr'>varias</span> <span class='ocrx_word' id='word_1_197' title='bbox 300 1224 452 1260; x_wconf 89' lang='lat' dir='ltr'>sonorum</span> <span class='ocrx_word' id='word_1_198' title='bbox 468 1224 587 1273; x_wconf 86' lang='lat' dir='ltr'>species</span> <span class='ocrx_word' id='word_1_199' title='bbox 601 1229 634 1261; x_wconf 90' lang='lat'>&amp;</span> <span class='ocrx_word' id='word_1_200' title='bbox 645 1236 756 1259; x_wconf 87' lang='lat' dir='ltr'>eorum</span> <span class='ocrx_word' id='word_1_201' title='bbox 766 1225 884 1268; x_wconf 78' lang='lat' dir='ltr'>causas,</span> <span class='ocrx_word' id='word_1_202' title='bbox 896 1224 937 1261; x_wconf 86' lang='lat' dir='ltr'>fic</span> <span class='ocrx_word' id='word_1_203' title='bbox 950 1235 1059 1260; x_wconf 88' lang='lat' dir='ltr'>eorum</span> <span class='ocrx_word' id='word_1_204' title='bbox 1069 1234 1166 1258; x_wconf 85' lang='lat' dir='ltr'>tonos</span> <span class='ocrx_word' id='word_1_205' title='bbox 1183 1250 1192 1265; x_wconf 94' lang='lat'>,</span> <span class='ocrx_word' id='word_1_206' title='bbox 1206 1233 1259 1257; x_wconf 89' lang='lat' dir='ltr'>aut</span> <span class='ocrx_word' id='word_1_207' title='bbox 1275 1222 1390 1257; x_wconf 84' lang='lat' dir='ltr'>modos</span> <span class='ocrx_word' id='word_1_208' title='bbox 1402 1236 1475 1259; x_wconf 80' lang='lat' dir='ltr'>om-</span> 
     </span>
     <span class='ocr_line' id='line_1_21' title="bbox 85 1272 1474 1322; baseline 0 -15"><span class='ocrx_word' id='word_1_209' title='bbox 85 1285 144 1308; x_wconf 81' lang='lat' dir='ltr'>nes</span> <span class='ocrx_word' id='word_1_210' title='bbox 160 1273 307 1322; x_wconf 81' lang='lat' dir='ltr'>persequi</span> <span class='ocrx_word' id='word_1_211' title='bbox 324 1273 487 1322; x_wconf 80' lang='lat' dir='ltr'>proposito</span> <span class='ocrx_word' id='word_1_212' title='bbox 505 1275 598 1320; x_wconf 84' lang='lat' dir='ltr'>operi</span> <span class='ocrx_word' id='word_1_213' title='bbox 621 1275 756 1308; x_wconf 86' lang='lat' dir='ltr'>minime</span> <span class='ocrx_word' id='word_1_214' title='bbox 783 1275 991 1310; x_wconf 77' lang='lat' dir='ltr'>necessarium</span> <span class='ocrx_word' id='word_1_215' title='bbox 1011 1273 1153 1308; x_wconf 87' lang='lat' dir='ltr'>videtur:</span> <span class='ocrx_word' id='word_1_216' title='bbox 1179 1272 1219 1306; x_wconf 89' lang='lat' dir='ltr'>de</span> <span class='ocrx_word' id='word_1_217' title='bbox 1240 1274 1276 1306; x_wconf 89' lang='lat' dir='ltr'>iis</span> <span class='ocrx_word' id='word_1_218' title='bbox 1295 1272 1474 1307; x_wconf 76' lang='lat' dir='ltr'>summatim</span> 
     </span>
     <span class='ocr_line' id='line_1_22' title="bbox 84 1321 1474 1371; baseline 0 -16"><span class='ocrx_word' id='word_1_219' title='bbox 84 1334 179 1370; x_wconf 80' lang='lat' dir='ltr'>agere</span> <span class='ocrx_word' id='word_1_220' title='bbox 195 1322 264 1358; x_wconf 86' lang='lat' dir='ltr'>satis</span> <span class='ocrx_word' id='word_1_221' title='bbox 274 1322 383 1359; x_wconf 86' lang='lat' dir='ltr'>fuerit.</span> <span class='ocrx_word' id='word_1_222' title='bbox 395 1325 497 1357; x_wconf 89' lang='lat' dir='ltr'>Sonus</span> <span class='ocrx_word' id='word_1_223' title='bbox 514 1324 620 1371; x_wconf 81' lang='lat' dir='ltr'>gravis</span> <span class='ocrx_word' id='word_1_224' title='bbox 631 1323 677 1357; x_wconf 84' lang='lat' dir='ltr'>est</span> <span class='ocrx_word' id='word_1_225' title='bbox 692 1333 765 1364; x_wconf 86' lang='lat' dir='ltr'>,aut</span> <span class='ocrx_word' id='word_1_226' title='bbox 777 1335 887 1358; x_wconf 84' lang='lat' dir='ltr'>acutus</span> <span class='ocrx_word' id='word_1_227' title='bbox 900 1354 908 1367; x_wconf 91' lang='lat'>‚</span> <span class='ocrx_word' id='word_1_228' title='bbox 925 1336 1000 1359; x_wconf 88' lang='lat' dir='ltr'>cum</span> <span class='ocrx_word' id='word_1_229' title='bbox 1021 1321 1122 1357; x_wconf 83' lang='lat' dir='ltr'>collifi</span> <span class='ocrx_word' id='word_1_230' title='bbox 1146 1323 1290 1369; x_wconf 87' lang='lat' dir='ltr'>corporis</span> <span class='ocrx_word' id='word_1_231' title='bbox 1309 1321 1474 1369; x_wconf 65' lang='lat' dir='ltr'>particulae</span> 
     </span>
     <span class='ocr_line' id='line_1_23' title="bbox 85 1370 1474 1418; baseline -0.001 -13"><span class='ocrx_word' id='word_1_232' title='bbox 85 1370 156 1406; x_wconf 83' lang='lat' dir='ltr'>sunt</span> <span class='ocrx_word' id='word_1_233' title='bbox 165 1372 430 1417; x_wconf 77' lang='lat' dir='ltr'>confertioreS,ac</span> <span class='ocrx_word' id='word_1_234' title='bbox 442 1371 640 1407; x_wconf 78' lang='lat' dir='ltr'>vibrationes</span> <span class='ocrx_word' id='word_1_235' title='bbox 651 1371 716 1406; x_wconf 88' lang='lat' dir='ltr'>suas</span> <span class='ocrx_word' id='word_1_236' title='bbox 727 1373 819 1406; x_wconf 86' lang='lat' dir='ltr'>cirins</span> <span class='ocrx_word' id='word_1_237' title='bbox 833 1373 1057 1414; x_wconf 83' lang='lat' dir='ltr'>conficiunt,&amp;</span> <span class='ocrx_word' id='word_1_238' title='bbox 1069 1371 1193 1417; x_wconf 57' lang='lat' dir='ltr'>fortius,</span> <span class='ocrx_word' id='word_1_239' title='bbox 1206 1383 1338 1418; x_wconf 79' lang='lat' dir='ltr'>tumque</span> <span class='ocrx_word' id='word_1_240' title='bbox 1350 1373 1474 1405; x_wconf 78' lang='lat' dir='ltr'>acutio-</span> 
     </span>
     <span class='ocr_line' id='line_1_24' title="bbox 84 1417 1472 1470; baseline -0.001 -17"><span class='ocrx_word' id='word_1_241' title='bbox 84 1431 154 1455; x_wconf 86' lang='lat' dir='ltr'>rem</span> <span class='ocrx_word' id='word_1_242' title='bbox 173 1419 282 1455; x_wconf 85' lang='lat' dir='ltr'>sonum</span> <span class='ocrx_word' id='word_1_243' title='bbox 293 1421 479 1456; x_wconf 75' lang='lat' dir='ltr'>eduntzcum</span> <span class='ocrx_word' id='word_1_244' title='bbox 490 1419 606 1455; x_wconf 84' lang='lat' dir='ltr'>scilicet</span> <span class='ocrx_word' id='word_1_245' title='bbox 623 1420 729 1470; x_wconf 86' lang='lat' dir='ltr'>plures</span> <span class='ocrx_word' id='word_1_246' title='bbox 740 1422 940 1468; x_wconf 83' lang='lat' dir='ltr'>particulaein</span> <span class='ocrx_word' id='word_1_247' title='bbox 950 1424 1040 1457; x_wconf 66' lang='lat' dir='ltr'>arcto</span> <span class='ocrx_word' id='word_1_248' title='bbox 1053 1420 1154 1469; x_wconf 79' lang='lat' dir='ltr'>spatio</span> <span class='ocrx_word' id='word_1_249' title='bbox 1175 1417 1328 1454; x_wconf 73' lang='lat' dir='ltr'>conclusae</span> <span class='ocrx_word' id='word_1_250' title='bbox 1343 1418 1472 1453; x_wconf 81' lang='lat' dir='ltr'>celerri-</span> 
     </span>
     <span class='ocr_line' id='line_1_25' title="bbox 84 1468 1474 1518; baseline -0.001 -15"><span class='ocrx_word' id='word_1_251' title='bbox 84 1470 138 1503; x_wconf 74' lang='lat' dir='ltr'>me</span> <span class='ocrx_word' id='word_1_252' title='bbox 155 1468 322 1504; x_wconf 81' lang='lat' dir='ltr'>vibrantur</span> <span class='ocrx_word' id='word_1_253' title='bbox 332 1487 340 1513; x_wconf 83' lang='lat'>3</span> <span class='ocrx_word' id='word_1_254' title='bbox 352 1473 482 1518; x_wconf 80' lang='lat' dir='ltr'>gravior</span> <span class='ocrx_word' id='word_1_255' title='bbox 492 1470 535 1504; x_wconf 84' lang='lat' dir='ltr'>est</span> <span class='ocrx_word' id='word_1_256' title='bbox 545 1469 649 1514; x_wconf 83' lang='lat' dir='ltr'>sonus,</span> <span class='ocrx_word' id='word_1_257' title='bbox 659 1483 733 1504; x_wconf 87' lang='lat' dir='ltr'>cum</span> <span class='ocrx_word' id='word_1_258' title='bbox 745 1470 896 1506; x_wconf 79' lang='lat' dir='ltr'>lentiores</span> <span class='ocrx_word' id='word_1_259' title='bbox 909 1471 978 1507; x_wconf 85' lang='lat' dir='ltr'>sunt</span> <span class='ocrx_word' id='word_1_260' title='bbox 988 1469 1205 1514; x_wconf 79' lang='lat' dir='ltr'>vibrationes,</span> <span class='ocrx_word' id='word_1_261' title='bbox 1219 1480 1274 1503; x_wconf 92' lang='lat' dir='ltr'>aut</span> <span class='ocrx_word' id='word_1_262' title='bbox 1284 1468 1388 1518; x_wconf 84' lang='lat' dir='ltr'>plures</span> <span class='ocrx_word' id='word_1_263' title='bbox 1399 1471 1474 1516; x_wconf 81' lang='lat' dir='ltr'>qui-</span> 
     </span>
     <span class='ocr_line' id='line_1_26' title="bbox 84 1517 1473 1567; baseline 0.004 -16"><span class='ocrx_word' id='word_1_264' title='bbox 84 1517 225 1561; x_wconf 86' lang='lat' dir='ltr'>dem‚sed</span> <span class='ocrx_word' id='word_1_265' title='bbox 241 1521 273 1554; x_wconf 85' lang='lat' dir='ltr'>in</span> <span class='ocrx_word' id='word_1_266' title='bbox 288 1524 409 1566; x_wconf 78' lang='lat' dir='ltr'>majore</span> <span class='ocrx_word' id='word_1_267' title='bbox 428 1519 529 1567; x_wconf 81' lang='lat' dir='ltr'>spatio</span> <span class='ocrx_word' id='word_1_268' title='bbox 542 1518 622 1554; x_wconf 84' lang='lat' dir='ltr'>fiunt</span> <span class='ocrx_word' id='word_1_269' title='bbox 636 1519 871 1555; x_wconf 82' lang='lat' dir='ltr'>undulariones.</span> <span class='ocrx_word' id='word_1_270' title='bbox 1471 1524 1473 1526; x_wconf 81' lang='grc'><strong>’</strong></span> 
     </span>
    </p>

    <p class='ocr_par' dir='ltr' id='par_1_5' title="bbox 78 1566 1473 2448">
     <span class='ocr_line' id='line_1_27' title="bbox 115 1566 1472 1617; baseline -0.001 -16"><span class='ocrx_word' id='word_1_271' title='bbox 115 1568 196 1614; x_wconf 76' lang='lat' dir='ltr'>Qio</span> <span class='ocrx_word' id='word_1_272' title='bbox 208 1573 308 1617; x_wconf 84' lang='lat' dir='ltr'>major</span> <span class='ocrx_word' id='word_1_273' title='bbox 317 1569 359 1602; x_wconf 88' lang='lat' dir='ltr'>est</span> <span class='ocrx_word' id='word_1_274' title='bbox 368 1568 467 1604; x_wconf 82' lang='lat' dir='ltr'>tensio</span> <span class='ocrx_word' id='word_1_275' title='bbox 480 1596 487 1610; x_wconf 88' lang='lat'>,</span> <span class='ocrx_word' id='word_1_276' title='bbox 499 1568 561 1602; x_wconf 89' lang='lat' dir='ltr'>hoc</span> <span class='ocrx_word' id='word_1_277' title='bbox 573 1566 661 1602; x_wconf 86' lang='lat' dir='ltr'>sonus</span> <span class='ocrx_word' id='word_1_278' title='bbox 676 1569 717 1601; x_wconf 88' lang='lat' dir='ltr'>est</span> <span class='ocrx_word' id='word_1_279' title='bbox 728 1570 873 1612; x_wconf 61' lang='lat' dir='ltr'>aueum-3</span> <span class='ocrx_word' id='word_1_280' title='bbox 891 1580 927 1602; x_wconf 86' lang='lat' dir='ltr'>ea</span> <span class='ocrx_word' id='word_1_281' title='bbox 941 1580 1020 1603; x_wconf 87' lang='lat' dir='ltr'>vero</span> <span class='ocrx_word' id='word_1_282' title='bbox 1032 1580 1104 1602; x_wconf 88' lang='lat' dir='ltr'>curn</span> <span class='ocrx_word' id='word_1_283' title='bbox 1117 1569 1260 1616; x_wconf 88' lang='lat' dir='ltr'>corporis</span> <span class='ocrx_word' id='word_1_284' title='bbox 1276 1566 1472 1614; x_wconf 77' lang='lat' dir='ltr'>magnitudi-</span> 
     </span>
     <span class='ocr_line' id='line_1_28' title="bbox 83 1614 1471 1666; baseline 0 -17"><span class='ocrx_word' id='word_1_285' title='bbox 83 1627 324 1664; x_wconf 53' lang='lat' dir='ltr'>nescomparata</span> <span class='ocrx_word' id='word_1_286' title='bbox 336 1629 389 1652; x_wconf 84' lang='lat' dir='ltr'>aut</span> <span class='ocrx_word' id='word_1_287' title='bbox 402 1621 504 1665; x_wconf 83' lang='lat' dir='ltr'>major</span> <span class='ocrx_word' id='word_1_288' title='bbox 515 1617 556 1651; x_wconf 88' lang='lat' dir='ltr'>est</span> <span class='ocrx_word' id='word_1_289' title='bbox 566 1629 620 1651; x_wconf 86' lang='lat' dir='ltr'>aur</span> <span class='ocrx_word' id='word_1_290' title='bbox 629 1617 746 1652; x_wconf 82' lang='lat' dir='ltr'>minor.</span> <span class='ocrx_word' id='word_1_291' title='bbox 757 1620 808 1652; x_wconf 85' lang='lat' dir='ltr'>Sic</span> <span class='ocrx_word' id='word_1_292' title='bbox 820 1617 898 1652; x_wconf 81' lang='lat' dir='ltr'>tibia</span> <span class='ocrx_word' id='word_1_293' title='bbox 909 1619 1092 1666; x_wconf 74' lang='lat' dir='ltr'>graviorem</span> <span class='ocrx_word' id='word_1_294' title='bbox 1105 1615 1215 1652; x_wconf 86' lang='lat' dir='ltr'>sonum</span> <span class='ocrx_word' id='word_1_295' title='bbox 1228 1617 1311 1660; x_wconf 87' lang='lat' dir='ltr'>edit,</span> <span class='ocrx_word' id='word_1_296' title='bbox 1324 1628 1390 1663; x_wconf 89' lang='lat' dir='ltr'>quo</span> <span class='ocrx_word' id='word_1_297' title='bbox 1402 1614 1471 1649; x_wconf 84' lang='lat' dir='ltr'>lon-</span> 
     </span>
     <span class='ocr_line' id='line_1_29' title="bbox 83 1665 1471 1715; baseline 0 -17"><span class='ocrx_word' id='word_1_298' title='bbox 83 1666 153 1711; x_wconf 81' lang='lat' dir='ltr'>gior</span> <span class='ocrx_word' id='word_1_299' title='bbox 166 1679 173 1700; x_wconf 74' lang='grc' dir='ltr'><strong>ε</strong></span> <span class='ocrx_word' id='word_1_300' title='bbox 187 1666 301 1700; x_wconf 83' lang='lat' dir='ltr'>eadem</span> <span class='ocrx_word' id='word_1_301' title='bbox 313 1666 357 1700; x_wconf 83' lang='lat' dir='ltr'>est</span> <span class='ocrx_word' id='word_1_302' title='bbox 375 1668 504 1713; x_wconf 83' lang='lat' dir='ltr'>majoris</span> <span class='ocrx_word' id='word_1_303' title='bbox 515 1678 688 1713; x_wconf 72' lang='lat' dir='ltr'>campanae,</span> <span class='ocrx_word' id='word_1_304' title='bbox 700 1671 732 1701; x_wconf 64' lang='grc' dir='ltr'>δε</span> <span class='ocrx_word' id='word_1_305' title='bbox 751 1666 901 1715; x_wconf 86' lang='lat' dir='ltr'>cujusque</span> <span class='ocrx_word' id='word_1_306' title='bbox 912 1669 1053 1714; x_wconf 79' lang='lat' dir='ltr'>corporis</span> <span class='ocrx_word' id='word_1_307' title='bbox 1074 1665 1179 1701; x_wconf 87' lang='lat' dir='ltr'>sonori</span> <span class='ocrx_word' id='word_1_308' title='bbox 1198 1668 1289 1699; x_wconf 77' lang='lat' dir='ltr'>ratio.</span> <span class='ocrx_word' id='word_1_309' title='bbox 1315 1668 1350 1700; x_wconf 86' lang='lat' dir='ltr'>ln</span> <span class='ocrx_word' id='word_1_310' title='bbox 1369 1676 1471 1713; x_wconf 82' lang='lat' dir='ltr'>pneu-</span> 
     </span>
     <span class='ocr_line' id='line_1_30' title="bbox 83 1713 1470 1764; baseline 0.001 -18"><span class='ocrx_word' id='word_1_311' title='bbox 83 1715 209 1747; x_wconf 81' lang='lat' dir='ltr'>maticis</span> <span class='ocrx_word' id='word_1_312' title='bbox 220 1715 432 1761; x_wconf 81' lang='lat' dir='ltr'>instrumentis</span> <span class='ocrx_word' id='word_1_313' title='bbox 443 1744 451 1756; x_wconf 89' lang='lat'>,</span> <span class='ocrx_word' id='word_1_314' title='bbox 466 1726 501 1749; x_wconf 87' lang='lat' dir='ltr'>ut</span> <span class='ocrx_word' id='word_1_315' title='bbox 522 1714 651 1750; x_wconf 85' lang='lat' dir='ltr'>in=tibia</span> <span class='ocrx_word' id='word_1_316' title='bbox 665 1743 673 1756; x_wconf 92' lang='lat'>,</span> <span class='ocrx_word' id='word_1_317' title='bbox 687 1713 764 1748; x_wconf 87' lang='lat' dir='ltr'>ruba</span> <span class='ocrx_word' id='word_1_318' title='bbox 778 1721 812 1751; x_wconf 85' lang='lat'>&amp;</span> <span class='ocrx_word' id='word_1_319' title='bbox 829 1716 898 1749; x_wconf 83' lang='lat' dir='ltr'>aliis</span> <span class='ocrx_word' id='word_1_320' title='bbox 917 1717 1019 1764; x_wconf 85' lang='lat' dir='ltr'>prima</span> <span class='ocrx_word' id='word_1_321' title='bbox 1041 1715 1162 1762; x_wconf 84' lang='lat' dir='ltr'>spiritus</span> <span class='ocrx_word' id='word_1_322' title='bbox 1177 1713 1320 1762; x_wconf 77' lang='lat' dir='ltr'>impulsio</span> <span class='ocrx_word' id='word_1_323' title='bbox 1331 1743 1340 1757; x_wconf 88' lang='lat'>‚</span> <span class='ocrx_word' id='word_1_324' title='bbox 1356 1719 1387 1750; x_wconf 72' lang='grc' dir='ltr'>δε</span> <span class='ocrx_word' id='word_1_325' title='bbox 1403 1717 1470 1760; x_wconf 78' lang='lat' dir='ltr'>ejus</span> 
     </span>
     <span class='ocr_line' id='line_1_31' title="bbox 83 1761 1473 1812; baseline 0 -18"><span class='ocrx_word' id='word_1_326' title='bbox 83 1761 219 1796; x_wconf 78' lang='lat' dir='ltr'>reflexio</span> <span class='ocrx_word' id='word_1_327' title='bbox 235 1762 406 1810; x_wconf 81' lang='lat' dir='ltr'>plurimum</span> <span class='ocrx_word' id='word_1_328' title='bbox 418 1763 535 1797; x_wconf 77' lang='lat' dir='ltr'>adsoni</span> <span class='ocrx_word' id='word_1_329' title='bbox 553 1766 766 1798; x_wconf 78' lang='lat' dir='ltr'>mutationem</span> <span class='ocrx_word' id='word_1_330' title='bbox 783 1769 878 1809; x_wconf 75' lang='lat' dir='ltr'>juvat.</span> <span class='ocrx_word' id='word_1_331' title='bbox 890 1768 925 1798; x_wconf 82' lang='lat' dir='ltr'>In</span> <span class='ocrx_word' id='word_1_332' title='bbox 937 1764 1236 1812; x_wconf 74' lang='lat' dir='ltr'>campana⁴quideni</span> <span class='ocrx_word' id='word_1_333' title='bbox 1250 1775 1285 1796; x_wconf 84' lang='lat' dir='ltr'>ur</span> <span class='ocrx_word' id='word_1_334' title='bbox 1296 1766 1326 1797; x_wconf 88' lang='lat' dir='ltr'>in</span> <span class='ocrx_word' id='word_1_335' title='bbox 1340 1762 1408 1796; x_wconf 82' lang='lat' dir='ltr'>aliis</span> <span class='ocrx_word' id='word_1_336' title='bbox 1424 1763 1473 1795; x_wconf 87' lang='lat' dir='ltr'>in-</span> 
     </span>
     <span class='ocr_line' id='line_1_32' title="bbox 83 1809 1473 1861; baseline 0 -18"><span class='ocrx_word' id='word_1_337' title='bbox 83 1811 263 1851; x_wconf 83' lang='lat' dir='ltr'>strumentis</span> <span class='ocrx_word' id='word_1_338' title='bbox 283 1825 350 1858; x_wconf 64' lang='lat' dir='ltr'>quse</span> <span class='ocrx_word' id='word_1_339' title='bbox 366 1811 506 1860; x_wconf 66' lang='lat' dir='ltr'>perculla</span> <span class='ocrx_word' id='word_1_340' title='bbox 524 1812 682 1854; x_wconf 84' lang='lat' dir='ltr'>resonant,</span> <span class='ocrx_word' id='word_1_341' title='bbox 697 1815 836 1847; x_wconf 76' lang='lat' dir='ltr'>materia:</span> <span class='ocrx_word' id='word_1_342' title='bbox 858 1819 889 1849; x_wconf 85' lang='lat'>&amp;</span> <span class='ocrx_word' id='word_1_343' title='bbox 908 1812 1012 1861; x_wconf 77' lang='lat' dir='ltr'>figurae</span> <span class='ocrx_word' id='word_1_344' title='bbox 1029 1811 1192 1859; x_wconf 79' lang='lat' dir='ltr'>aequalitas</span> <span class='ocrx_word' id='word_1_345' title='bbox 1205 1810 1315 1846; x_wconf 89' lang='lat' dir='ltr'>sonum</span> <span class='ocrx_word' id='word_1_346' title='bbox 1331 1809 1473 1857; x_wconf 83' lang='lat' dir='ltr'>aequabi-</span> 
     </span>
     <span class='ocr_line' id='line_1_33' title="bbox 83 1857 1471 1909; baseline 0.002 -17"><span class='ocrx_word' id='word_1_347' title='bbox 83 1857 148 1894; x_wconf 85' lang='lat' dir='ltr'>lem</span> <span class='ocrx_word' id='word_1_348' title='bbox 158 1872 315 1908; x_wconf 84' lang='lat' dir='ltr'>procreat.</span> <span class='ocrx_word' id='word_1_349' title='bbox 331 1862 382 1895; x_wconf 75' lang='lat' dir='ltr'>Sic</span> <span class='ocrx_word' id='word_1_350' title='bbox 390 1862 507 1897; x_wconf 79' lang='lat' dir='ltr'>nervus</span> <span class='ocrx_word' id='word_1_351' title='bbox 519 1861 815 1909; x_wconf 64' lang='lat' dir='ltr'>testudinis‘ubique</span> <span class='ocrx_word' id='word_1_352' title='bbox 833 1862 876 1896; x_wconf 88' lang='lat' dir='ltr'>sui</span> <span class='ocrx_word' id='word_1_353' title='bbox 893 1861 999 1896; x_wconf 81' lang='lat' dir='ltr'>similis</span> <span class='ocrx_word' id='word_1_354' title='bbox 1017 1860 1129 1896; x_wconf 84' lang='lat' dir='ltr'>sonum</span> <span class='ocrx_word' id='word_1_355' title='bbox 1144 1859 1336 1909; x_wconf 64' lang='lat' dir='ltr'>aequabilem</span> <span class='ocrx_word' id='word_1_356' title='bbox 1355 1860 1471 1895; x_wconf 83' lang='lat' dir='ltr'>reddit.</span> 
     </span>
     <span class='ocr_line' id='line_1_34' title="bbox 84 1907 1470 1958; baseline -0.001 -15"><span class='ocrx_word' id='word_1_357' title='bbox 84 1908 186 1954; x_wconf 82' lang='lat' dir='ltr'>Qod</span> <span class='ocrx_word' id='word_1_358' title='bbox 199 1908 400 1958; x_wconf 47' lang='lat' dir='ltr'>fialia‘parte</span> <span class='ocrx_word' id='word_1_359' title='bbox 410 1909 539 1944; x_wconf 84' lang='lat' dir='ltr'>crassior</span> <span class='ocrx_word' id='word_1_360' title='bbox 552 1909 600 1954; x_wconf 83' lang='lat' dir='ltr'>fit,</span> <span class='ocrx_word' id='word_1_361' title='bbox 614 1910 674 1944; x_wconf 85' lang='lat' dir='ltr'>alia</span> <span class='ocrx_word' id='word_1_362' title='bbox 686 1913 861 1954; x_wconf 72' lang='lat' dir='ltr'>tenuior‚tfi</span> <span class='ocrx_word' id='word_1_363' title='bbox 871 1909 1023 1946; x_wconf 82' lang='lat' dir='ltr'>subsultat</span> <span class='ocrx_word' id='word_1_364' title='bbox 1033 1908 1207 1958; x_wconf 83' lang='lat' dir='ltr'>imparibus</span> <span class='ocrx_word' id='word_1_365' title='bbox 1221 1908 1315 1952; x_wconf 88' lang='lat' dir='ltr'>sonis,</span> <span class='ocrx_word' id='word_1_366' title='bbox 1327 1914 1360 1945; x_wconf 71' lang='grc' dir='ltr'>δε</span> <span class='ocrx_word' id='word_1_367' title='bbox 1374 1907 1470 1943; x_wconf 81' lang='lat' dir='ltr'>falsus</span> 
     </span>
     <span class='ocr_line' id='line_1_35' title="bbox 83 1956 1470 2007; baseline 0.001 -18"><span class='ocrx_word' id='word_1_368' title='bbox 83 1957 146 1990; x_wconf 85' lang='lat' dir='ltr'>dici</span> <span class='ocrx_word' id='word_1_369' title='bbox 161 1956 251 1994; x_wconf 86' lang='lat' dir='ltr'>solet:</span> <span class='ocrx_word' id='word_1_370' title='bbox 273 1959 585 1999; x_wconf 51' lang='lat' dir='ltr'>{Eoiicentiim&#39;ve&#39;r&#39;o&#39;</span> <span class='ocrx_word' id='word_1_371' title='bbox 599 1960 636 1995; x_wconf 76' lang='grc' dir='ltr'>’δι</span> <span class='ocrx_word' id='word_1_372' title='bbox 649 1962 780 2007; x_wconf 65' lang='lat' dir='ltr'>gratam</span> <span class='ocrx_word' id='word_1_373' title='bbox 796 1959 1054 2001; x_wconf 81' lang='lat' dir='ltr'>modulationem</span> <span class='ocrx_word' id='word_1_374' title='bbox 1079 1956 1183 1994; x_wconf 83' lang='lat' dir='ltr'>efficit</span> <span class='ocrx_word' id='word_1_375' title='bbox 1204 1962 1290 1993; x_wconf 80' lang='lat' dir='ltr'>certa</span> <span class='ocrx_word' id='word_1_376' title='bbox 1311 1956 1470 1995; x_wconf 86' lang='lat' dir='ltr'>vibratio-</span> 
     </span>
     <span class='ocr_line' id='line_1_36' title="bbox 83 2004 1471 2055; baseline 0.001 -16"><span class='ocrx_word' id='word_1_377' title='bbox 83 2009 163 2039; x_wconf 82' lang='lat' dir='ltr'>num</span> <span class='ocrx_word' id='word_1_378' title='bbox 177 2006 492 2054; x_wconf 56' lang='lat' dir='ltr'>proportio‘tcnffdni</span> <span class='ocrx_word' id='word_1_379' title='bbox 502 2006 556 2053; x_wconf 62' lang='lat' dir='ltr'>ipsi</span> <span class='ocrx_word' id='word_1_380' title='bbox 566 2008 831 2047; x_wconf 81' lang='lat' dir='ltr'>accommodata:</span> <span class='ocrx_word' id='word_1_381' title='bbox 849 2011 953 2055; x_wconf 85' lang='lat' dir='ltr'>eaque</span> <span class='ocrx_word' id='word_1_382' title='bbox 963 2004 1200 2052; x_wconf 78' lang='lat' dir='ltr'>est-siravis‚cum</span> <span class='ocrx_word' id='word_1_383' title='bbox 1213 2007 1417 2050; x_wconf 78' lang='lat' dir='ltr'>vibrationes</span> <span class='ocrx_word' id='word_1_384' title='bbox 1425 2006 1471 2040; x_wconf 85' lang='lat' dir='ltr'>se-</span> 
     </span>
     <span class='ocr_line' id='line_1_37' title="bbox 83 2052 1469 2104; baseline 0 -16"><span class='ocrx_word' id='word_1_385' title='bbox 83 2052 114 2088; x_wconf 83' lang='lat' dir='ltr'>se</span> <span class='ocrx_word' id='word_1_386' title='bbox 129 2066 239 2088; x_wconf 87' lang='lat' dir='ltr'>mutuo</span> <span class='ocrx_word' id='word_1_387' title='bbox 249 2054 404 2104; x_wconf 80' lang='lat' dir='ltr'>adjuvant</span> <span class='ocrx_word' id='word_1_388' title='bbox 416 2054 628 2102; x_wconf 80' lang='lat' dir='ltr'>&amp;perficiunt</span> <span class='ocrx_word' id='word_1_389' title='bbox 640 2070 647 2089; x_wconf 90' lang='lat'>:</span> <span class='ocrx_word' id='word_1_390' title='bbox 658 2052 873 2091; x_wconf 72' lang='lat' dir='ltr'>liincch&#39;orrhv</span> <span class='ocrx_word' id='word_1_391' title='bbox 886 2059 994 2091; x_wconf 84' lang='lat' dir='ltr'>tremit</span> <span class='ocrx_word' id='word_1_392' title='bbox 1008 2086 1017 2099; x_wconf 82' lang='grc'>,</span> <span class='ocrx_word' id='word_1_393' title='bbox 1033 2069 1103 2091; x_wconf 85' lang='lat' dir='ltr'>cum</span> <span class='ocrx_word' id='word_1_394' title='bbox 1121 2056 1223 2090; x_wconf 87' lang='lat' dir='ltr'>altera</span> <span class='ocrx_word' id='word_1_395' title='bbox 1239 2056 1314 2090; x_wconf 86' lang='lat' dir='ltr'>huic</span> <span class='ocrx_word' id='word_1_396' title='bbox 1330 2053 1469 2090; x_wconf 57' lang='lat' dir='ltr'>consona·</span> 
     </span>
     <span class='ocr_line' id='line_1_38' title="bbox 82 2102 1468 2153; baseline 0 -16"><span class='ocrx_word' id='word_1_397' title='bbox 82 2103 362 2150; x_wconf 61' lang='lat' dir='ltr'>stringiturtcujus</span> <span class='ocrx_word' id='word_1_398' title='bbox 381 2103 566 2152; x_wconf 71' lang='lat' dir='ltr'>sympathiae</span> <span class='ocrx_word' id='word_1_399' title='bbox 580 2102 698 2151; x_wconf 77' lang='lat' dir='ltr'>duplex</span> <span class='ocrx_word' id='word_1_400' title='bbox 712 2104 754 2138; x_wconf 86' lang='lat' dir='ltr'>est</span> <span class='ocrx_word' id='word_1_401' title='bbox 775 2103 872 2140; x_wconf 87' lang='lat' dir='ltr'>causa.</span> <span class='ocrx_word' id='word_1_402' title='bbox 899 2112 925 2142; x_wconf 71' lang='grc' dir='ltr'>ιο</span> <span class='ocrx_word' id='word_1_403' title='bbox 940 2108 1062 2153; x_wconf 77' lang='lat' dir='ltr'>Magna</span> <span class='ocrx_word' id='word_1_404' title='bbox 1077 2107 1214 2153; x_wconf 76' lang='lat' dir='ltr'>partium</span> <span class='ocrx_word' id='word_1_405' title='bbox 1243 2109 1275 2141; x_wconf 91' lang='lat'><strong>&amp;</strong></span> <span class='ocrx_word' id='word_1_406' title='bbox 1295 2103 1468 2153; x_wconf 75' lang='lat' dir='ltr'>particula-</span> 
     </span>
     <span class='ocr_line' id='line_1_39' title="bbox 83 2152 1467 2203; baseline 0.001 -18"><span class='ocrx_word' id='word_1_407' title='bbox 83 2163 154 2186; x_wconf 86' lang='lat' dir='ltr'>rum</span> <span class='ocrx_word' id='word_1_408' title='bbox 170 2153 350 2197; x_wconf 77' lang='lat' dir='ltr'>admotum</span> <span class='ocrx_word' id='word_1_409' title='bbox 361 2153 494 2187; x_wconf 76' lang='lat' dir='ltr'>facilitas</span> <span class='ocrx_word' id='word_1_410' title='bbox 509 2181 518 2194; x_wconf 92' lang='lat'>,</span> <span class='ocrx_word' id='word_1_411' title='bbox 535 2155 567 2187; x_wconf 90' lang='lat' dir='ltr'>in</span> <span class='ocrx_word' id='word_1_412' title='bbox 581 2152 769 2200; x_wconf 61' lang='lat' dir='ltr'>corporibus</span> <span class='ocrx_word' id='word_1_413' title='bbox 783 2153 958 2201; x_wconf 74' lang='lat' dir='ltr'>praesertim</span> <span class='ocrx_word' id='word_1_414' title='bbox 978 2155 1190 2203; x_wconf 79' lang='lat' dir='ltr'>homogeneis</span> <span class='ocrx_word' id='word_1_415' title='bbox 1206 2184 1215 2196; x_wconf 84' lang='lat'>‚</span> <span class='ocrx_word' id='word_1_416' title='bbox 1236 2165 1370 2200; x_wconf 83' lang='lat' dir='ltr'>quaeque</span> <span class='ocrx_word' id='word_1_417' title='bbox 1399 2152 1467 2186; x_wconf 77' lang='lat' dir='ltr'>for-</span> 
     </span>
     <span class='ocr_line' id='line_1_40' title="bbox 84 2199 1468 2249; baseline 0 -15"><span class='ocrx_word' id='word_1_418' title='bbox 84 2202 145 2234; x_wconf 83' lang='lat' dir='ltr'>tius</span> <span class='ocrx_word' id='word_1_419' title='bbox 162 2200 328 2242; x_wconf 75' lang='lat' dir='ltr'>resonant:</span> <span class='ocrx_word' id='word_1_420' title='bbox 342 2215 416 2239; x_wconf 83' lang='lat' dir='ltr'>nam</span> <span class='ocrx_word' id='word_1_421' title='bbox 427 2199 811 2243; x_wconf 62' lang='lat' dir='ltr'>celeritasvibr&#39;ationtrm</span> <span class='ocrx_word' id='word_1_422' title='bbox 822 2204 910 2249; x_wconf 73' lang='lat' dir='ltr'>,²quce</span> <span class='ocrx_word' id='word_1_423' title='bbox 925 2217 996 2238; x_wconf 87' lang='lat' dir='ltr'>cum</span> <span class='ocrx_word' id='word_1_424' title='bbox 1010 2216 1126 2249; x_wconf 71' lang='lat' dir='ltr'>magna</span> <span class='ocrx_word' id='word_1_425' title='bbox 1136 2206 1168 2237; x_wconf 78' lang='lat' dir='ltr'>vi</span> <span class='ocrx_word' id='word_1_426' title='bbox 1185 2202 1309 2249; x_wconf 76' lang='lat' dir='ltr'>semper</span> <span class='ocrx_word' id='word_1_427' title='bbox 1332 2201 1374 2235; x_wconf 80' lang='lat' dir='ltr'>est</span> <span class='ocrx_word' id='word_1_428' title='bbox 1394 2214 1468 2235; x_wconf 86' lang='lat' dir='ltr'>con-</span> 
     </span>
     <span class='ocr_line' id='line_1_41' title="bbox 78 2249 1466 2300; baseline -0.001 -17"><span class='ocrx_word' id='word_1_429' title='bbox 78 2251 217 2296; x_wconf 50' lang='lat' dir='ltr'>ji&#39;rnjffa&#39;„</span> <span class='ocrx_word' id='word_1_430' title='bbox 234 2250 402 2297; x_wconf 84' lang='lat' dir='ltr'>particulas</span> <span class='ocrx_word' id='word_1_431' title='bbox 417 2249 493 2296; x_wconf 78' lang='lat' dir='ltr'>ipsas</span> <span class='ocrx_word' id='word_1_432' title='bbox 506 2249 811 2294; x_wconf 66' lang='lat' dir='ltr'>facile-commovet.</span> <span class='ocrx_word' id='word_1_433' title='bbox 831 2252 938 2294; x_wconf 68' lang='lat' dir='ltr'>Altera</span> <span class='ocrx_word' id='word_1_434' title='bbox 952 2253 1042 2300; x_wconf 77' lang='lat' dir='ltr'>hujus</span> <span class='ocrx_word' id='word_1_435' title='bbox 1055 2251 1243 2300; x_wconf 81' lang='lat' dir='ltr'>sympathiae</span> <span class='ocrx_word' id='word_1_436' title='bbox 1254 2252 1337 2285; x_wconf 81' lang='lat' dir='ltr'>ratio</span> <span class='ocrx_word' id='word_1_437' title='bbox 1353 2250 1398 2284; x_wconf 79' lang='lat' dir='ltr'>est</span> <span class='ocrx_word' id='word_1_438' title='bbox 1409 2250 1466 2283; x_wconf 79' lang='lat' dir='ltr'>du-</span> 
     </span>
     <span class='ocr_line' id='line_1_42' title="bbox 83 2297 1468 2349; baseline 0 -18"><span class='ocrx_word' id='word_1_439' title='bbox 83 2297 343 2344; x_wconf 59' lang='lat' dir='ltr'>plicis‘caiissnad</span> <span class='ocrx_word' id='word_1_440' title='bbox 358 2299 496 2348; x_wconf 85' lang='lat' dir='ltr'>ejusdem</span> <span class='ocrx_word' id='word_1_441' title='bbox 515 2298 919 2346; x_wconf 68' lang='lat' dir='ltr'>effesttis&#39;procrearionem</span> <span class='ocrx_word' id='word_1_442' title='bbox 939 2300 1141 2349; x_wconf 85' lang='lat' dir='ltr'>conspiratio.</span> <span class='ocrx_word' id='word_1_443' title='bbox 1160 2302 1246 2335; x_wconf 76' lang='lat' dir='ltr'>Nam</span> <span class='ocrx_word' id='word_1_444' title='bbox 1261 2298 1315 2335; x_wconf 78' lang='lat' dir='ltr'>vel</span> <span class='ocrx_word' id='word_1_445' title='bbox 1329 2298 1393 2332; x_wconf 82' lang='lat' dir='ltr'>levi</span> <span class='ocrx_word' id='word_1_446' title='bbox 1408 2300 1468 2332; x_wconf 52' lang='lat' dir='ltr'>ima</span> 
     </span>
     <span class='ocr_line' id='line_1_43' title="bbox 83 2345 1467 2396; baseline 0 -15"><span class='ocrx_word' id='word_1_447' title='bbox 83 2345 239 2392; x_wconf 81' lang='lat' dir='ltr'>preffione</span> <span class='ocrx_word' id='word_1_448' title='bbox 254 2347 364 2396; x_wconf 73' lang='lat' dir='ltr'>stepius</span> <span class='ocrx_word' id='word_1_449' title='bbox 377 2350 514 2396; x_wconf 84' lang='lat' dir='ltr'>repetita</span> <span class='ocrx_word' id='word_1_450' title='bbox 527 2360 684 2395; x_wconf 78' lang='lat' dir='ltr'>campana</span> <span class='ocrx_word' id='word_1_451' title='bbox 700 2347 926 2396; x_wconf 73' lang='lat' dir='ltr'>commovetur</span> <span class='ocrx_word' id='word_1_452' title='bbox 936 2379 944 2392; x_wconf 80' lang='lat'><em>,</em></span> <span class='ocrx_word' id='word_1_453' title='bbox 957 2349 1013 2384; x_wconf 82' lang='lat' dir='ltr'>ubi</span> <span class='ocrx_word' id='word_1_454' title='bbox 1024 2351 1104 2384; x_wconf 68' lang='lat' dir='ltr'>ictus</span> <span class='ocrx_word' id='word_1_455' title='bbox 1117 2348 1199 2383; x_wconf 83' lang='lat' dir='ltr'>adeo</span> <span class='ocrx_word' id='word_1_456' title='bbox 1211 2359 1395 2396; x_wconf 80' lang='lat' dir='ltr'>opportune</span> <span class='ocrx_word' id='word_1_457' title='bbox 1405 2349 1467 2381; x_wconf 86' lang='lat' dir='ltr'>im-</span> 
     </span>
     <span class='ocr_line' id='line_1_44' title="bbox 82 2395 1468 2448; baseline 0.001 -21"><span class='ocrx_word' id='word_1_458' title='bbox 82 2395 257 2442; x_wconf 78' lang='lat' dir='ltr'>pinguntur</span> <span class='ocrx_word' id='word_1_459' title='bbox 268 2425 278 2440; x_wconf 93' lang='lat'>,</span> <span class='ocrx_word' id='word_1_460' title='bbox 297 2395 384 2433; x_wconf 82' lang='lat' dir='ltr'>utab</span> <span class='ocrx_word' id='word_1_461' title='bbox 405 2396 472 2446; x_wconf 76' lang='lat' dir='ltr'>ipso</span> <span class='ocrx_word' id='word_1_462' title='bbox 481 2398 625 2445; x_wconf 81' lang='lat' dir='ltr'>pondere</span> <span class='ocrx_word' id='word_1_463' title='bbox 634 2401 1001 2448; x_wconf 78' lang='lat' dir='ltr'>campanae-adjuventur</span> <span class='ocrx_word' id='word_1_464' title='bbox 1013 2413 1021 2435; x_wconf 72' lang='grc' dir='ltr'><em>τ</em></span> <span class='ocrx_word' id='word_1_465' title='bbox 1035 2396 1228 2435; x_wconf 72' lang='lat' dir='ltr'>eadem‘fere</span> <span class='ocrx_word' id='word_1_466' title='bbox 1247 2399 1278 2434; x_wconf 84' lang='lat' dir='ltr'>in</span> <span class='ocrx_word' id='word_1_467' title='bbox 1295 2398 1401 2433; x_wconf 80' lang='lat' dir='ltr'>nervis</span> <span class='ocrx_word' id='word_1_468' title='bbox 1419 2407 1468 2430; x_wconf 79' lang='lat' dir='ltr'>te-</span> 
     </span>
    </p>

    <p class='ocr_par' dir='ltr' id='par_1_6' title="bbox 1142 2447 1309 2494">
     <span class='ocr_line' id='line_1_45' title="bbox 1142 2447 1309 2494; baseline -0.012 -13"><span class='ocrx_word' id='word_1_469' title='bbox 1142 2447 1309 2494; x_wconf 63' lang='lat' dir='ltr'>Eeeeiij</span> 
     </span>
    </p>
   </div>
  </div>
 </body>
</html>
