1878 2724
416 137 480 166 410
684 121 1538 161 PHYSICAEPARS'SECUNDA.

416 174 567 209 stantiam
575 184 743 220 erumpere
754 185 843 219 ,quae
859 171 908 208 sua
928 171 1018 208 velut
1031 170 1148 218 spicula
1159 170 1337 207 levioribus
1348 172 1535 221 corporibus
1552 172 1677 223 infigat.
1768 179 1795 211 '2

452 224 540 271 Resp.
564 223 599 256 Id
615 221 710 256 facile
722 223 848 269 concipi
858 233 923 256 non
938 219 1024 269 posse
1036 220 1057 255 fi
1072 233 1186 257 omnes
1199 231 1319 255 naturae
1338 220 1471 257 effecius
1485 221 1558 257 solis
1580 221 1719 260 senfibus
1732 236 1802 260 me.

415 274 554 307 tiamur:
573 281 607 304 at
626 269 646 303 si
662 281 729 304 rem
745 281 849 305 totam
866 272 980 305 acriori
992 271 1102 305 animo
1119 269 1319 318 perpendere
1338 271 1486 305 volumus
1500 300 1510 315 ‚
1530 272 1562 306 id
1583 284 1694 308 verum
1707 299 1717 316 ‚
1745 284 1802 310 aut

414 331 502 353 certe
514 321 581 354 veri
593 321 777 366 proximum
791 318 853 354 effe
862 321 1099 368 comperiemus
1110 348 1120 362 ,
1132 319 1254 353 millum
1263 331 1345 365 pene
1359 318 1420 354 else
1430 332 1545 368 corpus
1557 316 1640 355 adeo
1653 320 1801 367 solidum,

414 368 502 413 quod
521 381 589 403 non
607 367 693 403 suam
705 366 1099 417 habeatatmo'sphaermn,
1119 370 1245 405 &circa
1262 366 1293 402 se
1302 366 1432 404 effluvia
1446 369 1589 416 quaedam
1611 383 1679 406 non
1697 368 1802 408 effiim

414 417 470 450 dar
484 444 493 458 ‚
508 429 543 451 ut
560 415 698 464 superius
715 417 920 454 ostendimus,

448 465 585 510 Instabis
599 494 609 509 ,
620 464 641 499 si
654 465 802 500 solidiora
819 478 954 514 quaeque
964 477 1100 514 corpora
1111 464 1163 501 sua
1177 464 1325 515 spargunt
1344 464 1474 501 effluvia
1487 494 1497 509 ‚
1515 478 1571 501 cur
1588 479 1656 502 non
1674 469 1804 505 tandem

417 515 607 550 minuuntur
617 514 783 562 pondere?

456 565 543 613 Resp.
557 577 580 600 1.
597 563 702 598 Multa
718 562 829 599 sensim
842 565 1052 606 imminui,ut
1063 562 1170 612 ligna',
1188 567 1222 600 &
1233 561 1442 613 aliarcorpora
1459 563 1589 600 levioris
1609 565 1804 613 contextus,
1837 588 1839 591 ·

416 624 454 647 ut
474 612 613 661 glaciem
626 612 726 660 ipsam
742 613 880 648 hiberno
892 624 1051 662 tempore.
1315 633 1318 638 Α

445 663 532 709 Refiy.
558 663 742 698 2.Tantam
754 660 815 696 esse
833 660 1037 697 effluviorum
1058 659 1270 698 subtilitatem
1284 690 1294 705 ,
1308 673 1343 696 ur
1361 662 1507 698 sensuum
1532 664 1602 698 vim
1615 663 1806 711 plerumque

416 710 573 759 effugiant
584 729 593 756 ·,
605 723 666 745 nec
682 710 754 745 satis
766 709 935 757 exquisitas
946 710 1103 745 habemus
1113 709 1254 744 bilances
1266 738 1276 754 ,
1292 721 1327 745 ut
1337 710 1355 745 fi
1365 712 1443 758 quid
1461 713 1668 748 imminutum
1693 712 1805 755 fuerit,

416 759 597 805 dijudicare
617 758 779 808 poffimuS.
791 762 864 796 Nec
877 763 994 795 mirum
1010 758 1088 794 illud
1101 759 1205 794 videri
1229 760 1334 808 potest
1356 758 1376 794 fi
1391 760 1488 808 paulo
1500 762 1656 796 attentius
1679 763 1806 809 cogite..

416 821 500 850 mus,
516 809 707 855 quantulum
722 809 755 842 id
767 810 809 844 est
820 810 907 856 quod
925 811 1035 851 cervi,
1052 820 1106 844 aut
1126 807 1244 857 leporis
1254 809 1336 856 pede
1346 808 1465 844 leviter
1475 821 1566 845 moto
1575 838 1583 852 ,
1595 812 1630 845 in
1646 822 1729 845 terra
1739 821 1806 844 ma-

415 868 473 892 net
491 857 658 906 vestigium
673 858 784 905 :quod
804 869 912 892 tamen
925 858 994 906 post
1003 856 1140 892 multum
1156 859 1311 905 temporis
1319 869 1415 892 canes
1435 860 1575 893 venatici
1586 860 1724 894 odoratu
1735 869 1806 906 per-

414 908 614 954 cipiunt.3Sic
627 907 817 955 hydrargyri
830 906 947 942 halitus
966 917 1079 940 aurum
1093 906 1146 940 vel
1157 904 1285 954 longius
1295 905 1432 942 diffitum
1445 906 1636 955 plerumque
1646 910 1806 955 inquinat:

417 966 452 990 ut
467 954 550 989 nihil
563 955 668 990 dicam
681 956 721 989 de
730 954 886 1003 appensis,
900 966 953 990 aut
969 954 1010 988 de
1025 953 1185 1002 lapidibus
1197 984 1206 999 ‚
1219 961 1252 992 δε
1265 957 1400 1002 gemmis
1422 955 1462 989 de
1476 955 1596 1004 quibus
1612 955 1706 991 alibi.

465 1004 555 1052 Refp.
570 1018 592 1046 ς.
620 1003 797 1051 Fieriposs'e
809 1016 846 1039 ut
865 1005 995 1039 alterius
1017 1002 1278 1046 substanriae,aut
1287 1003 1446 1039 halituurn
1459 1016 1534 1048 ‚aut
1559 1003 1725 1051 spirituum
1750 1017 1766 1039 a
1793 1026 1808 1034 -

416 1051 507 1099 pulsu
521 1081 530 1095 ‚
544 1051 565 1087 si
583 1065 654 1100 quae
674 1051 708 1087 [it
721 1052 807 1088 facta
815 1056 936 1099 jactura
950 1063 1127 1099 reparetur.
1140 1053 1187 1087 Ac
1200 1065 1241 1088 ne
1256 1052 1337 1088 illud
1354 1052 1486 1099 quidem
1496 1051 1650 1088 abhorret
1660 1053 1680 1089 ὲ
1695 1055 1764 1088 veri
1777 1067 1805 1087 1-

417 1101 610 1144 mili,novos
624 1103 742 1151 jugiter
750 1115 817 1137 non
830 1114 960 1138 manare
970 1099 1102 1136 effluxus
1112 1130 1121 1144 ‚
1131 1100 1183 1135 sed
1191 1113 1248 1137 eos
1258 1102 1447 1150 plerumque
1458 1101 1517 1137 suis
1533 1101 1682 1137 fontibus
1695 1101 1806 1137 adhae-
1845 1118 1849 1121 ·
1876 1095 1878 1099 ¹

415 1148 559 1186 rescere:
578 1162 613 1185 ut
638 1150 726 1185 forte
753 1153 787 1186 in
807 1150 961 1186 odoribus
975 1178 985 1193 ,
1013 1151 1082 1186 imo
1103 1156 1136 1186 δε
1157 1152 1189 1185 in
1201 1153 1232 1185 vi
1247 1151 1398 1186 electrica
1411 1153 1582 1199 contingit.
1608 1153 1682 1187 Nec
1696 1149 1806 1186 neces-

416 1196 448 1232 se
462 1199 508 1232 est
523 1211 558 1233 ut
570 1200 749 1234 adamantis
761 1212 835 1242 ,aut
845 1199 976 1234 aliarum
986 1211 1188 1247 gemmarum
1198 1199 1402 1235 substantiam
1412 1199 1540 1235 effluere
1548 1201 1805 1244 statuamus‚curn

417 1249 487 1280 vim
504 1247 588 1281 suam
599 1246 788 1282 eleetricam
796 1259 951 1284 exerunt:
966 1247 1018 1283 sed
1031 1246 1103 1283 satis
1120 1247 1221 1283 fuerit
1231 1248 1252 1284 fi
1268 1252 1350 1283 intra
1360 1246 1432 1282 suos
1447 1260 1572 1283 meatus
1595 1247 1750 1283 viscosam
1764 1247 1806 1283 il-

413 1294 483 1329 -larn
497 1325 506 1339 ‚
520 1302 554 1333 δε
572 1298 724 1345 pinguem
739 1296 940 1333 substantiam
951 1326 962 1341 ‚
986 1307 1060 1343 quae
1079 1298 1112 1332 in
1136 1295 1191 1333 fila
1209 1294 1390 1334 tenuissima
1413 1297 1484 1344 post
1496 1297 1655 1333 astrictum
1670 1297 1807 1341 ducitur,

417 1356 490 1378 cum
506 1347 630 1393 impetu
638 1344 775 1381 vibrent.

453 1394 622 1428 Postremo
645 1393 665 1429 si
679 1397 724 1428 rei
742 1393 891 1441 cujusque
912 1405 1040 1430 atomos
1057 1407 1150 1430 motu
1166 1396 1311 1443 ingenito
1324 1396 1470 1443 praeditas
1486 1394 1547 1430 effe
1561 1407 1633 1430 cum
1646 1396 1805 1442 Epicureis

422 1442 595 1477 statuamus
608 1471 617 1485 ,
629 1443 708 1478 nihil
727 1445 844 1477 mirum
863 1443 906 1477 est
923 1442 942 1478 fi
955 1445 1104 1491 quaedam
1117 1446 1326 1480 continenter
1342 1445 1477 1480 avolent
1489 1473 1499 1487 ,
1520 1445 1596 1479 dum
1619 1455 1658 1477 ex
1671 1442 1806 1478 aliarum
1848 1460 1862 1472 »-

418 1491 555 1526 vinculis
572 1490 634 1526 sese
652 1492 803 1540 expedire
813 1491 1002 1529 moliuntur.
1036 1495 1081 1529 At
1094 1493 1114 1528 fi
1130 1495 1230 1541 magis
1246 1492 1372 1539 placeat
1381 1493 1508 1528 caelestis
1519 1492 1573 1527 illa
1582 1491 1717 1526 Cartefii
1730 1490 1805 1526 sub-

417 1540 532 1574 stantia
544 1569 554 1583 ,
568 1540 634 1575 haec
644 1543 755 1588 utique
764 1542 921 1576 continuo
960 1541 1026 1576 ulsu
1042 1542 1192 1591 cujusque
1202 1544 1343 1590 corporis
1354 1541 1520 1591 particulas
1531 1541 1571 1575 ad
1581 1553 1708 1576 motum
1718 1540 1804 1575 solli-

417 1587 555 1632 citabit,
573 1594 606 1625 &
618 1602 656 1624 ex
673 1591 708 1624 iis
719 1589 844 1637 semper
865 1554 1018 1637 quasslam
1033 1590 1174 1640 abripiet
1189 1607 1197 1634 ;
1217 1591 1300 1625 adeo
1310 1602 1346 1625 ut
1358 1591 1398 1625 ad
1416 1602 1646 1639 quamcunque
1674 1588 1806 1624 senten-

420 1640 499 1672 tiam
517 1649 575 1673 nos
598 1639 808 1687 adjtingamus
823 1667 832 1681 ‚
852 1638 1017 1686 explicatu
1033 1653 1100 1675 non
1119 1640 1155 1675 fit
1171 1640 1304 1674 arduum
1324 1640 1494 1687 quomodo
1506 1639 1654 1674 solidiora
1668 1649 1805 1685 quaeque
1848 1662 1858 1672 i

420 1698 555 1733 corpora
567 1689 600 1721 vi
616 1688 767 1723 elec‘trica
786 1687 902 1724 donari
920 1687 1057 1737 poffint:
1080 1690 1181 1738 idque
1196 1687 1302 1724 multo
1321 1688 1509 1725 luculentius
1534 1686 1612 1732 fiet,
1625 1700 1697 1722 cum
1720 1687 1760 1721 de
1770 1687 1804 1721 vi

419 1736 604 1783 magnetica
617 1737 801 1772 dixerimus.

950 1786 981 1820 C
998 1789 1026 1822 A
1043 1788 1066 1821 P
1083 1787 1117 1821 U
1131 1788 1160 1822 T
1211 1789 1252 1821 V.

891 1883 943 1914 Dc
960 1880 1122 1928 lapidibus
1144 1881 1182 1916 ὠ·
1197 1883 1342 1930 gemmis.

426 1977 639 2062 LApidem
658 1977 757 2026 vulgo
776 1976 936 2013 definiunt
948 1990 1060 2026 corpus
1078 1979 1215 2013 mixtum
1230 1983 1264 2014 &
1275 1979 1402 2021 durum,
1412 1978 1501 2025 quod
1520 1990 1627 2026 neque
1643 1978 1690 2013 est
1700 1981 1800 2016 duffi-

503 2025 543 2067 le,
557 2037 665 2071 neque
680 2028 713 2060 in
730 2038 813 2072 aqua
823 2026 1007 2070 exsolvitur,
1021 2038 1082 2062 nec
1099 2039 1156 2074 per
1168 2027 1198 2062 se
1217 2027 1264 2061 est
1278 2026 1445 2074 liquabile.
1461 2030 1504 2062 Ex
1517 2025 1595 2062 sicco
1611 2027 1710 2064 halitu
1723 2029 1804 2078 lapi»

421 2076 476 2109 des
486 2074 702 2117 concrescere,
718 2087 753 2110 ut
763 2075 893 2110 metalla
906 2089 947 2112 ex
956 2074 1081 2123 aquoso
1102 2089 1232 2123 vapore,
1241 2077 1386 2113 decernit
1402 2076 1590 2112 Aristoteles
1603 2089 1610 2110 :
1623 2075 1678 2110 alii
1689 2091 1728 2113 cx
1741 2090 1806 2113 ter.
1842 2107 1848 2111 .

421 2136 455 2158 ra
473 2129 506 2160 &
525 2135 610 2170 aqua
629 2135 684 2158 eos
695 2126 882 2172 compingi5
898 2125 953 2159 alii
968 2138 1006 2160 ex
1024 2123 1114 2160 succo
1133 2124 1298 2172 lapidifico
1311 2137 1367 2172 per
1388 2137 1476 2160 terra:
1487 2137 1610 2160 meatus
1628 2128 1715 2162 varie
1732 2138 1805 2175 per-

420 2172 529 2207 colato
555 2172 678 2220 lapides
708 2173 845 2209 formari
866 2186 1044 2210 autumant.
1098 2176 1238 2209 Materia
1264 2175 1398 2221 quidem
1422 2174 1562 2221 lapidum
1589 2187 1655 2209 non
1677 2176 1718 2209 est
1742 2176 1800 2210 ha-

421 2222 495 2256 litus
523 2219 617 2256 siccus
647 2227 681 2259 &
701 2222 864 2272 ignescens
880 2252 889 2266 ‚
913 2235 949 2257 ut
978 2224 1105 2257 videtur
1116 2223 1293 2259 Aristoteli.
1311 2225 1374 2258 Vix
1399 2225 1487 2257 enim
1505 2224 1606 2270 potest
1620 2222 1797 2268 hujusmodi

422 2270 538 2305 halitus
550 2271 627 2305 citra
643 2271 815 2307 humorem
828 2273 860 2305 in
875 2284 989 2319 corpus
1009 2273 1122 2306 durum
1136 2285 1342 2314 commearc3
1357 2284 1417 2308 nec
1428 2283 1536 2306 tamen
1554 2270 1618 2306 sola
1635 2272 1681 2306 est
1701 2284 1801 2315 terra,

422 2324 508 2367 cujus
519 2331 624 2366 partes
636 2319 656 2354 fi
667 2323 757 2356 omni
766 2320 902 2356 humore
911 2321 1124 2355 destituant-ar
1136 2351 1143 2363 ‚
1158 2324 1189 2357 in
1203 2320 1372 2366 pulverem
1396 2319 1545 2354 fatiscunt
1564 2336 1572 2363 3
1587 2332 1645 2354 nec
1666 2319 1729 2355 sola
1757 2321 1800 2355 est

421 2379 526 2414 aqua,
539 2381 611 2404 cum
625 2370 747 2417 lapides
761 2372 814 2407 vix
824 2381 878 2405 aut
892 2383 1057 2417 nunquam
1076 2369 1182 2405 calore
1202 2370 1390 2416 *liquentum
1417 2381 1476 2405 nec
1495 2369 1623 2404 demum
1642 2380 1727 2404 terra
1753 2367 1800 2404 est
