<?xml version="1.0" encoding="UTF-8"?>
<!DOCTYPE html PUBLIC "-//W3C//DTD XHTML 1.0 Transitional//EN"
    "http://www.w3.org/TR/xhtml1/DTD/xhtml1-transitional.dtd">
<html xmlns="http://www.w3.org/1999/xhtml" xml:lang="en" lang="en">
 <head>
  <title>
</title>
<meta http-equiv="Content-Type" content="text/html;charset=utf-8" />
  <meta name='ocr-system' content='tesseract 3.04.00' />
  <meta name='ocr-capabilities' content='ocr_page ocr_carea ocr_par ocr_line ocrx_word'/>
</head>
<body>
  <div class='ocr_page' id='page_1' title='image "./philosophiavetus02duhauoft_0390.png"; bbox 0 0 1878 2724; ppageno 0'>
   <div class='ocr_carea' id='block_1_1' title="bbox 373 166 1873 462">
    <p class='ocr_par' dir='ltr' id='par_1_1' title="bbox 373 166 1873 462">
     <span class='ocr_line' id='line_1_1' title="bbox 378 166 1787 218; baseline -0.004 -8"><span class='ocrx_word' id='word_1_1' title='bbox 378 177 430 218; x_wconf 78' lang='lat'>378</span> <span class='ocrx_word' id='word_1_2' title='bbox 673 168 928 206; x_wconf 81' lang='lat' dir='ltr'>PHYSIC&#39;AE</span> <span class='ocrx_word' id='word_1_3' title='bbox 990 168 1128 204; x_wconf 83' lang='lat' dir='ltr'>PARS</span> <span class='ocrx_word' id='word_1_4' title='bbox 1164 166 1476 217; x_wconf 71' lang='lat' dir='ltr'><strong>SECUNDA.</strong></span> <span class='ocrx_word' id='word_1_5' title='bbox 1753 207 1787 212; x_wconf 14' lang='grc' dir='ltr'>Α,</span> 
     </span>
     <span class='ocr_line' id='line_1_2' title="bbox 377 214 1823 270; baseline -0.004 -14"><span class='ocrx_word' id='word_1_6' title='bbox 377 235 416 256; x_wconf 77' lang='lat' dir='ltr'>ve</span> <span class='ocrx_word' id='word_1_7' title='bbox 429 232 594 270; x_wconf 81' lang='lat' dir='ltr'>praegnans</span> <span class='ocrx_word' id='word_1_8' title='bbox 605 219 749 253; x_wconf 67' lang='lat' dir='ltr'>coaretat</span> <span class='ocrx_word' id='word_1_9' title='bbox 762 230 872 253; x_wconf 86' lang='lat' dir='ltr'>aerem</span> <span class='ocrx_word' id='word_1_10' title='bbox 886 228 979 252; x_wconf 89' lang='lat' dir='ltr'>terrae</span> <span class='ocrx_word' id='word_1_11' title='bbox 992 219 1135 252; x_wconf 86' lang='lat' dir='ltr'>vicinum</span> <span class='ocrx_word' id='word_1_12' title='bbox 1145 245 1154 260; x_wconf 92' lang='lat'><strong>,</strong></span> <span class='ocrx_word' id='word_1_13' title='bbox 1175 222 1207 253; x_wconf 90' lang='lat'>&amp;</span> <span class='ocrx_word' id='word_1_14' title='bbox 1218 217 1335 252; x_wconf 84' lang='lat' dir='ltr'>halitus</span> <span class='ocrx_word' id='word_1_15' title='bbox 1353 218 1370 254; x_wconf 75' lang='grc' dir='ltr'>ὲ</span> <span class='ocrx_word' id='word_1_16' title='bbox 1388 214 1470 253; x_wconf 78' lang='lat' dir='ltr'>terra</span> <span class='ocrx_word' id='word_1_17' title='bbox 1485 225 1697 266; x_wconf 51' lang='lat' dir='ltr'>erumpentes¹</span> <span class='ocrx_word' id='word_1_18' title='bbox 1709 218 1766 253; x_wconf 83' lang='lat' dir='ltr'>re&#39;..·</span> <span class='ocrx_word' id='word_1_19' title='bbox 1778 259 1793 264; x_wconf 14' lang='lat' dir='ltr'>q·</span> <span class='ocrx_word' id='word_1_20' title='bbox 1817 258 1823 265; x_wconf 29' lang='grc' dir='ltr'><em>τ</em></span> 
     </span>
     <span class='ocr_line' id='line_1_3' title="bbox 375 262 1782 318; baseline -0.003 -13"><span class='ocrx_word' id='word_1_21' title='bbox 375 272 525 318; x_wconf 82' lang='lat' dir='ltr'>percutit.</span> <span class='ocrx_word' id='word_1_22' title='bbox 548 268 717 314; x_wconf 81' lang='lat' dir='ltr'>Postquam</span> <span class='ocrx_word' id='word_1_23' title='bbox 732 269 785 302; x_wconf 87' lang='lat' dir='ltr'>nix</span> <span class='ocrx_word' id='word_1_24' title='bbox 801 262 927 315; x_wconf 85' lang='lat' dir='ltr'>delapsa</span> <span class='ocrx_word' id='word_1_25' title='bbox 939 266 986 300; x_wconf 89' lang='lat' dir='ltr'>est</span> <span class='ocrx_word' id='word_1_26' title='bbox 1002 295 1012 308; x_wconf 87' lang='lat'>,</span> <span class='ocrx_word' id='word_1_27' title='bbox 1028 265 1192 300; x_wconf 89' lang='lat' dir='ltr'>interdum</span> <span class='ocrx_word' id='word_1_28' title='bbox 1205 277 1260 299; x_wconf 87' lang='lat' dir='ltr'>aer</span> <span class='ocrx_word' id='word_1_29' title='bbox 1269 266 1407 313; x_wconf 83' lang='lat' dir='ltr'>tepidior</span> <span class='ocrx_word' id='word_1_30' title='bbox 1417 267 1460 300; x_wconf 87' lang='lat' dir='ltr'>est</span> <span class='ocrx_word' id='word_1_31' title='bbox 1474 295 1484 309; x_wconf 90' lang='lat'>,</span> <span class='ocrx_word' id='word_1_32' title='bbox 1504 267 1557 302; x_wconf 88' lang='lat' dir='ltr'>vel</span> <span class='ocrx_word' id='word_1_33' title='bbox 1576 268 1650 314; x_wconf 90' lang='lat' dir='ltr'>quia</span> <span class='ocrx_word' id='word_1_34' title='bbox 1661 265 1705 300; x_wconf 86' lang='lat' dir='ltr'>sol</span> <span class='ocrx_word' id='word_1_35' title='bbox 1715 270 1782 301; x_wconf 68' lang='lat' dir='ltr'>rat-¹</span> 
     </span>
     <span class='ocr_line' id='line_1_4' title="bbox 375 313 1873 364; baseline -0.003 -12"><span class='ocrx_word' id='word_1_36' title='bbox 375 319 445 353; x_wconf 78' lang='lat' dir='ltr'>dios</span> <span class='ocrx_word' id='word_1_37' title='bbox 460 319 543 364; x_wconf 86' lang='lat' dir='ltr'>prius</span> <span class='ocrx_word' id='word_1_38' title='bbox 562 315 673 350; x_wconf 89' lang='lat' dir='ltr'>nubilo</span> <span class='ocrx_word' id='word_1_39' title='bbox 687 314 850 363; x_wconf 77' lang='lat' dir='ltr'>opprelsos</span> <span class='ocrx_word' id='word_1_40' title='bbox 865 320 935 363; x_wconf 89' lang='lat' dir='ltr'>jam</span> <span class='ocrx_word' id='word_1_41' title='bbox 953 313 1084 349; x_wconf 71' lang='lat' dir='ltr'>liberius</span> <span class='ocrx_word' id='word_1_42' title='bbox 1105 313 1214 348; x_wconf 81' lang='lat' dir='ltr'>vibrat</span> <span class='ocrx_word' id='word_1_43' title='bbox 1230 330 1239 357; x_wconf 76' lang='lat'><em>3</em></span> <span class='ocrx_word' id='word_1_44' title='bbox 1255 314 1306 348; x_wconf 90' lang='lat' dir='ltr'>vel</span> <span class='ocrx_word' id='word_1_45' title='bbox 1319 317 1392 361; x_wconf 85' lang='lat' dir='ltr'>quia</span> <span class='ocrx_word' id='word_1_46' title='bbox 1405 313 1506 349; x_wconf 86' lang='lat' dir='ltr'>nubes</span> <span class='ocrx_word' id='word_1_47' title='bbox 1522 327 1600 350; x_wconf 85' lang='lat' dir='ltr'>ante</span> <span class='ocrx_word' id='word_1_48' title='bbox 1620 313 1765 362; x_wconf 66' lang='lat' dir='ltr'>pendula</span> <span class='ocrx_word' id='word_1_49' title='bbox 1815 322 1817 325; x_wconf 87' lang='lat'>&#39;</span> <span class='ocrx_word' id='word_1_50' title='bbox 1835 316 1837 322; x_wconf 66' lang='lat'><strong><em>⁴</em></strong></span> <span class='ocrx_word' id='word_1_51' title='bbox 1867 316 1873 348; x_wconf 81' lang='lat' dir='ltr'>i</span> 
     </span>
     <span class='ocr_line' id='line_1_5' title="bbox 375 361 1762 414; baseline -0.002 -13"><span class='ocrx_word' id='word_1_52' title='bbox 375 366 430 401; x_wconf 86' lang='lat' dir='ltr'>suo</span> <span class='ocrx_word' id='word_1_53' title='bbox 444 366 563 414; x_wconf 81' lang='lat' dir='ltr'>frigore</span> <span class='ocrx_word' id='word_1_54' title='bbox 576 362 756 412; x_wconf 59' lang='lat' dir='ltr'>subjeetum</span> <span class='ocrx_word' id='word_1_55' title='bbox 773 376 883 400; x_wconf 85' lang='lat' dir='ltr'>aerem</span> <span class='ocrx_word' id='word_1_56' title='bbox 899 362 1103 399; x_wconf 86' lang='lat' dir='ltr'>infestabant.</span> <span class='ocrx_word' id='word_1_57' title='bbox 1119 364 1162 397; x_wconf 81' lang='lat' dir='ltr'>At</span> <span class='ocrx_word' id='word_1_58' title='bbox 1181 361 1292 411; x_wconf 67' lang='lat' dir='ltr'>saepius</span> <span class='ocrx_word' id='word_1_59' title='bbox 1308 365 1355 397; x_wconf 87' lang='lat' dir='ltr'>vis</span> <span class='ocrx_word' id='word_1_60' title='bbox 1369 363 1494 412; x_wconf 87' lang='lat' dir='ltr'>frigoris</span> <span class='ocrx_word' id='word_1_61' title='bbox 1505 365 1548 400; x_wconf 86' lang='lat' dir='ltr'>est</span> <span class='ocrx_word' id='word_1_62' title='bbox 1556 362 1762 411; x_wconf 72' lang='lat' dir='ltr'>acrionquod</span> 
     </span>
     <span class='ocr_line' id='line_1_6' title="bbox 373 411 1751 462; baseline -0.001 -13"><span class='ocrx_word' id='word_1_63' title='bbox 373 415 472 462; x_wconf 78' lang='lat' dir='ltr'>frigus</span> <span class='ocrx_word' id='word_1_64' title='bbox 485 425 523 449; x_wconf 85' lang='lat' dir='ltr'>ex</span> <span class='ocrx_word' id='word_1_65' title='bbox 533 412 641 448; x_wconf 86' lang='lat' dir='ltr'>media</span> <span class='ocrx_word' id='word_1_66' title='bbox 659 414 738 447; x_wconf 87' lang='lat' dir='ltr'>aeris</span> <span class='ocrx_word' id='word_1_67' title='bbox 752 411 846 462; x_wconf 85' lang='lat' dir='ltr'>plaga</span> <span class='ocrx_word' id='word_1_68' title='bbox 858 416 890 450; x_wconf 89' lang='lat' dir='ltr'>in</span> <span class='ocrx_word' id='word_1_69' title='bbox 908 412 1054 449; x_wconf 85' lang='lat' dir='ltr'>infimam</span> <span class='ocrx_word' id='word_1_70' title='bbox 1064 412 1254 459; x_wconf 82' lang='lat' dir='ltr'>plerumque</span> <span class='ocrx_word' id='word_1_71' title='bbox 1269 412 1469 448; x_wconf 82' lang='lat' dir='ltr'>demittatur.</span> <span class='ocrx_word' id='word_1_72' title='bbox 1744 415 1751 425; x_wconf 70' lang='lat'><em>⁷</em></span> 
     </span>
    </p>
   </div>
   <div class='ocr_carea' id='block_1_2' title="bbox 931 511 1187 548">
    <p class='ocr_par' dir='ltr' id='par_1_2' title="bbox 931 511 1187 548">
     <span class='ocr_line' id='line_1_7' title="bbox 931 511 1187 548; baseline 0.012 -4"><span class='ocrx_word' id='word_1_73' title='bbox 931 511 995 545; x_wconf 78' lang='lat' dir='ltr'>³Dc</span> <span class='ocrx_word' id='word_1_74' title='bbox 1012 511 1187 548; x_wconf 80' lang='lat' dir='ltr'><em>Grandine.</em></span> 
     </span>
    </p>
   </div>
   <div class='ocr_carea' id='block_1_3' title="bbox 362 605 1846 1782">
    <p class='ocr_par' dir='ltr' id='par_1_3' title="bbox 365 605 1846 1049">
     <span class='ocr_line' id='line_1_8' title="bbox 404 605 1762 656; baseline 0.001 -12"><span class='ocrx_word' id='word_1_75' title='bbox 404 609 489 644; x_wconf 85' lang='lat' dir='ltr'>Cum</span> <span class='ocrx_word' id='word_1_76' title='bbox 501 608 602 644; x_wconf 88' lang='lat' dir='ltr'>nubes</span> <span class='ocrx_word' id='word_1_77' title='bbox 617 609 687 645; x_wconf 87' lang='lat' dir='ltr'>sunt</span> <span class='ocrx_word' id='word_1_78' title='bbox 698 608 900 645; x_wconf 83' lang='lat' dir='ltr'>sublimiores</span> <span class='ocrx_word' id='word_1_79' title='bbox 912 621 949 644; x_wconf 87' lang='lat' dir='ltr'>ac</span> <span class='ocrx_word' id='word_1_80' title='bbox 960 607 1095 644; x_wconf 82' lang='lat' dir='ltr'>flocculi</span> <span class='ocrx_word' id='word_1_81' title='bbox 1112 609 1196 642; x_wconf 85' lang='lat' dir='ltr'>nivis</span> <span class='ocrx_word' id='word_1_82' title='bbox 1212 605 1354 655; x_wconf 70' lang='lat' dir='ltr'>primum</span> <span class='ocrx_word' id='word_1_83' title='bbox 1369 607 1477 643; x_wconf 87' lang='lat' dir='ltr'>calore</span> <span class='ocrx_word' id='word_1_84' title='bbox 1489 607 1653 656; x_wconf 78' lang='lat' dir='ltr'>liquantur</span> <span class='ocrx_word' id='word_1_85' title='bbox 1666 639 1677 653; x_wconf 91' lang='lat'>,</span> <span class='ocrx_word' id='word_1_86' title='bbox 1692 620 1762 647; x_wconf 85' lang='lat' dir='ltr'>tum</span> 
     </span>
     <span class='ocr_line' id='line_1_9' title="bbox 368 656 1763 707; baseline 0 -15"><span class='ocrx_word' id='word_1_87' title='bbox 368 656 525 692; x_wconf 82' lang='lat' dir='ltr'>subeunte</span> <span class='ocrx_word' id='word_1_88' title='bbox 539 659 707 707; x_wconf 80' lang='lat' dir='ltr'>frigidiore</span> <span class='ocrx_word' id='word_1_89' title='bbox 719 671 820 694; x_wconf 87' lang='lat' dir='ltr'>vento</span> <span class='ocrx_word' id='word_1_90' title='bbox 836 661 952 693; x_wconf 86' lang='lat' dir='ltr'>iterum</span> <span class='ocrx_word' id='word_1_91' title='bbox 968 657 1198 706; x_wconf 75' lang='lat' dir='ltr'>congelantur,</span> <span class='ocrx_word' id='word_1_92' title='bbox 1216 656 1409 705; x_wconf 84' lang='lat' dir='ltr'>grandinem</span> <span class='ocrx_word' id='word_1_93' title='bbox 1427 656 1580 704; x_wconf 68' lang='lat' dir='ltr'>praebent.</span> <span class='ocrx_word' id='word_1_94' title='bbox 1604 658 1691 694; x_wconf 85' lang='lat' dir='ltr'>Cum</span> <span class='ocrx_word' id='word_1_95' title='bbox 1704 672 1763 695; x_wconf 82' lang='lat' dir='ltr'>au-</span> 
     </span>
     <span class='ocr_line' id='line_1_10' title="bbox 371 705 1763 756; baseline 0.002 -15"><span class='ocrx_word' id='word_1_96' title='bbox 371 718 438 741; x_wconf 87' lang='lat' dir='ltr'>tem</span> <span class='ocrx_word' id='word_1_97' title='bbox 456 709 564 742; x_wconf 87' lang='lat' dir='ltr'>nivem</span> <span class='ocrx_word' id='word_1_98' title='bbox 594 707 828 755; x_wconf 87' lang='lat' dir='ltr'>liquescentem</span> <span class='ocrx_word' id='word_1_99' title='bbox 849 719 964 742; x_wconf 88' lang='lat' dir='ltr'>ventus</span> <span class='ocrx_word' id='word_1_100' title='bbox 984 706 1134 756; x_wconf 81' lang='lat' dir='ltr'>frigidior</span> <span class='ocrx_word' id='word_1_101' title='bbox 1153 707 1287 753; x_wconf 85' lang='lat' dir='ltr'>corripit</span> <span class='ocrx_word' id='word_1_102' title='bbox 1307 733 1317 748; x_wconf 86' lang='lat'>‚</span> <span class='ocrx_word' id='word_1_103' title='bbox 1344 717 1381 740; x_wconf 88' lang='lat' dir='ltr'>ac</span> <span class='ocrx_word' id='word_1_104' title='bbox 1402 706 1521 741; x_wconf 87' lang='lat' dir='ltr'>mu&#39;tos</span> <span class='ocrx_word' id='word_1_105' title='bbox 1545 705 1698 743; x_wconf 84' lang='lat' dir='ltr'>flocculos</span> <span class='ocrx_word' id='word_1_106' title='bbox 1729 711 1763 744; x_wconf 82' lang='lat' dir='ltr'>in</span> 
     </span>
     <span class='ocr_line' id='line_1_11' title="bbox 368 753 1799 806; baseline -0.001 -16"><span class='ocrx_word' id='word_1_107' title='bbox 368 768 469 790; x_wconf 86' lang='lat' dir='ltr'>unum</span> <span class='ocrx_word' id='word_1_108' title='bbox 481 756 616 806; x_wconf 81' lang='lat' dir='ltr'>colligit,</span> <span class='ocrx_word' id='word_1_109' title='bbox 643 768 712 803; x_wconf 88' lang='lat' dir='ltr'>tum</span> <span class='ocrx_word' id='word_1_110' title='bbox 727 757 850 805; x_wconf 82' lang='lat' dir='ltr'>grando</span> <span class='ocrx_word' id='word_1_111' title='bbox 864 785 874 800; x_wconf 95' lang='lat'>,</span> <span class='ocrx_word' id='word_1_112' title='bbox 891 762 924 793; x_wconf 89' lang='lat'>&amp;</span> <span class='ocrx_word' id='word_1_113' title='bbox 937 760 1056 806; x_wconf 83' lang='lat' dir='ltr'>major,</span> <span class='ocrx_word' id='word_1_114' title='bbox 1067 761 1105 792; x_wconf 48' lang='lat'>&amp;⁷</span> <span class='ocrx_word' id='word_1_115' title='bbox 1118 753 1227 803; x_wconf 82' lang='lat' dir='ltr'>figurae</span> <span class='ocrx_word' id='word_1_116' title='bbox 1247 753 1419 803; x_wconf 86' lang='lat' dir='ltr'>polygonae</span> <span class='ocrx_word' id='word_1_117' title='bbox 1436 766 1577 804; x_wconf 86' lang='lat' dir='ltr'>praeceps</span> <span class='ocrx_word' id='word_1_118' title='bbox 1595 759 1669 793; x_wconf 88' lang='lat' dir='ltr'>ruit.</span> <span class='ocrx_word' id='word_1_119' title='bbox 1689 759 1772 793; x_wconf 57' lang='lat' dir='ltr'>Hm*</span> <span class='ocrx_word' id='word_1_120' title='bbox 1795 765 1799 769; x_wconf 92' lang='grc'><em>·</em></span> 
     </span>
     <span class='ocr_line' id='line_1_12' title="bbox 367 803 1761 853; baseline 0.002 -15"><span class='ocrx_word' id='word_1_121' title='bbox 367 809 415 851; x_wconf 77' lang='lat' dir='ltr'>jus</span> <span class='ocrx_word' id='word_1_122' title='bbox 428 816 570 840; x_wconf 85' lang='lat' dir='ltr'>extrema</span> <span class='ocrx_word' id='word_1_123' title='bbox 587 805 668 853; x_wconf 85' lang='lat' dir='ltr'>saepe</span> <span class='ocrx_word' id='word_1_124' title='bbox 679 805 845 853; x_wconf 86' lang='lat' dir='ltr'>pellucent</span> <span class='ocrx_word' id='word_1_125' title='bbox 859 833 870 848; x_wconf 92' lang='lat'>,</span> <span class='ocrx_word' id='word_1_126' title='bbox 887 806 976 853; x_wconf 91' lang='lat' dir='ltr'>quod</span> <span class='ocrx_word' id='word_1_127' title='bbox 987 817 1033 839; x_wconf 83' lang='lat' dir='ltr'>eae</span> <span class='ocrx_word' id='word_1_128' title='bbox 1047 814 1152 853; x_wconf 83' lang='lat' dir='ltr'>partes</span> <span class='ocrx_word' id='word_1_129' title='bbox 1164 805 1247 851; x_wconf 83' lang='lat' dir='ltr'>prius</span> <span class='ocrx_word' id='word_1_130' title='bbox 1266 803 1402 849; x_wconf 83' lang='lat' dir='ltr'>liquatas</span> <span class='ocrx_word' id='word_1_131' title='bbox 1423 803 1523 852; x_wconf 88' lang='lat' dir='ltr'>frigus</span> <span class='ocrx_word' id='word_1_132' title='bbox 1543 808 1761 853; x_wconf 81' lang='lat' dir='ltr'>occupaverit.</span> 
     </span>
     <span class='ocr_line' id='line_1_13' title="bbox 368 851 1760 902; baseline 0.001 -16"><span class='ocrx_word' id='word_1_133' title='bbox 368 855 457 888; x_wconf 85' lang='lat' dir='ltr'>Hinc</span> <span class='ocrx_word' id='word_1_134' title='bbox 467 857 521 888; x_wconf 88' lang='lat' dir='ltr'>nix</span> <span class='ocrx_word' id='word_1_135' title='bbox 537 855 681 902; x_wconf 83' lang='lat' dir='ltr'>quaedam</span> <span class='ocrx_word' id='word_1_136' title='bbox 696 856 729 888; x_wconf 92' lang='lat' dir='ltr'>in</span> <span class='ocrx_word' id='word_1_137' title='bbox 743 855 852 889; x_wconf 89' lang='lat' dir='ltr'>medio</span> <span class='ocrx_word' id='word_1_138' title='bbox 869 866 970 902; x_wconf 83' lang='lat' dir='ltr'>opaca</span> <span class='ocrx_word' id='word_1_139' title='bbox 985 863 1146 889; x_wconf 85' lang='lat' dir='ltr'>remanet.</span> <span class='ocrx_word' id='word_1_140' title='bbox 1166 852 1282 886; x_wconf 82' lang='lat' dir='ltr'>AEstate</span> <span class='ocrx_word' id='word_1_141' title='bbox 1294 851 1497 899; x_wconf 81' lang='lat' dir='ltr'>frequentior</span> <span class='ocrx_word' id='word_1_142' title='bbox 1507 852 1551 886; x_wconf 88' lang='lat' dir='ltr'>est</span> <span class='ocrx_word' id='word_1_143' title='bbox 1562 881 1572 895; x_wconf 92' lang='lat'>‚</span> <span class='ocrx_word' id='word_1_144' title='bbox 1591 857 1624 890; x_wconf 84' lang='lat'>&amp;</span> <span class='ocrx_word' id='word_1_145' title='bbox 1637 859 1760 902; x_wconf 83' lang='lat' dir='ltr'>major:</span> 
     </span>
     <span class='ocr_line' id='line_1_14' title="bbox 365 899 1758 949; baseline 0.001 -13"><span class='ocrx_word' id='word_1_146' title='bbox 365 902 456 948; x_wconf 91' lang='lat' dir='ltr'>quod</span> <span class='ocrx_word' id='word_1_147' title='bbox 474 914 542 937; x_wconf 89' lang='lat' dir='ltr'>tum</span> <span class='ocrx_word' id='word_1_148' title='bbox 556 902 657 939; x_wconf 89' lang='lat' dir='ltr'>nubes</span> <span class='ocrx_word' id='word_1_149' title='bbox 666 901 724 937; x_wconf 83' lang='lat' dir='ltr'>sint</span> <span class='ocrx_word' id='word_1_150' title='bbox 736 901 936 938; x_wconf 89' lang='lat' dir='ltr'>sublimiores</span> <span class='ocrx_word' id='word_1_151' title='bbox 949 918 959 945; x_wconf 85' lang='lat'>;</span> <span class='ocrx_word' id='word_1_152' title='bbox 981 913 1088 949; x_wconf 88' lang='lat' dir='ltr'>neque</span> <span class='ocrx_word' id='word_1_153' title='bbox 1111 902 1218 936; x_wconf 86' lang='lat' dir='ltr'>hieme</span> <span class='ocrx_word' id='word_1_154' title='bbox 1233 899 1305 935; x_wconf 80' lang='lat' dir='ltr'>satis</span> <span class='ocrx_word' id='word_1_155' title='bbox 1322 900 1369 934; x_wconf 90' lang='lat' dir='ltr'>est</span> <span class='ocrx_word' id='word_1_156' title='bbox 1380 901 1493 936; x_wconf 89' lang='lat' dir='ltr'>caloris</span> <span class='ocrx_word' id='word_1_157' title='bbox 1506 929 1515 944; x_wconf 91' lang='lat'>‚</span> <span class='ocrx_word' id='word_1_158' title='bbox 1529 903 1584 949; x_wconf 87' lang='lat' dir='ltr'>qui</span> <span class='ocrx_word' id='word_1_159' title='bbox 1601 902 1642 936; x_wconf 87' lang='lat' dir='ltr'>ad</span> <span class='ocrx_word' id='word_1_160' title='bbox 1655 902 1758 938; x_wconf 81' lang='lat' dir='ltr'>nubes</span> 
     </span>
     <span class='ocr_line' id='line_1_15' title="bbox 365 947 1846 1000; baseline 0.002 -16"><span class='ocrx_word' id='word_1_161' title='bbox 365 951 448 985; x_wconf 84' lang='lat' dir='ltr'>adeo</span> <span class='ocrx_word' id='word_1_162' title='bbox 461 950 612 987; x_wconf 76' lang='lat' dir='ltr'>sublimes</span> <span class='ocrx_word' id='word_1_163' title='bbox 626 953 812 1000; x_wconf 83' lang='lat' dir='ltr'>perveniat:</span> <span class='ocrx_word' id='word_1_164' title='bbox 831 951 1001 987; x_wconf 86' lang='lat' dir='ltr'>inferiores</span> <span class='ocrx_word' id='word_1_165' title='bbox 1011 950 1150 998; x_wconf 82' lang='lat' dir='ltr'>quidem</span> <span class='ocrx_word' id='word_1_166' title='bbox 1159 951 1321 998; x_wconf 74' lang='lat' dir='ltr'>attingit,¹</span> <span class='ocrx_word' id='word_1_167' title='bbox 1335 947 1387 984; x_wconf 91' lang='lat' dir='ltr'>sed</span> <span class='ocrx_word' id='word_1_168' title='bbox 1399 949 1495 986; x_wconf 70' lang='lat' dir='ltr'>ciuus</span> <span class='ocrx_word' id='word_1_169' title='bbox 1520 952 1574 984; x_wconf 84' lang='lat' dir='ltr'>nix</span> <span class='ocrx_word' id='word_1_170' title='bbox 1586 948 1690 987; x_wconf 84' lang='lat' dir='ltr'>soluta</span> <span class='ocrx_word' id='word_1_171' title='bbox 1698 952 1762 987; x_wconf 86' lang='lat' dir='ltr'>de-</span> <span class='ocrx_word' id='word_1_172' title='bbox 1788 952 1791 953; x_wconf 46' lang='lat'><em>⁷</em></span> <span class='ocrx_word' id='word_1_173' title='bbox 1815 965 1817 967; x_wconf 94' lang='lat'>·</span> <span class='ocrx_word' id='word_1_174' title='bbox 1844 953 1846 971; x_wconf 62' lang='lat'>&#39;¹</span> 
     </span>
     <span class='ocr_line' id='line_1_16' title="bbox 365 999 1757 1049; baseline -0.001 -15"><span class='ocrx_word' id='word_1_175' title='bbox 365 1000 463 1042; x_wconf 88' lang='lat' dir='ltr'>cidit,</span> <span class='ocrx_word' id='word_1_176' title='bbox 486 1000 584 1048; x_wconf 69' lang='lat' dir='ltr'>quam</span> <span class='ocrx_word' id='word_1_177' title='bbox 603 1000 726 1049; x_wconf 86' lang='lat' dir='ltr'>frigore</span> <span class='ocrx_word' id='word_1_178' title='bbox 745 1002 864 1035; x_wconf 88' lang='lat' dir='ltr'>iterum</span> <span class='ocrx_word' id='word_1_179' title='bbox 888 999 1052 1049; x_wconf 83' lang='lat' dir='ltr'>congelari</span> <span class='ocrx_word' id='word_1_180' title='bbox 1066 1010 1174 1046; x_wconf 85' lang='lat' dir='ltr'>queat.</span> <span class='ocrx_word' id='word_1_181' title='bbox 1751 1013 1757 1018; x_wconf 90' lang='lat'>·</span> 
     </span>
    </p>

    <p class='ocr_par' dir='ltr' id='par_1_4' title="bbox 363 1046 1761 1341">
     <span class='ocr_line' id='line_1_17' title="bbox 403 1046 1760 1099; baseline -0.001 -15"><span class='ocrx_word' id='word_1_182' title='bbox 403 1051 494 1084; x_wconf 86' lang='lat' dir='ltr'>Dum</span> <span class='ocrx_word' id='word_1_183' title='bbox 503 1061 612 1084; x_wconf 88' lang='lat' dir='ltr'>autem</span> <span class='ocrx_word' id='word_1_184' title='bbox 623 1051 680 1084; x_wconf 88' lang='lat' dir='ltr'>nix</span> <span class='ocrx_word' id='word_1_185' title='bbox 703 1049 848 1084; x_wconf 88' lang='lat' dir='ltr'>nondum</span> <span class='ocrx_word' id='word_1_186' title='bbox 862 1049 985 1096; x_wconf 85' lang='lat' dir='ltr'>liquata</span> <span class='ocrx_word' id='word_1_187' title='bbox 996 1049 1043 1083; x_wconf 85' lang='lat' dir='ltr'>est</span> <span class='ocrx_word' id='word_1_188' title='bbox 1055 1076 1063 1088; x_wconf 88' lang='lat'><strong><em>‚</em></strong></span> <span class='ocrx_word' id='word_1_189' title='bbox 1082 1047 1135 1082; x_wconf 85' lang='lat' dir='ltr'>sed</span> <span class='ocrx_word' id='word_1_190' title='bbox 1156 1046 1393 1094; x_wconf 84' lang='lat' dir='ltr'>aliquantulum</span> <span class='ocrx_word' id='word_1_191' title='bbox 1411 1048 1639 1094; x_wconf 55' lang='lat' dir='ltr'>molinarum</span> <span class='ocrx_word' id='word_1_192' title='bbox 1657 1063 1760 1099; x_wconf 86' lang='lat' dir='ltr'>gran-</span> 
     </span>
     <span class='ocr_line' id='line_1_18' title="bbox 365 1093 1756 1147; baseline 0.003 -16"><span class='ocrx_word' id='word_1_193' title='bbox 365 1098 408 1132; x_wconf 90' lang='lat' dir='ltr'>do</span> <span class='ocrx_word' id='word_1_194' title='bbox 424 1110 490 1132; x_wconf 89' lang='lat' dir='ltr'>non</span> <span class='ocrx_word' id='word_1_195' title='bbox 503 1097 654 1146; x_wconf 85' lang='lat' dir='ltr'>pellucet.</span> <span class='ocrx_word' id='word_1_196' title='bbox 677 1100 730 1132; x_wconf 86' lang='lat' dir='ltr'>Sic</span> <span class='ocrx_word' id='word_1_197' title='bbox 742 1098 906 1146; x_wconf 84' lang='lat' dir='ltr'>grandinis</span> <span class='ocrx_word' id='word_1_198' title='bbox 920 1126 930 1140; x_wconf 92' lang='lat'>,</span> <span class='ocrx_word' id='word_1_199' title='bbox 950 1109 986 1132; x_wconf 88' lang='lat' dir='ltr'>ut</span> <span class='ocrx_word' id='word_1_200' title='bbox 999 1099 1080 1133; x_wconf 88' lang='lat' dir='ltr'>nivis</span> <span class='ocrx_word' id='word_1_201' title='bbox 1092 1095 1208 1144; x_wconf 87' lang='lat' dir='ltr'>figuras</span> <span class='ocrx_word' id='word_1_202' title='bbox 1221 1107 1288 1130; x_wconf 84' lang='lat' dir='ltr'>rum</span> <span class='ocrx_word' id='word_1_203' title='bbox 1305 1093 1418 1129; x_wconf 83' lang='lat' dir='ltr'>diverfi</span> <span class='ocrx_word' id='word_1_204' title='bbox 1443 1095 1602 1133; x_wconf 86' lang='lat' dir='ltr'>halituum</span> <span class='ocrx_word' id='word_1_205' title='bbox 1627 1099 1756 1147; x_wconf 85' lang='lat' dir='ltr'>plexus,</span> 
     </span>
     <span class='ocr_line' id='line_1_19' title="bbox 363 1142 1761 1195; baseline 0.002 -15"><span class='ocrx_word' id='word_1_206' title='bbox 363 1158 417 1181; x_wconf 91' lang='lat' dir='ltr'>aut</span> <span class='ocrx_word' id='word_1_207' title='bbox 430 1146 688 1195; x_wconf 85' lang='lat' dir='ltr'>frigoris-gradus</span> <span class='ocrx_word' id='word_1_208' title='bbox 702 1175 712 1189; x_wconf 88' lang='lat'>‚</span> <span class='ocrx_word' id='word_1_209' title='bbox 728 1158 783 1181; x_wconf 86' lang='lat' dir='ltr'>aut</span> <span class='ocrx_word' id='word_1_210' title='bbox 793 1150 884 1182; x_wconf 89' lang='lat' dir='ltr'>venti</span> <span class='ocrx_word' id='word_1_211' title='bbox 899 1145 954 1193; x_wconf 78' lang='lat' dir='ltr'>ipsi</span> <span class='ocrx_word' id='word_1_212' title='bbox 972 1149 1073 1181; x_wconf 81' lang='lat' dir='ltr'>varias</span> <span class='ocrx_word' id='word_1_213' title='bbox 1083 1174 1093 1188; x_wconf 88' lang='lat'>‚</span> <span class='ocrx_word' id='word_1_214' title='bbox 1109 1151 1141 1181; x_wconf 92' lang='lat'>&amp;</span> <span class='ocrx_word' id='word_1_215' title='bbox 1162 1156 1263 1193; x_wconf 83' lang='lat' dir='ltr'>prope</span> <span class='ocrx_word' id='word_1_216' title='bbox 1279 1142 1420 1178; x_wconf 83' lang='lat' dir='ltr'>infinitas</span> <span class='ocrx_word' id='word_1_217' title='bbox 1430 1146 1596 1184; x_wconf 86' lang='lat' dir='ltr'>exhibent.</span> <span class='ocrx_word' id='word_1_218' title='bbox 1616 1151 1689 1185; x_wconf 89' lang='lat' dir='ltr'>Nec</span> <span class='ocrx_word' id='word_1_219' title='bbox 1703 1161 1761 1183; x_wconf 91' lang='lat' dir='ltr'>ve-</span> 
     </span>
     <span class='ocr_line' id='line_1_20' title="bbox 363 1191 1758 1246; baseline 0.001 -17"><span class='ocrx_word' id='word_1_220' title='bbox 363 1193 491 1230; x_wconf 83' lang='lat' dir='ltr'>rifimile</span> <span class='ocrx_word' id='word_1_221' title='bbox 509 1196 553 1230; x_wconf 90' lang='lat' dir='ltr'>est</span> <span class='ocrx_word' id='word_1_222' title='bbox 562 1196 667 1230; x_wconf 82' lang='lat' dir='ltr'>:estate</span> <span class='ocrx_word' id='word_1_223' title='bbox 677 1225 687 1239; x_wconf 87' lang='lat'>‚</span> <span class='ocrx_word' id='word_1_224' title='bbox 713 1207 785 1230; x_wconf 87' lang='lat' dir='ltr'>cum</span> <span class='ocrx_word' id='word_1_225' title='bbox 796 1195 996 1231; x_wconf 79' lang='lat' dir='ltr'>aerinfirnus</span> <span class='ocrx_word' id='word_1_226' title='bbox 1011 1194 1146 1230; x_wconf 83' lang='lat' dir='ltr'>calidior</span> <span class='ocrx_word' id='word_1_227' title='bbox 1164 1194 1207 1228; x_wconf 87' lang='lat' dir='ltr'>est</span> <span class='ocrx_word' id='word_1_228' title='bbox 1218 1222 1228 1237; x_wconf 93' lang='lat'>,</span> <span class='ocrx_word' id='word_1_229' title='bbox 1243 1191 1614 1241; x_wconf 70' lang='lat' dir='ltr'>pluvianidelabentern</span> <span class='ocrx_word' id='word_1_230' title='bbox 1627 1197 1758 1246; x_wconf 75' lang='lat' dir='ltr'>congla-</span> 
     </span>
     <span class='ocr_line' id='line_1_21' title="bbox 364 1240 1760 1296; baseline 0.001 -18"><span class='ocrx_word' id='word_1_231' title='bbox 364 1246 441 1278; x_wconf 88' lang='lat' dir='ltr'>ciari</span> <span class='ocrx_word' id='word_1_232' title='bbox 457 1259 467 1286; x_wconf 75' lang='lat' dir='ltr'>i</span> <span class='ocrx_word' id='word_1_233' title='bbox 483 1256 544 1279; x_wconf 87' lang='lat' dir='ltr'>nec</span> <span class='ocrx_word' id='word_1_234' title='bbox 559 1257 668 1293; x_wconf 64' lang='lat' dir='ltr'>prope&gt;</span> <span class='ocrx_word' id='word_1_235' title='bbox 683 1255 802 1279; x_wconf 87' lang='lat' dir='ltr'>terram</span> <span class='ocrx_word' id='word_1_236' title='bbox 814 1273 825 1288; x_wconf 92' lang='lat'>‚</span> <span class='ocrx_word' id='word_1_237' title='bbox 843 1244 895 1279; x_wconf 86' lang='lat' dir='ltr'>sed</span> <span class='ocrx_word' id='word_1_238' title='bbox 911 1247 944 1281; x_wconf 90' lang='lat' dir='ltr'>in</span> <span class='ocrx_word' id='word_1_239' title='bbox 955 1244 1065 1279; x_wconf 79' lang='lat' dir='ltr'>media</span> <span class='ocrx_word' id='word_1_240' title='bbox 1079 1244 1158 1278; x_wconf 88' lang='lat' dir='ltr'>aeris</span> <span class='ocrx_word' id='word_1_241' title='bbox 1171 1244 1307 1290; x_wconf 87' lang='lat' dir='ltr'>regione</span> <span class='ocrx_word' id='word_1_242' title='bbox 1323 1269 1333 1285; x_wconf 93' lang='lat'>,</span> <span class='ocrx_word' id='word_1_243' title='bbox 1347 1240 1405 1276; x_wconf 85' lang='lat' dir='ltr'>ubi</span> <span class='ocrx_word' id='word_1_244' title='bbox 1421 1242 1581 1280; x_wconf 87' lang='lat' dir='ltr'>intensum</span> <span class='ocrx_word' id='word_1_245' title='bbox 1597 1246 1694 1296; x_wconf 87' lang='lat' dir='ltr'>frigus</span> <span class='ocrx_word' id='word_1_246' title='bbox 1707 1259 1760 1282; x_wconf 88' lang='lat' dir='ltr'>re-</span> 
     </span>
     <span class='ocr_line' id='line_1_22' title="bbox 364 1292 1754 1341; baseline 0.003 -15"><span class='ocrx_word' id='word_1_247' title='bbox 364 1303 464 1340; x_wconf 85' lang='lat' dir='ltr'>gnat,</span> <span class='ocrx_word' id='word_1_248' title='bbox 485 1292 688 1341; x_wconf 83' lang='lat' dir='ltr'>congelatur.</span> <span class='ocrx_word' id='word_1_249' title='bbox 1752 1319 1754 1323; x_wconf 66' lang='lat'>,</span> 
     </span>
    </p>

    <p class='ocr_par' dir='ltr' id='par_1_5' title="bbox 362 1340 1758 1782">
     <span class='ocr_line' id='line_1_23' title="bbox 403 1340 1756 1392; baseline 0.001 -18"><span class='ocrx_word' id='word_1_250' title='bbox 403 1341 484 1375; x_wconf 83' lang='lat' dir='ltr'>Fieri</span> <span class='ocrx_word' id='word_1_251' title='bbox 500 1343 598 1377; x_wconf 84' lang='lat' dir='ltr'>etiam</span> <span class='ocrx_word' id='word_1_252' title='bbox 609 1342 713 1390; x_wconf 88' lang='lat' dir='ltr'>potest</span> <span class='ocrx_word' id='word_1_253' title='bbox 728 1342 900 1390; x_wconf 80' lang='lat' dir='ltr'>utguttula</span> <span class='ocrx_word' id='word_1_254' title='bbox 915 1346 981 1390; x_wconf 64' lang='lat' dir='ltr'>Jam</span> <span class='ocrx_word' id='word_1_255' title='bbox 992 1340 1171 1390; x_wconf 81' lang='lat' dir='ltr'>inglaciem</span> <span class='ocrx_word' id='word_1_256' title='bbox 1185 1352 1335 1376; x_wconf 85' lang='lat' dir='ltr'>concreta</span> <span class='ocrx_word' id='word_1_257' title='bbox 1349 1344 1381 1376; x_wconf 90' lang='lat' dir='ltr'>in</span> <span class='ocrx_word' id='word_1_258' title='bbox 1397 1340 1464 1389; x_wconf 86' lang='lat' dir='ltr'>ipso</span> <span class='ocrx_word' id='word_1_259' title='bbox 1477 1341 1623 1378; x_wconf 86' lang='lat' dir='ltr'>descensu</span> <span class='ocrx_word' id='word_1_260' title='bbox 1635 1355 1756 1392; x_wconf 83' lang='lat' dir='ltr'>augea-</span> 
     </span>
     <span class='ocr_line' id='line_1_24' title="bbox 365 1389 1757 1442; baseline 0.004 -19"><span class='ocrx_word' id='word_1_261' title='bbox 365 1400 414 1423; x_wconf 87' lang='lat' dir='ltr'>tur</span> <span class='ocrx_word' id='word_1_262' title='bbox 430 1418 440 1432; x_wconf 89' lang='lat'>‚</span> <span class='ocrx_word' id='word_1_263' title='bbox 464 1390 541 1425; x_wconf 85' lang='lat' dir='ltr'>dum</span> <span class='ocrx_word' id='word_1_264' title='bbox 559 1403 661 1425; x_wconf 85' lang='lat' dir='ltr'>novas</span> <span class='ocrx_word' id='word_1_265' title='bbox 671 1389 934 1439; x_wconf 79' lang='lat' dir='ltr'>superficies,aut</span> <span class='ocrx_word' id='word_1_266' title='bbox 947 1392 1070 1426; x_wconf 86' lang='lat' dir='ltr'>tunicas</span> <span class='ocrx_word' id='word_1_267' title='bbox 1085 1390 1189 1425; x_wconf 88' lang='lat' dir='ltr'>induit</span> <span class='ocrx_word' id='word_1_268' title='bbox 1207 1390 1275 1425; x_wconf 84' lang='lat' dir='ltr'>fere</span> <span class='ocrx_word' id='word_1_269' title='bbox 1289 1402 1324 1425; x_wconf 92' lang='lat' dir='ltr'>ut</span> <span class='ocrx_word' id='word_1_270' title='bbox 1338 1393 1447 1433; x_wconf 89' lang='lat' dir='ltr'>cerei,</span> <span class='ocrx_word' id='word_1_271' title='bbox 1473 1402 1529 1426; x_wconf 90' lang='lat' dir='ltr'>aut</span> <span class='ocrx_word' id='word_1_272' title='bbox 1544 1391 1684 1427; x_wconf 87' lang='lat' dir='ltr'>candelae</span> <span class='ocrx_word' id='word_1_273' title='bbox 1699 1405 1757 1442; x_wconf 85' lang='lat' dir='ltr'>per</span> 
     </span>
     <span class='ocr_line' id='line_1_25' title="bbox 363 1438 1758 1489; baseline 0.004 -17"><span class='ocrx_word' id='word_1_274' title='bbox 363 1440 518 1486; x_wconf 85' lang='lat' dir='ltr'>repetitas</span> <span class='ocrx_word' id='word_1_275' title='bbox 529 1439 747 1474; x_wconf 80' lang='lat' dir='ltr'>immersiones</span> <span class='ocrx_word' id='word_1_276' title='bbox 761 1438 951 1477; x_wconf 83' lang='lat' dir='ltr'>formantur.</span> <span class='ocrx_word' id='word_1_277' title='bbox 969 1439 1069 1476; x_wconf 90' lang='lat' dir='ltr'>Unde</span> <span class='ocrx_word' id='word_1_278' title='bbox 1078 1443 1217 1487; x_wconf 84' lang='lat' dir='ltr'>majores</span> <span class='ocrx_word' id='word_1_279' title='bbox 1230 1450 1324 1474; x_wconf 88' lang='lat' dir='ltr'>erunt</span> <span class='ocrx_word' id='word_1_280' title='bbox 1333 1440 1495 1487; x_wconf 82' lang='lat' dir='ltr'>grandinis</span> <span class='ocrx_word' id='word_1_281' title='bbox 1514 1439 1608 1489; x_wconf 84' lang='lat' dir='ltr'>globi</span> <span class='ocrx_word' id='word_1_282' title='bbox 1626 1453 1693 1488; x_wconf 89' lang='lat' dir='ltr'>quo</span> <span class='ocrx_word' id='word_1_283' title='bbox 1716 1454 1758 1479; x_wconf 76' lang='lat' dir='ltr'>ex</span> 
     </span>
     <span class='ocr_line' id='line_1_26' title="bbox 362 1485 1754 1537; baseline 0.004 -16"><span class='ocrx_word' id='word_1_284' title='bbox 362 1485 469 1522; x_wconf 89' lang='lat' dir='ltr'>altiori</span> <span class='ocrx_word' id='word_1_285' title='bbox 482 1488 556 1522; x_wconf 92' lang='lat' dir='ltr'>loco</span> <span class='ocrx_word' id='word_1_286' title='bbox 566 1489 719 1523; x_wconf 89' lang='lat' dir='ltr'>decident</span> <span class='ocrx_word' id='word_1_287' title='bbox 730 1517 740 1532; x_wconf 86' lang='lat'>‚</span> <span class='ocrx_word' id='word_1_288' title='bbox 760 1494 794 1526; x_wconf 91' lang='lat'>&amp;</span> <span class='ocrx_word' id='word_1_289' title='bbox 807 1493 907 1537; x_wconf 81' lang='lat' dir='ltr'>major</span> <span class='ocrx_word' id='word_1_290' title='bbox 924 1490 1067 1524; x_wconf 88' lang='lat' dir='ltr'>humoris</span> <span class='ocrx_word' id='word_1_291' title='bbox 1080 1489 1175 1536; x_wconf 91' lang='lat' dir='ltr'>copia</span> <span class='ocrx_word' id='word_1_292' title='bbox 1190 1489 1223 1522; x_wconf 89' lang='lat' dir='ltr'>in</span> <span class='ocrx_word' id='word_1_293' title='bbox 1237 1486 1385 1523; x_wconf 87' lang='lat' dir='ltr'>descensu</span> <span class='ocrx_word' id='word_1_294' title='bbox 1400 1500 1555 1524; x_wconf 85' lang='lat' dir='ltr'>occurret.</span> <span class='ocrx_word' id='word_1_295' title='bbox 1569 1491 1754 1537; x_wconf 86' lang='lat' dir='ltr'>Antequam</span> 
     </span>
     <span class='ocr_line' id='line_1_27' title="bbox 362 1535 1757 1586; baseline 0.004 -17"><span class='ocrx_word' id='word_1_296' title='bbox 362 1536 534 1583; x_wconf 85' lang='lat' dir='ltr'>grandinet</span> <span class='ocrx_word' id='word_1_297' title='bbox 544 1566 554 1580; x_wconf 84' lang='lat'>‚</span> <span class='ocrx_word' id='word_1_298' title='bbox 577 1550 712 1586; x_wconf 85' lang='lat' dir='ltr'>magnus</span> <span class='ocrx_word' id='word_1_299' title='bbox 722 1536 915 1586; x_wconf 88' lang='lat' dir='ltr'>plerumque</span> <span class='ocrx_word' id='word_1_300' title='bbox 925 1538 1067 1586; x_wconf 85' lang='lat' dir='ltr'>strepitus</span> <span class='ocrx_word' id='word_1_301' title='bbox 1080 1538 1112 1571; x_wconf 92' lang='lat' dir='ltr'>in</span> <span class='ocrx_word' id='word_1_302' title='bbox 1124 1535 1253 1571; x_wconf 86' lang='lat' dir='ltr'>sublimi</span> <span class='ocrx_word' id='word_1_303' title='bbox 1267 1548 1340 1571; x_wconf 87' lang='lat' dir='ltr'>aere</span> <span class='ocrx_word' id='word_1_304' title='bbox 1352 1537 1454 1572; x_wconf 86' lang='lat' dir='ltr'>audiri</span> <span class='ocrx_word' id='word_1_305' title='bbox 1474 1536 1555 1572; x_wconf 90' lang='lat' dir='ltr'>solet</span> <span class='ocrx_word' id='word_1_306' title='bbox 1569 1555 1577 1581; x_wconf 83' lang='lat'><em>3</em></span> <span class='ocrx_word' id='word_1_307' title='bbox 1593 1537 1757 1574; x_wconf 73' lang='lat' dir='ltr'>collidun-</span> 
     </span>
     <span class='ocr_line' id='line_1_28' title="bbox 363 1584 1753 1635; baseline 0.004 -17"><span class='ocrx_word' id='word_1_308' title='bbox 363 1594 415 1618; x_wconf 87' lang='lat' dir='ltr'>tur</span> <span class='ocrx_word' id='word_1_309' title='bbox 424 1587 511 1620; x_wconf 91' lang='lat' dir='ltr'>enim</span> <span class='ocrx_word' id='word_1_310' title='bbox 520 1589 588 1632; x_wconf 84' lang='lat' dir='ltr'>jam</span> <span class='ocrx_word' id='word_1_311' title='bbox 599 1586 772 1635; x_wconf 68' lang='lat' dir='ltr'>congelatae</span> <span class='ocrx_word' id='word_1_312' title='bbox 782 1587 917 1635; x_wconf 82' lang='lat' dir='ltr'>guttulae</span> <span class='ocrx_word' id='word_1_313' title='bbox 931 1615 941 1630; x_wconf 92' lang='lat'>‚</span> <span class='ocrx_word' id='word_1_314' title='bbox 963 1587 1040 1621; x_wconf 89' lang='lat' dir='ltr'>dum</span> <span class='ocrx_word' id='word_1_315' title='bbox 1049 1584 1119 1620; x_wconf 84' lang='lat' dir='ltr'>aliae</span> <span class='ocrx_word' id='word_1_316' title='bbox 1132 1587 1166 1620; x_wconf 89' lang='lat' dir='ltr'>in</span> <span class='ocrx_word' id='word_1_317' title='bbox 1180 1584 1257 1619; x_wconf 87' lang='lat' dir='ltr'>alias</span> <span class='ocrx_word' id='word_1_318' title='bbox 1268 1587 1442 1621; x_wconf 90' lang='lat' dir='ltr'>incurrunt.</span> <span class='ocrx_word' id='word_1_319' title='bbox 1455 1586 1542 1621; x_wconf 89' lang='lat' dir='ltr'>Cum</span> <span class='ocrx_word' id='word_1_320' title='bbox 1552 1598 1662 1622; x_wconf 88' lang='lat' dir='ltr'>autern</span> <span class='ocrx_word' id='word_1_321' title='bbox 1675 1587 1753 1623; x_wconf 89' lang='lat' dir='ltr'>illud</span> 
     </span>
     <span class='ocr_line' id='line_1_29' title="bbox 362 1634 1754 1684; baseline 0.001 -17"><span class='ocrx_word' id='word_1_322' title='bbox 362 1645 507 1669; x_wconf 85' lang='lat' dir='ltr'>murmur</span> <span class='ocrx_word' id='word_1_323' title='bbox 518 1634 571 1669; x_wconf 90' lang='lat' dir='ltr'>lon</span> <span class='ocrx_word' id='word_1_324' title='bbox 596 1648 613 1669; x_wconf 93' lang='lat' dir='ltr'>e</span> <span class='ocrx_word' id='word_1_325' title='bbox 624 1647 699 1670; x_wconf 88' lang='lat' dir='ltr'>ante</span> <span class='ocrx_word' id='word_1_326' title='bbox 713 1636 875 1684; x_wconf 86' lang='lat' dir='ltr'>grandinis</span> <span class='ocrx_word' id='word_1_327' title='bbox 891 1635 1010 1684; x_wconf 87' lang='lat' dir='ltr'>lapsum</span> <span class='ocrx_word' id='word_1_328' title='bbox 1019 1635 1166 1669; x_wconf 85' lang='lat' dir='ltr'>audiatur</span> <span class='ocrx_word' id='word_1_329' title='bbox 1180 1663 1190 1677; x_wconf 89' lang='lat'>‚</span> <span class='ocrx_word' id='word_1_330' title='bbox 1201 1634 1233 1668; x_wconf 90' lang='lat' dir='ltr'>id</span> <span class='ocrx_word' id='word_1_331' title='bbox 1246 1647 1366 1683; x_wconf 84' lang='lat' dir='ltr'>magno</span> <span class='ocrx_word' id='word_1_332' title='bbox 1384 1634 1430 1669; x_wconf 86' lang='lat' dir='ltr'>est</span> <span class='ocrx_word' id='word_1_333' title='bbox 1446 1646 1640 1683; x_wconf 84' lang='lat' dir='ltr'>argumento</span> <span class='ocrx_word' id='word_1_334' title='bbox 1681 1648 1754 1671; x_wconf 56' lang='lat' dir='ltr'>ran4</span> 
     </span>
     <span class='ocr_line' id='line_1_30' title="bbox 362 1648 1750 1727; baseline 0.004 -12"><span class='ocrx_word' id='word_1_335' title='bbox 362 1681 473 1717; x_wconf 88' lang='lat' dir='ltr'>dinem</span> <span class='ocrx_word' id='word_1_336' title='bbox 492 1685 524 1718; x_wconf 91' lang='lat' dir='ltr'>in</span> <span class='ocrx_word' id='word_1_337' title='bbox 542 1648 685 1727; x_wconf 42' lang='lat' dir='ltr'>sublimi,</span> <span class='ocrx_word' id='word_1_338' title='bbox 707 1697 773 1719; x_wconf 88' lang='lat' dir='ltr'>non</span> <span class='ocrx_word' id='word_1_339' title='bbox 793 1687 826 1720; x_wconf 91' lang='lat' dir='ltr'>in</span> <span class='ocrx_word' id='word_1_340' title='bbox 844 1683 958 1721; x_wconf 83' lang='lat' dir='ltr'>infimo</span> <span class='ocrx_word' id='word_1_341' title='bbox 970 1696 1044 1719; x_wconf 88' lang='lat' dir='ltr'>aere</span> <span class='ocrx_word' id='word_1_342' title='bbox 1066 1683 1200 1719; x_wconf 85' lang='lat' dir='ltr'>formari</span> <span class='ocrx_word' id='word_1_343' title='bbox 1224 1696 1232 1718; x_wconf 92' lang='lat'>:</span> <span class='ocrx_word' id='word_1_344' title='bbox 1253 1682 1338 1719; x_wconf 83' lang='lat' dir='ltr'>adeo</span> <span class='ocrx_word' id='word_1_345' title='bbox 1356 1695 1391 1719; x_wconf 88' lang='lat' dir='ltr'>ut</span> <span class='ocrx_word' id='word_1_346' title='bbox 1408 1683 1489 1719; x_wconf 90' lang='lat' dir='ltr'>nihil</span> <span class='ocrx_word' id='word_1_347' title='bbox 1506 1684 1630 1720; x_wconf 79' lang='lat' dir='ltr'>neceffe</span> <span class='ocrx_word' id='word_1_348' title='bbox 1649 1649 1685 1720; x_wconf 64' lang='lat' dir='ltr'>(igr</span> <span class='ocrx_word' id='word_1_349' title='bbox 1708 1686 1750 1721; x_wconf 86' lang='lat' dir='ltr'>ad</span> 
     </span>
     <span class='ocr_line' id='line_1_31' title="bbox 364 1731 799 1782; baseline 0.014 -19"><span class='ocrx_word' id='word_1_350' title='bbox 364 1731 602 1780; x_wconf 78' lang='lat' dir='ltr'>antiperistafim</span> <span class='ocrx_word' id='word_1_351' title='bbox 612 1734 799 1782; x_wconf 85' lang='lat' dir='ltr'>confugere.</span> 
     </span>
    </p>
   </div>
   <div class='ocr_carea' id='block_1_4' title="bbox 1827 0 1878 2297">
    <p class='ocr_par' dir='ltr' id='par_1_6' title="bbox 1827 0 1878 2297">
     <span class='ocr_line' id='line_1_32' title="bbox 1827 0 1878 2297; baseline 0 0"><span class='ocrx_word' id='word_1_352' title='bbox 1827 0 1878 2297; x_wconf 95' lang='lat' dir='ltr'> </span> 
     </span>
    </p>
   </div>
   <div class='ocr_carea' id='block_1_5' title="bbox 1842 1149 1875 1183">
    <p class='ocr_par' dir='ltr' id='par_1_7' title="bbox 1842 1149 1875 1183">
     <span class='ocr_line' id='line_1_33' title="bbox 1842 1149 1875 1183; baseline 0 -30"><span class='ocrx_word' id='word_1_353' title='bbox 1842 1149 1875 1183; x_wconf 15' lang='grc' dir='ltr'>,ἐπ</span> 
     </span>
    </p>
   </div>
   <div class='ocr_carea' id='block_1_6' title="bbox 817 1831 1286 1978">
    <p class='ocr_par' dir='ltr' id='par_1_8' title="bbox 817 1831 1286 1978">
     <span class='ocr_line' id='line_1_34' title="bbox 873 1831 1225 1868; baseline 0.006 -3"><span class='ocrx_word' id='word_1_354' title='bbox 873 1831 905 1865; x_wconf 94' lang='lat' dir='ltr'>C</span> <span class='ocrx_word' id='word_1_355' title='bbox 931 1832 960 1866; x_wconf 84' lang='lat' dir='ltr'>A</span> <span class='ocrx_word' id='word_1_356' title='bbox 984 1833 1009 1866; x_wconf 82' lang='grc' dir='ltr'>Ρ</span> <span class='ocrx_word' id='word_1_357' title='bbox 1034 1831 1068 1868; x_wconf 93' lang='lat' dir='ltr'>U</span> <span class='ocrx_word' id='word_1_358' title='bbox 1090 1833 1122 1866; x_wconf 90' lang='lat' dir='ltr'>T</span> <span class='ocrx_word' id='word_1_359' title='bbox 1178 1831 1225 1867; x_wconf 85' lang='lat' dir='ltr'>X.</span> 
     </span>
     <span class='ocr_line' id='line_1_35' title="bbox 817 1926 1286 1978; baseline 0.006 -17"><span class='ocrx_word' id='word_1_360' title='bbox 817 1929 872 1962; x_wconf 84' lang='lat' dir='ltr'>De</span> <span class='ocrx_word' id='word_1_361' title='bbox 891 1930 1000 1978; x_wconf 70' lang='lat' dir='ltr'>ignitfs</span> <span class='ocrx_word' id='word_1_362' title='bbox 1028 1926 1286 1978; x_wconf 78' lang='lat' dir='ltr'>impreffiom‘bus.</span> 
     </span>
    </p>
   </div>
   <div class='ocr_carea' id='block_1_7' title="bbox 356 2025 1753 2465">
    <p class='ocr_par' dir='ltr' id='par_1_9' title="bbox 356 2025 1753 2465">
     <span class='ocr_line' id='line_1_36' title="bbox 366 2025 1751 2075; baseline 0.004 -16"><span class='ocrx_word' id='word_1_363' title='bbox 366 2045 376 2059; x_wconf 84' lang='grc'>-,</span> <span class='ocrx_word' id='word_1_364' title='bbox 462 2026 537 2060; x_wconf 90' lang='lat' dir='ltr'>Unc</span> <span class='ocrx_word' id='word_1_365' title='bbox 556 2025 595 2059; x_wconf 86' lang='lat' dir='ltr'>de</span> <span class='ocrx_word' id='word_1_366' title='bbox 607 2027 782 2068; x_wconf 77' lang='lat' dir='ltr'>Meteoris,</span> <span class='ocrx_word' id='word_1_367' title='bbox 797 2037 869 2072; x_wconf 85' lang='lat' dir='ltr'>quae</span> <span class='ocrx_word' id='word_1_368' title='bbox 884 2027 916 2060; x_wconf 89' lang='lat' dir='ltr'>in</span> <span class='ocrx_word' id='word_1_369' title='bbox 933 2026 1044 2061; x_wconf 87' lang='lat' dir='ltr'>medio</span> <span class='ocrx_word' id='word_1_370' title='bbox 1058 2038 1134 2060; x_wconf 86' lang='lat' dir='ltr'>acre</span> <span class='ocrx_word' id='word_1_371' title='bbox 1147 2025 1360 2061; x_wconf 75' lang='lat' dir='ltr'>accenduntur</span> <span class='ocrx_word' id='word_1_372' title='bbox 1376 2055 1386 2070; x_wconf 90' lang='lat'>‚</span> <span class='ocrx_word' id='word_1_373' title='bbox 1407 2026 1579 2062; x_wconf 87' lang='lat' dir='ltr'>dicendum</span> <span class='ocrx_word' id='word_1_374' title='bbox 1596 2027 1660 2064; x_wconf 84' lang='lat' dir='ltr'>est:</span> <span class='ocrx_word' id='word_1_375' title='bbox 1674 2040 1751 2075; x_wconf 64' lang='lat' dir='ltr'>que</span> 
     </span>
     <span class='ocr_line' id='line_1_37' title="bbox 362 2062 1748 2122; baseline 0.003 -14"><span class='ocrx_word' id='word_1_376' title='bbox 362 2062 395 2108; x_wconf 57' lang='lat'>1</span> <span class='ocrx_word' id='word_1_377' title='bbox 462 2075 570 2107; x_wconf 83' lang='lat' dir='ltr'>omnia</span> <span class='ocrx_word' id='word_1_378' title='bbox 584 2087 623 2109; x_wconf 90' lang='lat' dir='ltr'>ex</span> <span class='ocrx_word' id='word_1_379' title='bbox 634 2073 736 2109; x_wconf 84' lang='lat' dir='ltr'>halitu</span> <span class='ocrx_word' id='word_1_380' title='bbox 748 2073 916 2122; x_wconf 87' lang='lat' dir='ltr'>sulphureo</span> <span class='ocrx_word' id='word_1_381' title='bbox 926 2103 936 2118; x_wconf 92' lang='lat'>,</span> <span class='ocrx_word' id='word_1_382' title='bbox 947 2079 980 2111; x_wconf 70' lang='grc' dir='ltr'>δε</span> <span class='ocrx_word' id='word_1_383' title='bbox 991 2074 1112 2110; x_wconf 89' lang='lat' dir='ltr'>nitroso</span> <span class='ocrx_word' id='word_1_384' title='bbox 1129 2077 1285 2110; x_wconf 79' lang='lat' dir='ltr'>oriuntur.</span> <span class='ocrx_word' id='word_1_385' title='bbox 1302 2076 1391 2110; x_wconf 89' lang='lat' dir='ltr'>Hinc</span> <span class='ocrx_word' id='word_1_386' title='bbox 1409 2077 1494 2111; x_wconf 89' lang='lat' dir='ltr'>enim</span> <span class='ocrx_word' id='word_1_387' title='bbox 1509 2076 1665 2112; x_wconf 87' lang='lat' dir='ltr'>cuduntur</span> <span class='ocrx_word' id='word_1_388' title='bbox 1680 2077 1748 2112; x_wconf 82' lang='lat' dir='ltr'>ful-</span> 
     </span>
     <span class='ocr_line' id='line_1_38' title="bbox 361 2122 1753 2173; baseline 0.004 -18"><span class='ocrx_word' id='word_1_389' title='bbox 361 2123 464 2164; x_wconf 80' lang='lat' dir='ltr'>mina,</span> <span class='ocrx_word' id='word_1_390' title='bbox 485 2127 518 2158; x_wconf 90' lang='lat'>&amp;</span> <span class='ocrx_word' id='word_1_391' title='bbox 534 2122 662 2169; x_wconf 85' lang='lat' dir='ltr'>fulgura</span> <span class='ocrx_word' id='word_1_392' title='bbox 679 2125 829 2159; x_wconf 83' lang='lat' dir='ltr'>emicant.</span> <span class='ocrx_word' id='word_1_393' title='bbox 846 2122 958 2171; x_wconf 87' lang='lat' dir='ltr'>Fulgur</span> <span class='ocrx_word' id='word_1_394' title='bbox 969 2152 978 2165; x_wconf 89' lang='lat'>‚</span> <span class='ocrx_word' id='word_1_395' title='bbox 991 2135 1025 2158; x_wconf 90' lang='lat' dir='ltr'>ut</span> <span class='ocrx_word' id='word_1_396' title='bbox 1035 2126 1081 2158; x_wconf 89' lang='lat' dir='ltr'>ait</span> <span class='ocrx_word' id='word_1_397' title='bbox 1092 2126 1214 2159; x_wconf 86' lang='lat' dir='ltr'>Seneca</span> <span class='ocrx_word' id='word_1_398' title='bbox 1228 2152 1237 2166; x_wconf 92' lang='lat'>,</span> <span class='ocrx_word' id='word_1_399' title='bbox 1249 2124 1291 2158; x_wconf 88' lang='lat' dir='ltr'>est</span> <span class='ocrx_word' id='word_1_400' title='bbox 1308 2123 1334 2158; x_wconf 90' lang='lat' dir='ltr'>la</span> <span class='ocrx_word' id='word_1_401' title='bbox 1341 2135 1371 2158; x_wconf 88' lang='lat' dir='ltr'>te</span> <span class='ocrx_word' id='word_1_402' title='bbox 1386 2126 1467 2173; x_wconf 85' lang='lat' dir='ltr'>ignis</span> <span class='ocrx_word' id='word_1_403' title='bbox 1482 2124 1650 2172; x_wconf 84' lang='lat' dir='ltr'>explicitus</span> <span class='ocrx_word' id='word_1_404' title='bbox 1665 2142 1673 2168; x_wconf 79' lang='lat'>3</span> <span class='ocrx_word' id='word_1_405' title='bbox 1687 2123 1753 2161; x_wconf 86' lang='lat' dir='ltr'>ful-&#39;</span> 
     </span>
     <span class='ocr_line' id='line_1_39' title="bbox 359 2170 1745 2222; baseline 0.002 -18"><span class='ocrx_word' id='word_1_406' title='bbox 359 2183 438 2205; x_wconf 84' lang='lat' dir='ltr'>men</span> <span class='ocrx_word' id='word_1_407' title='bbox 454 2170 500 2205; x_wconf 84' lang='lat' dir='ltr'>est</span> <span class='ocrx_word' id='word_1_408' title='bbox 511 2172 639 2206; x_wconf 62' lang='lat' dir='ltr'>coaQus</span> <span class='ocrx_word' id='word_1_409' title='bbox 648 2174 732 2219; x_wconf 84' lang='lat' dir='ltr'>ignis</span> <span class='ocrx_word' id='word_1_410' title='bbox 743 2199 752 2213; x_wconf 83' lang='lat'><strong>,</strong></span> <span class='ocrx_word' id='word_1_411' title='bbox 762 2177 797 2208; x_wconf 72' lang='grc' dir='ltr'>δε</span> <span class='ocrx_word' id='word_1_412' title='bbox 810 2174 934 2219; x_wconf 90' lang='lat' dir='ltr'>impetu</span> <span class='ocrx_word' id='word_1_413' title='bbox 943 2174 1052 2221; x_wconf 62' lang='lat' dir='ltr'>jaetuS.</span> <span class='ocrx_word' id='word_1_414' title='bbox 1063 2176 1175 2220; x_wconf 78' lang='lat' dir='ltr'>{taque</span> <span class='ocrx_word' id='word_1_415' title='bbox 1182 2174 1317 2206; x_wconf 88' lang='lat' dir='ltr'>materia</span> <span class='ocrx_word' id='word_1_416' title='bbox 1332 2172 1473 2208; x_wconf 84' lang='lat' dir='ltr'>fulminis</span> <span class='ocrx_word' id='word_1_417' title='bbox 1486 2185 1522 2208; x_wconf 92' lang='lat' dir='ltr'>ut</span> <span class='ocrx_word' id='word_1_418' title='bbox 1532 2173 1669 2221; x_wconf 87' lang='lat' dir='ltr'>pulveris</span> <span class='ocrx_word' id='word_1_419' title='bbox 1682 2186 1745 2222; x_wconf 83' lang='lat' dir='ltr'>py-</span> 
     </span>
     <span class='ocr_line' id='line_1_40' title="bbox 359 2219 1750 2269; baseline 0.005 -18"><span class='ocrx_word' id='word_1_420' title='bbox 359 2221 398 2252; x_wconf 81' lang='lat' dir='ltr'>rii</span> <span class='ocrx_word' id='word_1_421' title='bbox 414 2219 460 2253; x_wconf 85' lang='lat' dir='ltr'>est</span> <span class='ocrx_word' id='word_1_422' title='bbox 480 2230 579 2264; x_wconf 82' lang='lat' dir='ltr'>terra,</span> <span class='ocrx_word' id='word_1_423' title='bbox 601 2223 719 2256; x_wconf 84' lang='lat' dir='ltr'>nitrum</span> <span class='ocrx_word' id='word_1_424' title='bbox 731 2249 740 2263; x_wconf 91' lang='lat'>‚</span> <span class='ocrx_word' id='word_1_425' title='bbox 755 2226 788 2257; x_wconf 70' lang='grc' dir='ltr'>δε</span> <span class='ocrx_word' id='word_1_426' title='bbox 806 2219 954 2269; x_wconf 79' lang='lat' dir='ltr'>sulphur3</span> <span class='ocrx_word' id='word_1_427' title='bbox 978 2221 1140 2269; x_wconf 87' lang='lat' dir='ltr'>utriusque</span> <span class='ocrx_word' id='word_1_428' title='bbox 1155 2219 1289 2256; x_wconf 63' lang='lat' dir='ltr'>eff-&#39;estus</span> <span class='ocrx_word' id='word_1_429' title='bbox 1309 2220 1378 2256; x_wconf 88' lang='lat' dir='ltr'>sunt</span> <span class='ocrx_word' id='word_1_430' title='bbox 1404 2224 1539 2256; x_wconf 86' lang='lat' dir='ltr'>omnino</span> <span class='ocrx_word' id='word_1_431' title='bbox 1556 2221 1750 2259; x_wconf 52' lang='lat' dir='ltr'>consimiles*</span> 
     </span>
     <span class='ocr_line' id='line_1_41' title="bbox 359 2267 1743 2318; baseline 0.003 -16"><span class='ocrx_word' id='word_1_432' title='bbox 359 2269 447 2302; x_wconf 84' lang='lat' dir='ltr'>Hinc</span> <span class='ocrx_word' id='word_1_433' title='bbox 464 2267 565 2303; x_wconf 85' lang='lat' dir='ltr'>nubes</span> <span class='ocrx_word' id='word_1_434' title='bbox 581 2281 660 2305; x_wconf 86' lang='lat' dir='ltr'>cava</span> <span class='ocrx_word' id='word_1_435' title='bbox 671 2269 766 2304; x_wconf 83' lang='lat' dir='ltr'>instar</span> <span class='ocrx_word' id='word_1_436' title='bbox 777 2271 930 2304; x_wconf 87' lang='lat' dir='ltr'>tormenti</span> <span class='ocrx_word' id='word_1_437' title='bbox 944 2272 1022 2313; x_wconf 86' lang='lat' dir='ltr'>erit,</span> <span class='ocrx_word' id='word_1_438' title='bbox 1038 2275 1124 2318; x_wconf 87' lang='lat' dir='ltr'>cujus</span> <span class='ocrx_word' id='word_1_439' title='bbox 1138 2269 1271 2304; x_wconf 87' lang='lat' dir='ltr'>claustra</span> <span class='ocrx_word' id='word_1_440' title='bbox 1296 2270 1372 2305; x_wconf 87' lang='lat' dir='ltr'>dum</span> <span class='ocrx_word' id='word_1_441' title='bbox 1390 2270 1554 2318; x_wconf 86' lang='lat' dir='ltr'>sulphurea</span> <span class='ocrx_word' id='word_1_442' title='bbox 1581 2271 1743 2306; x_wconf 86' lang='lat' dir='ltr'>exhalatio</span> 
     </span>
     <span class='ocr_line' id='line_1_42' title="bbox 357 2314 1745 2366; baseline 0.001 -18"><span class='ocrx_word' id='word_1_443' title='bbox 357 2314 525 2363; x_wconf 86' lang='lat' dir='ltr'>disrumpit</span> <span class='ocrx_word' id='word_1_444' title='bbox 540 2347 548 2360; x_wconf 89' lang='lat'>‚</span> <span class='ocrx_word' id='word_1_445' title='bbox 560 2323 594 2354; x_wconf 75' lang='grc' dir='ltr'>δε</span> <span class='ocrx_word' id='word_1_446' title='bbox 604 2321 746 2361; x_wconf 81' lang='lat' dir='ltr'>tonitru,</span> <span class='ocrx_word' id='word_1_447' title='bbox 758 2317 908 2366; x_wconf 86' lang='lat' dir='ltr'>&amp;fulgur</span> <span class='ocrx_word' id='word_1_448' title='bbox 917 2347 926 2361; x_wconf 92' lang='lat'>,</span> <span class='ocrx_word' id='word_1_449' title='bbox 937 2324 971 2356; x_wconf 89' lang='lat'><strong>&amp;</strong></span> <span class='ocrx_word' id='word_1_450' title='bbox 985 2318 1112 2354; x_wconf 84' lang='lat' dir='ltr'>fulmen</span> <span class='ocrx_word' id='word_1_451' title='bbox 1121 2316 1228 2354; x_wconf 88' lang='lat' dir='ltr'>efficit.</span> <span class='ocrx_word' id='word_1_452' title='bbox 1239 2317 1436 2366; x_wconf 73' lang='lat' dir='ltr'>fulguratio,</span> <span class='ocrx_word' id='word_1_453' title='bbox 1448 2329 1484 2352; x_wconf 89' lang='lat' dir='ltr'>ut</span> <span class='ocrx_word' id='word_1_454' title='bbox 1493 2321 1539 2352; x_wconf 89' lang='lat' dir='ltr'>ait</span> <span class='ocrx_word' id='word_1_455' title='bbox 1551 2319 1638 2353; x_wconf 89' lang='lat' dir='ltr'>idern</span> <span class='ocrx_word' id='word_1_456' title='bbox 1653 2322 1745 2354; x_wconf 68' lang='grc' dir='ltr'>διοϊ-</span> 
     </span>
     <span class='ocr_line' id='line_1_43' title="bbox 356 2365 1741 2416; baseline 0.006 -21"><span class='ocrx_word' id='word_1_457' title='bbox 356 2375 412 2398; x_wconf 79' lang='lat' dir='ltr'>cus</span> <span class='ocrx_word' id='word_1_458' title='bbox 426 2393 436 2407; x_wconf 90' lang='lat'>‚</span> <span class='ocrx_word' id='word_1_459' title='bbox 451 2366 590 2401; x_wconf 85' lang='lat' dir='ltr'>ostendit</span> <span class='ocrx_word' id='word_1_460' title='bbox 600 2369 706 2416; x_wconf 85' lang='lat' dir='ltr'>ignem</span> <span class='ocrx_word' id='word_1_461' title='bbox 718 2395 728 2409; x_wconf 90' lang='lat'>‚</span> <span class='ocrx_word' id='word_1_462' title='bbox 739 2365 925 2402; x_wconf 83' lang='lat' dir='ltr'>fulminatio</span> <span class='ocrx_word' id='word_1_463' title='bbox 940 2369 1064 2402; x_wconf 84' lang='lat' dir='ltr'>emittit</span> <span class='ocrx_word' id='word_1_464' title='bbox 1083 2384 1092 2408; x_wconf 86' lang='lat'>;</span> <span class='ocrx_word' id='word_1_465' title='bbox 1106 2367 1159 2401; x_wconf 83' lang='lat' dir='ltr'>illa</span> <span class='ocrx_word' id='word_1_466' title='bbox 1173 2369 1384 2403; x_wconf 82' lang='lat' dir='ltr'>comminatio</span> <span class='ocrx_word' id='word_1_467' title='bbox 1406 2378 1529 2402; x_wconf 84' lang='lat' dir='ltr'>tantum</span> <span class='ocrx_word' id='word_1_468' title='bbox 1539 2395 1549 2411; x_wconf 86' lang='lat'>,</span> <span class='ocrx_word' id='word_1_469' title='bbox 1562 2367 1614 2402; x_wconf 88' lang='lat' dir='ltr'>ista</span> <span class='ocrx_word' id='word_1_470' title='bbox 1625 2368 1741 2415; x_wconf 61' lang='lat' dir='ltr'>jacula,</span> 
     </span>
     <span class='ocr_line' id='line_1_44' title="bbox 357 2413 1170 2465; baseline 0.006 -21"><span class='ocrx_word' id='word_1_471' title='bbox 357 2413 406 2445; x_wconf 85' lang='lat' dir='ltr'>tio</span> <span class='ocrx_word' id='word_1_472' title='bbox 417 2425 489 2449; x_wconf 86' lang='lat' dir='ltr'>cum</span> <span class='ocrx_word' id='word_1_473' title='bbox 509 2416 599 2462; x_wconf 62' lang='grc' dir='ltr'>ὶᾶας</span> <span class='ocrx_word' id='word_1_474' title='bbox 616 2428 675 2453; x_wconf 83' lang='lat' dir='ltr'>nec</span> <span class='ocrx_word' id='word_1_475' title='bbox 688 2427 805 2452; x_wconf 80' lang='lat' dir='ltr'>natura</span> <span class='ocrx_word' id='word_1_476' title='bbox 816 2445 826 2461; x_wconf 93' lang='lat'><em>,</em></span> <span class='ocrx_word' id='word_1_477' title='bbox 840 2416 891 2452; x_wconf 86' lang='lat' dir='ltr'>sed</span> <span class='ocrx_word' id='word_1_478' title='bbox 902 2418 1025 2465; x_wconf 85' lang='lat' dir='ltr'>impetu</span> <span class='ocrx_word' id='word_1_479' title='bbox 1044 2417 1170 2452; x_wconf 85' lang='lat' dir='ltr'>distant.</span> 
     </span>
    </p>
   </div>
  </div>
 </body>
</html>
