1878 2724
501 121 661 159 PARs
712 120 960 158 TERrrA.
1369 131 1421 176 351.

0 187 4 209 2
36 185 106 212 rum
119 172 139 210 fi
152 172 244 209 nervi
256 172 290 208 in
300 169 432 207 fibtillas
449 170 794 221 peneinnumerabiles
804 170 926 205 abeant
939 185 949 207 ε
961 180 1034 205 cum
1053 169 1140 206 idem
1165 172 1236 207 frte
1249 172 1280 209 in
1296 174 1414 223 plantis

36 224 216 271 contingat.
234 224 322 259 Nam
338 219 424 256 fibrae
437 221 576 257 ettunco
590 223 622 255 in
639 232 746 254 ramos
758 247 769 262 ‚
785 224 820 257 ὅ(
840 218 938 262 folia,
958 223 993 256 &
1008 219 1128 255 fruetus
1151 231 1216 256 tam
1238 225 1412 259 numerosa:

0 296 1 299 η
37 269 266 320 sparguntur‚ut
276 281 359 318 pene
377 268 569 305 incredibile
586 270 865 306 videaturtantam
879 266 1029 303 fibrarum
1048 269 1330 318 copiamssttrunco
1344 274 1412 321 ipso

37 321 168 368 prodire
184 318 329 368 potuilse.
348 319 383 354 ld
394 320 492 354 etiam
501 330 540 353 ex
547 330 589 353 eo
608 328 783 364 utcumque
796 319 956 365 conjicere
963 315 1123 365 possumus
1134 345 1145 362 ,
1160 319 1248 366 quod
1266 323 1345 355 cutis
1358 322 1412 357 vel

38 370 118 403 corii
129 369 341 404 diuturnitate
363 369 518 416 temporis
530 367 707 414 consumpti
730 377 800 414 pars
817 368 935 401 extima
953 378 1018 401 non
1036 366 1136 401 modo
1160 366 1320 416 glutinosa
1334 399 1344 413 ,
1358 370 1411 404 sed

37 419 137 452 etiarn
149 419 181 453 in
198 416 293 453 fibras
307 419 486 452 innumeras
497 414 624 452 diffeeka
641 420 675 451 &
687 413 767 463 saepe
778 413 955 449 reticulatis
973 426 1126 463 appareat
1140 432 1149 458 ;
1169 416 1239 451 fere
1257 428 1294 451 ut
1314 417 1414 453 arbo-

20 503 22 506 Α
37 477 105 500 rum
121 466 217 511 folia,
237 465 293 501 ubi
311 478 381 514 pars
398 463 526 500 carnosa
542 465 605 500 fuit
616 462 658 499 ab
675 462 871 498 animalculis
889 461 985 498 exesa
1002 490 1013 507 ‚
1031 475 1070 498 ac
1085 463 1168 499 nihil
1184 476 1299 514 praeter
1315 464 1414 502 fibras

37 512 94 549 fibi
109 527 224 550 mutuo
238 517 377 550 intextas
391 514 587 561 relinquitur.

68 571 121 610 40.
143 563 210 599 Sub
221 575 292 599 cute
303 562 454 607 infinitae,
465 575 501 597 ut
510 563 829 612 diximus,appatent
846 560 1004 611 glandulae
1015 559 1316 608 miliares,quarum
1337 575 1413 598 una-

37 623 171 660 quaeque
199 611 255 648 sua.
266 612 383 648 venula
395 640 404 655 ,
429 611 764 655 arretiola,>.nervulo,
781 615 827 647 .&
844 609 916 645 vase
943 612 1127 645 excretorio
1150 611 1324 647 instruitur.
1342 613 1415 646 Ho-

35 672 105 696 rum
121 661 268 696 vasorum
291 660 400 696 ostiola
417 662 502 695 inter
531 660 614 708 pilos
642 672 733 695 certo
753 660 868 694 ordine
894 658 1014 707 'digesta
1037 670 1228 703 cernuntur.
1253 660 1413 696 Sudorem

33 721 92 757 per
100 722 152 744 eas
162 709 326 758 glandulas
339 737 349 751 ‚
364 708 482 746 &vasa
489 707 661 744 secretoria
673 710 800 744 excerni
807 713 876 757 jam
894 708 1049 743 diximus:
1069 709 1136 742 imo
1151 707 1337 757 perspiratio
1361 711 1413 744 in·-

32 757 187 793 senfibilis
196 770 255 807 per
266 771 304 794 ea
321 757 511 794 foraminula
525 761 658 793 omnino
670 756 841 806 perficitur.
856 757 955 794 Unde
970 754 990 790 fi
1005 768 1136 791 manum
1148 756 1310 793 calentem
1325 759 1412 792 virro

35 807 223 855 crystallino
240 807 422 842 admoveris
433 836 443 851 ‚
456 808 557 842 statim
570 808 602 842 id
614 806 733 841 nebula
744 805 885 854 quadam
899 803 1022 839 inficiet
1037 818 1044 839 :
1058 817 1116 840 nec
1135 817 1270 852 vapores
1287 805 1334 841 illi
1355 806 1412 853 qui

33 856 265 892 continenter&
279 868 415 904 corpore
432 858 580 903 expirant
591 884 600 898 ‚
612 854 742 889 aliunde
760 866 858 900 quam
877 854 894 889 ὲ
908 852 1066 901 glandulis
1087 852 1233 900 subjeffis
1255 856 1413 898 oriuntur,

32 903 111 939 dum
123 902 241 939 setosus
251 904 366 938 humor
374 916 473 951 quem
491 903 648 939 atteriolae
665 915 727 939 una
740 915 813 938 curn
828 901 986 950 >sanguine
997 901 1166 938 advehunt
1175 931 1184 946 ‚
1198 914 1256 951 per
1268 902 1343 938 vasa
1355 915 1413 938 ex-

33 955 171 988 cretoria
194 964 230 988 ut
245 952 365 988 inutilis
380 953 581 988 amandatur.

72 1009 121 1047 5⁰.
149 1001 298 1051 Nigredo
316 1000 515 1050 «papillarum
532 1013 603 1049 quae
618 1002 650 1036 in
670 999 828 1048 pedibus,
853 997 1257 1046 labtovsupetiorebovis,
1276 1012 1334 1035 aut
1352 1000 1414 1038 suis

33 1052 194 1094 cernitur,
219 1050 304 1084 forte
316 1053 426 1084 mitur
444 1062 482 1085 ex
501 1049 631 1085 mucoso
657 1049 813 1091 humore,
835 1059 901 1094 quo
920 1047 1096 1082 retifotmis
1109 1046 1221 1095 platus
1241 1051 1274 1083 in
1293 1048 1414 1086 summa

33 1109 106 1133 cute
118 1097 276 1133 imbuitur
289 1113 296 1135 :
310 1098 382 1134 hinc
393 1100 482 1133 enim
492 1101 584 1133 certis
600 1101 633 1134 in
648 1097 725 1132 locis
743 1096 892 1145 nigrescit
902 1125 913 1139 ‚
925 1107 960 1130 ut
970 1097 1003 1130 in
1014 1095 1123 1144 lingua
1137 1097 1188 1139 ;in
1198 1097 1267 1132 aliis
1280 1096 1413 1142 albicat,

32 1157 69 1180 ut
81 1149 114 1181 in
129 1146 258 1194 palato:
277 1159 374 1194 atque
391 1159 429 1181 ex
448 1159 488 1181 eo
507 1146 639 1182 forfitan
653 1146 786 1181 humore
806 1146 941 1193 nigredo
964 1143 1153 1191 AEthiopum
1169 1145 1315 1180 ducenda
1335 1147 1382 1182 est
1398 1162 1408 1183 t

33 1198 150 1230 namin
166 1197 202 1230 iis
212 1208 272 1230 nec
283 1195 430 1238 cuticula,
443 1207 503 1230 nec
519 1198 598 1231 cutis
609 1194 672 1243 ipsa
685 1205 756 1228 atro
766 1193 874 1228 colore
883 1192 1050 1235 inficitur5.
1059 1191 1111 1227 sed
1124 1191 1146 1227 Ξῑ
1155 1193 1286 1229 mucoso
1294 1194 1412 1240 hurn02

31 1255 67 1278 te
83 1243 220 1292 &plexu
236 1244 396 1278 reticulari
416 1244 550 1292 nigredo
571 1243 627 1278 illa
641 1242 767 1277 videtur
783 1243 968 1290 repetenda.

71 1295 114 1328 Ex
128 1295 166 1327 iis
175 1292 393 1340 quaedixinius
405 1293 444 1327 de
455 1292 558 1328 tacitus
576 1304 719 1340 organo,
738 1289 864 1326 facilius
887 1290 1109 1340 intelligentur
1130 1294 1283 1340 pr-aecipui
1302 1291 1410 1328 ta&fis

32 1340 124 1388 ipfius
137 1341 269 1377 affeetus
280 1356 288 1377 :
300 1344 384 1376 inter
393 1353 473 1389 quos
486 1341 579 1376 dolor
596 1339 784 1388 &voluptas
796 1342 913 1388 primas
927 1350 1060 1376 tenent:
1084 1341 1176 1375 dolor
1187 1343 1288 1375 oritur
1306 1342 1358 1375 vel
1372 1353 1413 1376 ex

31 1389 188 1437 preffione
198 1389 383 1425 fibrillarum
394 1402 465 1437 quae
476 1402 512 1425 ex
525 1392 561 1424 iis
574 1388 698 1437 papillis
718 1387 891 1424 miliaribus
903 1388 977 1423 hinc
991 1389 1067 1424 inde
1079 1388 1196 1424 diffusae
1210 1390 1288 1424 cutis
1308 1400 1413 1424 textu-

31 1449 99 1473 ram
111 1436 257 1474 efficiunt
274 1453 281 1475 :
298 1452 369 1474 cum
383 1451 428 1473 eae
442 1449 630 1486 premuntur
639 1435 755 1472 fortius
767 1465 777 1479 ‚
793 1449 831 1471 ex
842 1450 950 1472 earum
960 1437 1111 1472 divifione
1124 1437 1161 1473 fit
1173 1437 1283 1474 dolor:
1293 1440 1346 1485 qui
1356 1439 1413 1472 de-

32 1485 117 1521 finiri
132 1486 211 1523 solet
221 1517 230 1530 ‚
242 1488 341 1533 finsto
350 1488 473 1527 molesia
483 1485 503 1520 ὰ
512 1488 650 1520 continui
652 1487 809 1531 filun'one
817 1485 966 1533 profeci-la.
977 1489 1056 1521 Non
1069 1487 1157 1533 quod
1167 1488 1202 1521 in
1215 1489 1307 1521 omni
1318 1487 1411 1521 dolo-

31 1547 66 1569 te
85 1535 206 1570 neceffe
219 1536 255 1572 fit
272 1535 366 1570 fibras
383 1534 460 1584 ipsas
471 1535 582 1569 divelli
595 1563 604 1577 ,
620 1545 655 1568 ut
672 1536 705 1568 in
714 1533 897 1568 vulneribus
910 1532 977 1568 fieri
992 1534 1071 1569 solet
1085 1547 1176 1570 :nam
1191 1534 1301 1583 frigus,
1312 1533 1411 1578 calor,

30 1582 125 1620 flatus
136 1584 269 1632 ips1‚aut
286 1584 382 1619 alieni
391 1586 531 1631 corporis
542 1594 646 1631 partes
661 1580 746 1629 quali
767 1584 927 1616 cuneatim
941 1583 1059 1618 adaCtae
1073 1583 1221 1617 dolorem
1239 1595 1346 1617 creant
1370 1582 1411 1618 fi·

30 1630 96 1666 bris
109 1633 208 1668 illaefis
220 1663 229 1675 ,
243 1632 298 1668 nifi
312 1633 398 1681 quod
417 1644 459 1666 eae
474 1632 544 1680 plus
556 1631 627 1667 satis
635 1643 690 1665 aut
702 1641 891 1679 premuntur
900 1659 911 1675 ,
920 1642 976 1666 aut
986 1633 1157 1669 tenduntur
1167 1661 1175 1675 ,
1186 1643 1242 1667 aut
1252 1630 1313 1667 *arse
1324 1633 1410 1668 invi..

30 1691 103 1715 cem
116 1682 336 1717 distrahuntur.

64 1730 184 1764 Acerbi
198 1732 285 1765 enim
305 1729 434 1765 dolores
456 1728 638 1772 fiunt‚-cum
659 1732 788 1778 integrae
812 1740 946 1764 manent
970 1727 1166 1763 membranae
1179 1757 1189 1772 ,
1210 1727 1319 1773 fibrae,
1341 1741 1410 1764 ten.

30 1778 131 1815 dines.
167 1781 240 1815 Nec
257 1778 389 1813 subtiles
413 1791 588 1813 nervorum
623 1778 710 1814 fibrae
745 1792 802 1813 acu
817 1807 827 1822 ,
851 1778 904 1812 vel
931 1776 993 1812 sale
1029 1777 1217 1812 dividuntur
1242 1806 1252 1819 ,
1279 1777 1331 1811 sed
1350 1791 1409 1825 pa.

31 1839 157 1873 rumpet
190 1828 416 1863 distrahuntur.
453 1828 553 1864 Unde
588 1828 656 1875 post
685 1829 782 1862 totius
813 1828 904 1862 nervi
933 1824 1144 1860 distiffionem
1178 1825 1272 1860 celsat
1305 1827 1409 1863 dolor.

31 1875 134 1922 Qud
162 1875 183 1910 fi
208 1877 259 1911 vel
282 1876 397 1911 festuca
429 1889 565 1911 nervum
596 1887 706 1925 tangas
729 1904 740 1918 ‚
761 1887 895 1925 magnus
926 1875 1031 1908 statim
1060 1874 1152 1909 dolor
1183 1875 1304 1910 otietur
1318 1904 1328 1919 ‚
1350 1887 1412 1910 nec

30 1934 138 1959 tamen
147 1924 212 1958 ulla
226 1924 264 1959 fit
281 1924 432 1960 fibrarum
449 1923 579 1967 divisio,
603 1937 659 1960 aut
674 1925 833 1960 distraetio
856 1922 1037 1967 :idemvfig
1051 1921 1072 1957 si
1092 1922 1411 1959 membranam-ocu-

31 1971 54 2007 li
77 1983 200 2020 tangas,
237 1975 315 2009 Non
326 1975 422 2021 igitur
439 1971 503 2006 sola
524 1972 676 2008 fibrarum
694 1974 855 2008 distraffio
867 2000 878 2015 ‚
896 1983 952 2006 aut
971 1983 1100 2006 texturae
1116 1970 1278 2007 dilsolutio
1288 2001 1299 2016 ,
1311 1984 1346 2008 ut
1356 1984 1412 2006 ac-

29 2021 109 2054 cidit
129 2023 162 2055 in
181 2020 387 2064 contusione,
415 2021 460 2054 est
475 2021 601 2054 ‚dolor-is
621 2022 730 2056 causa:
753 2034 828 2055 nam
856 2032 928 2053 acus
948 2032 1021 2053 cum
1043 2022 1158 2068 pungit
1179 2048 1189 2062 ‚
1217 2018 1312 2055 fibras
1343 2033 1411 2056 non

30 2067 187 2112 dissolvit,
203 2081 258 2103 aut
273 2068 424 2104 distrahit.
439 2071 598 2115 Praecipua
609 2070 717 2115 itaque
731 2066 954 2103 doloris2causa
970 2068 1015 2102 est
1031 2071 1123 2107 nervi
1135 2067 1316 2113 vellicatio,
1332 2081 1412 2116 qua.

31 2129 123 2152 tenus
139 2116 261 2165 spiritus
275 2116 464 2164 perturbato
477 2128 566 2150 motu
584 2118 697 2164 agitati
711 2115 905 2152 confimilem
927 2115 1166 2152 concuffionem
1178 2116 1311 2151 cerebro
1326 2130 1412 2151 com-

29 2168 198 2201 municant.
215 2168 301 2201 Hinc
319 2165 430 2209 faber,
447 2177 482 2199 ut
495 2167 539 2199 ait
553 2164 693 2200 Borellus
704 2195 714 2208 ‚
726 2164 784 2200 ubi
803 2165 954 2200 laminam
966 2164 1104 2200 ferream
1114 2166 1233 2200 deterit
1250 2170 1282 2201 &
1299 2175 1411 2202 corto.

28 2213 271 2258 dir,dillbnante
285 2213 377 2248 sibilo
387 2216 467 2248 auris
484 2225 673 2261 tympanum
686 2214 774 2257 ferit,
792 2219 825 2250 &
844 2213 993 2249 dolorem
1012 2225 1108 2249 creat.
1123 2216 1175 2248 Sic
1189 2212 1243 2246 vel
1257 2213 1408 2247 cathmi-

27 2265 58 2296 ci
67 2264 247 2297 recordatio
259 2262 375 2297 viscera
389 2261 454 2310 ipsa
464 2261 643 2297 convellit:
661 2273 759 2310 atque
769 2263 937 2297 interiores
953 2262 1021 2296 illas
1041 2274 1213 2296 nervorum
1228 2260 1414 2296 vellicatim

27 2321 84 2345 nes
95 2314 255 2346 narcotica
271 2341 280 2354 ‚
294 2323 350 2345 aur
365 2311 540 2358 soporifera
551 2309 874 2358 plerumquesedant.
892 2312 943 2345 Sic
960 2308 1142 2345 convulfiva
1166 2310 1261 2344 cruris
1280 2321 1413 2343 contra-

26 2358 93 2400 Gtio
111 2371 143 2396 v.
165 2370 301 2408 etampes
314 2388 323 2399 ,
341 2358 444 2395 subito
460 2357 606 2395 sanantur
624 2358 707 2394 illiso
719 2361 752 2395 in
763 2370 880 2394 terram
895 2359 987 2407 pede.
1003 2361 1109 2396 Novo
1134 2359 1220 2394 enim
1238 2369 1329 2393 motu
1351 2356 1414 2406 spi-¹.
