1878 2724
572 143 726 182 PARS
779 144 1030 184 rtatim
1409 150 1478 192 w?

91 193 147 234 vel
178 195 281 232 minio
312 192 440 230 videtur
458 222 470 239 ‚
510 198 598 243 cujus
634 194 768 244 granula
818 195 1030 243 microscopio
1060 193 1122 230 visa
1149 221 1160 237 ‚
1219 191 1304 242 quali
1332 193 1469 230 laterum

92 245 274 293 fragmenta
299 255 468 292 apparent.
500 246 540 280 Et
567 254 676 279 tamen
702 255 740 278 ex
767 243 855 278 calce
876 243 1000 292 plumbi
1036 256 1108 279 cum
1125 244 1211 278 vitro
1245 242 1312 279 fusa
1329 255 1470 292 gemmae

88 294 225 330 faaitiae
238 300 270 331 &
284 293 475 329 tralucentes
490 291 571 329 fiunt
584 308 593 336 ς
609 304 645 328 ut
661 304 699 328 ex
714 291 801 327 calce
814 293 888 328 ferri
898 305 1019 328 croceae
1037 291 1264 334 conficiuntur,
1278 298 1312 330 ὅ(
1329 305 1368 327 ex
1385 294 1470 327 anti-

89 345 205 379 monio
217 345 336 378 virtum
345 340 542 390 pellucidum
555 369 567 384 ,
582 353 621 376 ut
632 354 671 377 ex
683 340 821 378 metallis
830 353 914 390 pene
928 340 1079 377 omnibus
1097 353 1243 390 paratur:
1260 354 1378 389 magno
1392 342 1468 388 qui-

90 392 165 427 dem
176 392 295 427 indicio
307 391 393 426 suam
403 390 522 427 habere
532 389 842 438 mineraliaquaeque
856 389 1125 439 perspicuitatem.
1144 391 1266 438 Neque
1276 392 1309 426 in
1322 390 1383 425 hoc
1393 401 1470 424 ocu-

90 439 195 476 lorum
205 453 329 476 tantum
341 440 524 476 testimonio
532 439 676 475 standum
688 439 732 475 est
747 453 754 475 :
767 452 834 475 non
844 441 932 475 enim
942 439 1014 476 satis
1032 438 1101 475 sunt
1119 442 1225 482 acuti,
1242 451 1278 474 ut
1294 439 1332 473 de
1349 437 1467 486 perspi-

88 493 210 524 euitare
221 489 337 538 poffint
351 500 407 523 aut
423 491 583 537 opacitate
596 500 765 537 corporum
775 488 958 526 decernere.
981 490 1033 525 Sic
1042 489 1123 524 radii
1135 487 1217 524 Solis
1226 500 1282 536 per
1296 487 1469 522 fenestram

91 537 265 574 subeuntes
288 551 353 573 non
366 536 466 573 solum
481 536 588 572 eboris
599 549 654 572 aut
670 537 749 586 ligni
757 536 896 573 abierini
910 565 920 580 ,
934 537 985 573 sed
1000 544 1034 575 δε
1046 539 1213 572 marmoris
1222 548 1276 571 aut
1294 536 1384 571 silicis
1399 535 1471 569 fru-

91 587 169 621 stula
185 587 427 634 quodammodo
452 585 598 621 efficiunt
619 587 778 635 diaphana
790 603 799 630 3
821 591 855 623 &
875 599 990 622 manus
1008 585 1073 635 ipsa
1090 598 1215 635 vegetae
1237 585 1299 621 luci
1321 582 1468 633 opposita

89 636 235 672 nonnihil
246 636 391 671 tralucet:
401 635 483 670 adeo
495 648 530 670 ut
543 635 593 670 lux
607 635 740 670 uberior-
751 634 925 671 multorum
938 647 1108 684 corporum
1119 637 1316 683 opacitatem
1331 635 1468 668 minuat.

127 684 216 720 Cum
226 696 335 721 autem
347 684 478 719 metalla
494 686 502 719 i
529 687 577 719 nis
593 686 626 719 vi
640 686 920 728 comminuuntur,
934 696 1001 719 tum
1023 683 1147 719 colores
1168 684 1304 718 induunt
1321 696 1329 718 ε
1344 679 1469 716 tametsi

88 744 155 768 non
168 736 257 769 omni
269 733 495 782 perspicuitate
503 697 683 782 spoliantur
693 763 704 777 ‚
717 744 754 768 ut
765 734 805 768 de
819 732 906 768 calce
919 732 1044 782 plumbi
1059 761 1069 776 ‚
1082 732 1135 767 seu
1143 733 1183 767 de
1200 734 1303 766 minio
1319 731 1470 766 diximus.

87 783 174 817 Hinc
185 782 376 818 calcinatum
393 781 562 830 plumbum
576 795 647 818 cum
656 781 786 818 arenula
797 781 898 817 fusum
911 811 920 825 ‚
930 781 1150 829 amethystum
1163 782 1329 824 mentitur,
1342 785 1375 817 ὅ(
1388 779 1470 814 alios

87 830 214 865 colores
237 831 357 880 praebet
366 861 376 876 ,
390 843 425 866 ut
439 833 536 866 variae
548 829 620 866 sunt
631 832 765 867 misturae
779 842 834 865 autv
843 829 972 865 fusionis
982 831 1111 879 gradus.

119 880 221 925 Qod
234 893 343 915 autem
354 883 548 917 minutarum
563 883 698 927 partium
710 891 834 914 textura
844 907 853 922 ‚
867 881 955 913 varia
970 891 1039 913 tum
1050 878 1182 914 reflexio
1193 907 1202 921 ‚
1226 888 1294 912 tum
1315 875 1475 911 refractio-

86 926 215 963 luminis
227 941 264 964 ex
278 928 492 977 subje&0,aut
503 931 621 963 interce
647 939 682 963 to
695 940 770 962 aete
784 926 954 975 plurimum
965 927 1004 960 ad
1016 926 1162 962 colorum
1178 926 1378 974 splendorem
1389 936 1469 959 con-

86 976 193 1012 ferant
202 1005 211 1020 ‚
225 990 263 1012 ex
273 979 310 1012 iis
318 990 388 1026 quae
400 979 486 1013 dicta
502 976 588 1021 sunt,
612 941 681 1012 [Etis
695 976 817 1024 liquere
826 974 974 1012 arbitror.
985 976 1087 1012 Unde
1102 978 1188 1010 enim
1200 977 1288 1011 nitor
1299 973 1354 1008 ille
1366 978 1399 1011 &
1412 985 1472 1007 co.-

86 1024 191 1061 lorum
209 1026 298 1062 velut
323 1030 470 1075 perennis
491 1029 627 1060 mutatio
653 1028 687 1060 in
707 1024 810 1073 opalis
825 1053 835 1067 ,
857 1027 1055 1073 margaritis,
1077 1027 1109 1059 in
1129 1023 1260 1059 conchis
1278 1021 1347 1070 ipsis
1369 1051 1379 1066 ,
1410 1021 1468 1057 nifi

87 1086 128 1110 ex
142 1074 326 1111 tenuiffimis
339 1081 372 1112 ὅ(
384 1087 467 1123 pene
481 1073 649 1122 diaphanis
668 1073 758 1108 velut
779 1071 934 1121 pelliculis
948 1085 985 1108 ex
997 1072 1116 1120 quibus
1132 1085 1169 1106 ea
1182 1072 1331 1107 constant
1349 1082 1468 1118 corpo-

87 1134 121 1157 ra
147 1133 158 1159 Ξ
186 1127 304 1172 Neque
315 1123 378 1158 alia
388 1123 472 1160 forte
487 1123 533 1156 est
545 1124 628 1156 ratio
640 1123 785 1158 colorum
795 1123 850 1169 qui
862 1123 893 1155 in
902 1122 1007 1155 caudis
1017 1133 1182 1170 pavonum
1197 1132 1263 1155 tam
1275 1118 1469 1169 splendidi&

86 1183 163 1218 apte
177 1171 314 1221 dispofiti
325 1184 507 1207 cernuntur.
520 1173 608 1207 Nam
620 1183 655 1206 ut
666 1173 700 1206 in
713 1170 953 1218 Micrographia
971 1170 1108 1218 Anglico
1125 1169 1270 1204 sermone
1287 1167 1472 1217 conscripta·

87 1223 147 1254 Vir
164 1222 197 1255 in
213 1220 455 1256 Mathematicis
467 1225 498 1256 ὃ(
510 1218 645 1266 Physicis
663 1217 884 1254 versatiffimus
907 1221 950 1254 D.
970 1220 1087 1253 Hooxe
1103 1218 1233 1267 pulchre
1247 1217 1387 1265 explicat
1404 1247 1413 1261 ,
1433 1223 1468 1253 δε

86 1268 197 1317 figuris
208 1271 360 1317 exprimit
375 1298 385 1312 ‚
402 1268 582 1316 complures
602 1280 780 1316 pennarum
802 1267 917 1302 calami
942 1270 974 1303 in
1007 1268 1107 1303 cauda
1127 1269 1262 1314 pavonis
1288 1270 1470 1301 innumeras

86 1317 246 1353 hincinde
257 1317 414 1366 plumulas
433 1320 586 1353 emittunt
597 1346 605 1360 ‚
619 1329 690 1365 quae
703 1317 793 1351 velut
806 1315 997 1364 quibusdam
1023 1315 1207 1352 tenuiffimis
1232 1315 1367 1350 lamellis
1385 1327 1468 1362 pene

86 1365 283 1401 imbricatim
295 1365 445 1414 dispositis
461 1367 662 1402 decorantur.
682 1368 742 1401 Hae
750 1365 961 1413 microscopio
973 1363 1042 1400 visae
1054 1367 1148 1399 variis
1167 1366 1272 1400 nitent
1283 1363 1446 1398 coloribus
1458 1392 1469 1408 ,

87 1415 240 1450 utlumen
251 1415 397 1459 uberius,
412 1426 465 1450 aut
475 1417 595 1462 parcius
614 1416 785 1463 excipiunt.
806 1416 913 1461 Atque
927 1414 990 1448 istae
1014 1413 1167 1448 laminnlae
1186 1412 1299 1447 foliola
1313 1411 1468 1447 arborum

86 1463 250 1499 referunt:
270 1476 340 1512 pars
350 1476 386 1498 cu
389 1463 645 1512 jusquelamellae
654 1465 788 1499 inferior
803 1464 905 1497 radios
919 1461 1058 1497 reflectit
1071 1479 1078 1505 ;
1089 1463 1132 1497 est
1142 1464 1229 1497 enim
1247 1463 1377 1510 opacior
1405 1461 1469 1496 Sed

87 1525 158 1561 pars
173 1512 293 1548 summa
311 1525 349 1547 ex
363 1512 546 1548 tenuiffimis
558 1512 783 1548 membranulis
802 1512 943 1546 conflata
956 1511 1059 1546 lucem
1077 1513 1169 1545 variis
1187 1509 1469 1559 tingitcoloribus,

86 1573 186 1608 atque
196 1574 232 1596 ut
241 1563 329 1596 varie
349 1561 644 1609 luminiopponitur
655 1590 663 1603 ‚
678 1559 817 1595 diversos
828 1572 960 1607 quoque
970 1558 1105 1594 exhibet
1115 1559 1238 1595 colores
1257 1575 1266 1601 3
1282 1559 1365 1592 adeo
1384 1570 1418 1593 ut
1437 1558 1469 1592 hi

87 1610 253 1646 coloresex
265 1610 461 1645 refracn'one
473 1610 599 1643 luminis
610 1621 691 1656 pene
704 1622 738 1643 ut
749 1612 779 1644 in
793 1608 897 1656 lapide
907 1607 1107 1656 speculari,&
1117 1621 1156 1643 ex
1169 1608 1278 1643 vivida
1289 1606 1469 1642 reflexione

87 1660 249 1694 dimanare
261 1660 438 1695 videantur.
455 1659 553 1694 Unde
568 1657 698 1706 perfusae
713 1658 797 1704 aqua
809 1670 943 1692 omnem
962 1669 1045 1705 pene
1064 1668 1183 1692 exuunt
1202 1656 1356 1692 colorem.
1376 1658 1469 1703 Aqua

87 1710 208 1756 quippe
219 1706 278 1742 sese
291 1710 375 1742 inter
388 1719 440 1741 eas
463 1706 604 1741 lamellas
621 1705 752 1741 insinuat
766 1735 775 1749 ,
799 1712 831 1742 &
851 1709 934 1740 aeris
954 1707 1021 1740 vim
1041 1704 1263 1741 reflectentem
1282 1707 1444 1753 extinguit
1459 1733 1470 1747 ,

89 1757 164 1790 dum
175 1760 330 1801 majorem
341 1755 595 1803 perspicuitatem
609 1754 702 1790 affert
716 1756 764 1789 his
775 1754 977 1801 corpusculis:
989 1753 1038 1787 sed
1061 1767 1142 1801 aqua
1154 1753 1246 1787 brevi
1261 1753 1407 1788 exhalata
1417 1765 1471 1787 aer

89 1803 152 1852 ipse
171 1803 371 1843 lamellatum
393 1804 563 1840 interstitia
571 1803 656 1840 subit
669 1832 679 1848 ,
691 1804 838 1841 &lucem
852 1803 967 1838 fortius
979 1805 1097 1851 regerit
1112 1819 1122 1847 ς
1135 1801 1260 1839 colotes
1274 1803 1356 1836 adeo
1372 1802 1472 1850 pristi-

89 1855 123 1890 ni
145 1854 357 1889 restituuntur.

127 1902 283 1937 Colorum
297 1904 406 1950 itaque
420 1904 466 1937 vis
481 1901 672 1951 &splendor
684 1914 722 1937 ex
741 1902 900 1937 tenuitate
919 1905 952 1938 &
972 1899 1148 1935 subtilitate
1177 1901 1314 1947 partium
1335 1911 1405 1945 quae
1423 1896 1471 1932 lu-

87 1962 158 1985 cem
167 1950 303 1986 validius
319 1963 489 1998 tegerunn,
505 1964 620 1998 magna
631 1963 669 1985 ex
686 1963 777 1999 parte
791 1948 1010 1998 proficiscitur.
1029 1951 1119 1984 Hinc
1135 1948 1260 1982 colores
1277 1948 1359 1982 adeo
1374 1960 1472 1996 vege-

88 2001 113 2034 ti
124 2002 158 2034 in
176 2001 283 2033 avium
297 1999 414 2046 plumis
425 2029 434 2041 ‚
455 2005 488 2036 &
502 2000 675 2034 vividior-es
697 1999 801 2034 multo
816 2000 847 2031 in
870 1998 927 2032 alis
942 1998 1151 2045 papilionum.
1174 1994 1253 2046 Q
1266 1999 1351 2030 enim
1366 2008 1471 2043 partes

87 2060 158 2094 quae
168 2047 376 2083 reflectunt&
387 2048 566 2095 infringunt
578 2047 684 2080 lumen
693 2076 703 2089 ,
713 2047 783 2080 sunt
793 2044 1052 2089 subtiliores‚bc‘>c
1061 2046 1186 2079 colores
1198 2044 1353 2079 exhibent
1366 2043 1473 2092 splen·

87 2096 237 2130 didioreS.
256 2097 345 2130 Hinc
359 2096 445 2130 serici
467 2096 598 2130 stamina
612 2094 775 2128 coloribus
793 2094 979 2129 imbuuntur
997 2096 1096 2141 magis
1114 2093 1303 2141 splendidis,
1318 2093 1416 2138 quam
1435 2092 1473 2126 li-

87 2148 119 2180 ni
137 2144 199 2179 fina
210 2174 218 2188 ,
231 2157 302 2191 quae
314 2144 387 2179 licet
404 2144 487 2180 fort&
504 2157 569 2179 non
582 2146 687 2178 minus·
698 2143 822 2178 subtilia
837 2141 914 2185 fint,
931 2154 1039 2178 tamen
1050 2141 1140 2178 fimul
1151 2153 1298 2177 contorta
1315 2140 1397 2176 fiunt
1408 2140 1476 2188 pla-

87 2196 178 2229 niora
191 2222 198 2235 ‚
214 2206 273 2227 nec
288 2193 496 2241 cylindricam
509 2192 656 2241 figuram,
674 2205 745 2239 quae
757 2192 871 2226 fortius
883 2192 989 2227 lumen
1009 2194 1126 2239 regerit
1140 2219 1148 2233 ,
1165 2193 1214 2226 uti
1230 2189 1324 2225 serica
1340 2190 1474 2223 stamina

84 2254 229 2278 tuentur.
244 2243 341 2278 Unde
352 2242 438 2276 serici
451 2241 503 2277 fila
521 2254 634 2276 mutuo
656 2241 794 2289 implexa
809 2239 1063 2288 perspicuitatem
1076 2242 1218 2275 nativam
1233 2252 1297 2274 non
1310 2240 1480 2277 amittunt„

87 2296 119 2328 δι
135 2290 237 2325 lucem
252 2294 408 2329 intertram
422 2319 430 2333 ‚
446 2302 481 2325 ut
492 2289 866 2338 loquuiitiir‚niodifica=nt
881 2305 888 2325 :
908 2289 981 2324 hinc
995 2300 1127 2336 vegetus
1141 2290 1171 2321 in
1185 2290 1220 2320 iis
1232 2286 1375 2321 colorum
1387 2288 1475 2320 nitor

88 2341 282 2373 utinavium
297 2339 456 2386 plumulis.
484 2341 562 2385 Qo
580 2341 668 2373 enim
693 2341 793 2384 magis
818 2335 1027 2373 subtilitatem
1045 2337 1129 2371 suam
1153 2348 1226 2372 cum
1254 2334 1477 2383 perspicuitate

87 2390 290 2437 conjiin&am
298 2401 402 2438 partes
417 2388 628 2429 minutiAEmoe
643 2386 771 2426 servant
784 2416 794 2433 ,
809 2385 871 2425 hoc
883 2388 1066 2437 vegetiores
1080 2384 1206 2420 colores·
1217 2395 1373 2431 regerunt.

1106 2434 1296 2482 nggiij
