1878 2724
551 152 616 187 DE
651 151 1004 189 FOSSlLIBUS.
1429 169 1441 192 2

83 202 214 250 rerjeo'ta
224 212 357 249 corpora
370 205 438 237 vim
450 203 665 252 magneticam
678 199 826 236 nonnihil
839 202 1017 250 impediant
1035 214 1043 237 ε
1066 198 1194 236 sednon
1212 205 1369 250 majorem
1384 167 1464 239 asse?

70 262 155 290 ,tunt
165 250 309 293 obicem,
328 251 428 299 quam
440 264 493 287 aer
506 251 571 300 ipse
581 279 590 294 ‚
607 249 665 286 vel
675 250 786 288 aether.

119 301 224 336 2.Vis
244 303 427 349 magnetica
441 303 474 336 in
497 301 629 349 longum
642 301 812 348 porrigitur
833 314 841 336 :
865 300 947 335 unde
965 299 1081 347 globus
1100 298 1222 335 ferreus
1246 302 1303 336 vix
1329 301 1427 337 ullam
1443 316 1462 338 a

79 360 230 397 magnete
241 350 306 384 vim
317 351 445 398 accipit.
460 351 545 385 Cum
562 360 668 383 tamen
677 351 823 397 magneti
836 349 1035 392 adhaerescit,
1047 359 1113 383 tum
1122 348 1205 383 clavi
1216 377 1224 391 ,
1240 362 1292 385 aut
1306 363 1378 386 acus
1388 350 1462 399 glo-

71 396 124 435 bo
137 397 242 432 ferreo
254 397 396 434 insistunt
408 399 449 434 ad
462 396 737 447 perpendiculum,
747 411 822 432 mox
834 400 869 432 in
883 409 1000 433 terram
1009 396 1198 440 casura,cum
1209 397 1324 446 globus
1340 399 1461 434 ferreus

72 447 130 481 ,cui
147 445 300 482 inhaerent
313 475 322 490 ,
346 450 505 495 magnetis
533 446 643 495 polum
659 459 724 483 nou
740 457 859 495 tanget.
882 449 996 494 Itaque
1014 458 1074 482 nec
1095 445 1210 494 globus
1232 447 1374 491 ferreus,
1400 461 1461 484 nec

76 494 210 529 annulus
224 522 234 537 ‚
252 508 312 530 nec
336 496 464 531 craffior
482 496 559 531 fetri
577 495 680 531 moles
701 497 768 530 vim
795 494 892 530 ullam
912 494 932 530 ὲ
953 505 1108 544 magnete
1122 507 1289 543 acceptam
1306 508 1433 532 tuentur
1452 513 1460 533 ε

103 544 165 577 uod
187 572 198 587 ,
225 556 262 579 ut
288 546 417 581 videtur
433 547 612 600 Hugenio,
626 546 658 579 in
676 546 714 579 iis
739 542 928 592 corporibus
949 544 1019 578 satis
1041 544 1215 578 commode
1237 544 1461 581 circulationes

92 603 146 626 uas
158 605 290 641 peragat
304 622 314 636 ‚
325 606 384 629 nec
395 595 518 629 necesse
532 595 576 628 est
589 605 623 629 ut
636 593 723 629 foras
733 603 892 640 erumpat.

111 641 175 675 Sed
186 653 238 676 cur
247 642 374 691 longior
392 643 468 678 ferri
481 644 570 692 virga
587 643 731 691 magneti
748 639 875 677 afflictu
892 639 996 689 plures
1016 642 1048 676 in
1073 640 1222 676 limatura
1249 641 1327 676 ferri
1342 644 1461 679 circum

76 687 172 724 effusa
183 693 320 726 vortices
335 690 454 727 efficit?
465 692 653 739 Respondet
671 693 725 725 Vir
735 690 821 725 idem
835 689 922 725 Clar.
946 689 1075 738 longius
1092 692 1155 725 iter
1168 690 1325 733 futurum,
1344 697 1376 729 &
1390 706 1461 727 ma-

74 742 176 787 jorem
185 739 363 775 circumfufi
376 743 457 775 aeris
470 739 673 776 resistentiam
691 737 712 773 si
730 741 867 774 materia.
882 741 964 772 circa
977 738 1157 787 oblongam
1168 741 1338 774 materiam
1351 753 1460 776 verte-

74 798 183 822 retur:
197 787 362 825 breviores
376 790 458 824 adeo
471 790 618 839 &plures
641 790 707 838 agit
722 790 883 832 vortices,
909 798 945 823 ut
972 799 1098 823 motum
1119 786 1236 822 diutius
1255 793 1289 825 &
1313 790 1460 826 circulari

69 838 262 884 proximum
276 837 453 874 conservet.

112 897 136 928 3·
162 887 220 920 Vis
230 889 412 934 magnetica
421 889 454 922 in
463 886 545 935 polis
556 887 645 933 viget
657 887 811 927 maxima,
827 898 892 920 non
905 887 938 920 in
949 885 1018 920 aliis
1028 888 1183 934 magnetis
1202 885 1345 935 partibus
1360 905 1368 931 3
1382 887 1458 923 hinc

73 931 219 969 limatura
228 934 374 983 chalybis
387 937 547 984 magnetis
555 930 684 981 utrique
695 934 773 982 polo
791 933 830 969 slc
847 934 1051 979 adhaerescic,
1068 946 1103 970 ut
1123 947 1232 970 arcum
1264 933 1381 970 efficiat
1393 964 1403 980 ,
1421 949 1458 970 ac

71 983 194 1017 medias
206 987 367 1032 magnetis
380 996 485 1032 partes
500 997 566 1019 non
578 994 699 1032 tangat.

107 1044 141 1077 4.-
168 1033 204 1066 Si
226 1034 398 1080 interjec'to
412 1036 499 1068 vitro
514 1034 675 1081 magnetis
693 1031 804 1079 polum
822 1032 977 1069 limatutae
996 1033 1144 1082 chalybis
1166 1033 1342 1068 admoveas
1361 1061 1371 1075 ,
1388 1032 1457 1067 haec

72 1080 161 1163 εῑίίῖτο
172 1085 375 1129 quantumvis
399 1082 480 1117 terso
497 1080 638 1130 suspensa
654 1081 832 1117 adhaerebit
843 1110 853 1125 ‚
878 1093 915 1116 ac
935 1080 1061 1117 sublato
1080 1093 1232 1131 magnete
1249 1082 1353 1117 statim
1370 1082 1456 1116 deci-

97 1139 142 1164 et.

115 1189 148 1222 5.
170 1180 261 1214 Rota
285 1178 447 1227 horologii
475 1178 634 1227 portatilis
661 1191 735 1214 cum
750 1192 809 1215 axe
831 1178 993 1227 chalybeo
1016 1178 1076 1214 ubi
1090 1181 1174 1214 circa
1195 1178 1281 1214 suum
1307 1190 1401 1214 axem
1423 1182 1456 1216 in

73 1225 180 1262 mensa
189 1240 339 1263 movetur
351 1256 360 1270 ,
370 1227 390 1261 sl
404 1239 555 1275 magnete
565 1229 700 1262 admoto
709 1257 718 1271 ,
732 1233 766 1265 ἃς
777 1231 862 1263 vitro
874 1227 1063 1276 interposito
1075 1227 1259 1270 attollatur,
1280 1227 1451 1264 diutiffime

73 1276 105 1309 in
114 1286 189 1310 aere
204 1275 349 1325 gyrabit:
363 1278 451 1323 quod
462 1278 584 1312 vitrum
604 1276 743 1326 politum
756 1279 807 1312 cui
822 1279 890 1312 axis
911 1288 1090 1313 extremuni
1105 1275 1288 1312 adhaerescit
1299 1304 1308 1320 ,
1327 1288 1453 1313 motum

71 1333 149 1360 totae
168 1337 280 1374 parum
301 1326 465 1375 infringat.

635 1424 847 1461 CAPUT
908 1426 1005 1460 VII.

447 1524 502 1556 De
514 1521 638 1557 Metall
643 1535 729 1557 orum
742 1531 866 1558 natura
880 1519 918 1555 ὠ·
937 1523 1067 1570 origine.

73 1617 283 1701 MEtalla
295 1621 428 1654 dicimus
449 1619 525 1654 dura
543 1631 677 1666 corpora
692 1648 700 1662 ,
723 1617 889 1667 liquabilia
900 1647 909 1661 ,
926 1622 959 1654 ὃ(
973 1616 1102 1653 ductilia
1119 1631 1127 1654 ε
1143 1628 1218 1652 nam
1232 1619 1314 1665 ignis
1331 1618 1362 1652 vi
1378 1617 1452 1653 fun·

184 1669 302 1703 duntur
314 1698 324 1712 ‚
339 1675 372 1704 &
391 1668 509 1702 malleo
527 1671 560 1703 in
572 1668 686 1703 incude
703 1667 832 1703 contusa
849 1669 885 1701 in
897 1666 1028 1715 longum
1039 1671 1071 1702 δε
1093 1665 1193 1701 latum
1212 1666 1430 1713 producuntur
1444 1681 1453 1702 τ

67 1728 142 1751 cum
153 1717 273 1763 lapides
284 1730 349 1752 non
366 1715 424 1751 fint
437 1716 542 1752 fusiles
553 1746 562 1760 ‚
579 1715 700 1751 tametsi
712 1719 744 1751 in
764 1717 1017 1750 vitrainterdum
1027 1714 1168 1758 abeant3
1182 1726 1218 1748 ac
1232 1714 1361 1762 fragiles
1381 1714 1451 1759 (int,

67 1777 133 1799 non
149 1765 294 1802 duffiles.
316 1767 398 1812 Qiae
412 1777 522 1801 autern
542 1767 688 1800 dicuntur
700 1765 877 1807 numeralia,
891 1775 927 1799 ut
942 1765 1162 1798 antimonium
1174 1793 1183 1807 ,
1203 1762 1378 1798 arsenicum
1393 1793 1402 1807 ‚
1417 1770 1450 1800 &

72 1812 135 1847 alia
151 1813 242 1861 hujus
261 1816 387 1863 generis
398 1814 533 1863 plurima
545 1843 554 1857 ‚
568 1814 657 1849 fundi
673 1815 832 1848 interdum
844 1812 969 1861 possunt
980 1841 989 1855 ‚
1002 1811 1053 1846 sed
1068 1824 1105 1846 ea
1117 1825 1182 1846 non
1195 1810 1264 1846 sunt
1274 1812 1417 1848 duffilia.

100 1865 182 1908 Qae
197 1861 232 1896 lit
245 1863 455 1898 metallorum
475 1866 588 1912 origo,
603 1868 635 1900 &
653 1875 695 1898 ex
710 1862 824 1911 quibus
844 1875 881 1896 ea
895 1861 1046 1897 constent
1063 1862 1245 1909 principiiS,
1265 1873 1382 1908 magna
1404 1861 1450 1895 est

69 1911 153 1946 inter
165 1913 438 1959 Peripateticos&
454 1913 635 1960 Chymicos
650 1913 829 1947 contentio.
857 1911 1054 1957 Quanquam
1072 1909 1198 1944 fortem
1219 1907 1314 1944 rebus
1330 1921 1451 1945 conve-

70 1961 186 2002 niunt,
213 1959 322 1994 verbis
336 1959 525 2009 discrepant.
549 1960 739 1997 Aristoteles
759 1973 799 1995 ex
819 1972 940 2008 vapore
958 1964 992 1996 δε
1009 1958 1213 1993 exhalatione
1225 1974 1236 2001 ;
1256 1957 1396 2007 Scaliger
1416 1964 1450 1995 δε

69 2007 222 2055 Agricola
236 2019 274 2042 ex
289 2020 372 2043 terra
385 2014 418 2046 &
436 2022 518 2056 aqua
528 2008 680 2055 exquisite
689 2009 846 2059 permistis
860 2023 867 2044 :
881 2008 1034 2056 Chymici
1051 2018 1089 2041 ex
1106 2007 1151 2042 ful
1177 2019 1231 2041 ure
1245 2012 1277 2044 &
1292 2009 1452 2042 mercurio

70 2055 202 2092 metalla
218 2059 450 2105 compingunt3
465 2057 611 2092 nonnulli
629 2057 725 2093 salem
736 2087 745 2101 ‚
768 2069 821 2092 aut
838 2057 1005 2092 vitriolum
1018 2085 1027 2098 ,
1041 2068 1097 2090 aut
1113 2020 1289 2090 arigenicum
1310 2055 1355 2089 his
1369 2057 1451 2103 adji-

72 2107 180 2140 citmt:
195 2107 226 2140 in
238 2105 389 2140 omnibus
400 2105 484 2140 forte
495 2109 576 2141 ratio
585 2106 746 2141 consentit
756 2135 765 2149 ‚
778 2108 883 2140 oratio
892 2116 1022 2154 pugnat.
1039 2107 1126 2140 Nam
1146 2102 1332 2153 Philosophi
1344 2116 1451 2139 remo-

69 2161 151 2195 tam,
164 2153 316 2202 Chymici
329 2157 508 2202 proximam
526 2155 676 2189 adferunt
693 2157 871 2190 materiam
903 2154 952 2189 Illi
969 2155 1104 2202 primam
1118 2155 1283 2201 inquirunt
1298 2152 1447 2187 metallo·

71 2214 141 2237 rum
154 2204 332 2250 originem:
347 2216 420 2238 cum
440 2215 477 2237 ex
496 2215 615 2250 vapore
632 2203 789 2238 halituoso
807 2205 906 2238 mixta
925 2214 1059 2251 quaeque
1075 2203 1252 2248 prodeant,
1274 2207 1306 2237 ἃ
1322 2203 1352 2235 in
1373 2213 1447 2234 eum

71 2249 266 2285 resolvantur
278 2280 286 2294 ‚
305 2265 370 2286 non
382 2250 516 2286 absurde
535 2250 664 2287 forsitan
680 2252 730 2286 hic
741 2252 844 2286 fumus
858 2254 997 2299 primum
1016 2250 1166 2286 foffilinm
1186 2250 1400 2284 rudimentum
1416 2253 1450 2284 Sc

71 2300 424 2335 materialconstituitur.
449 2301 539 2335 Adde
552 2300 681 2335 metalla
698 2303 731 2335 in
745 2303 834 2335 venis
851 2301 1040 2347 plerumque
1051 2299 1162 2334 filatim
1174 2326 1184 2339 ‚
1193 2309 1248 2331 aut
1261 2298 1450 2343 pefflnatfm

71 2346 291 2385 concrescere:
305 2349 550 2396 quod-omnibns
563 2351 670 2384 mixtis
683 2361 754 2396 quae
772 2361 810 2383 ex
820 2348 950 2383 densato
965 2348 1065 2384 halitu
1080 2350 1254 2394 gignuntur
1268 2374 1276 2388 ,
1301 2357 1449 2379 commu-

71 2408 117 2430 ne
130 2396 190 2433 est:
215 2409 278 2433 nec.
290 2398 385 2435 facile
401 2398 566 2435 intellectu
585 2396 773 2446 asssquimur
786 2426 796 2442 ,
810 2397 979 2445 quomodo
1006 2396 1086 2431 succi
1108 2393 1283 2478 cral—slfiffiss'
1293 2392 1452 2449 exquisite

1275 2455 1308 2489 HJ
