1878 2724
380 133 780 172 TRA'CTATUS
820 132 1150 171 SECUNDUS.
1401 149 1460 178 527

71 178 148 226 darn
162 196 304 224 occurrat
315 184 516 236 probabilius
526 213 535 229 ‚
549 187 585 219 iis
598 183 818 220 inhaerendum
829 183 966 222 videtur.
982 185 1069 219 Cum
1083 196 1193 219 tamen
1207 196 1244 219 ea
1258 185 1339 219 ratio
1350 152 1460 220 muliis

72 238 220 274 videatur
232 238 336 272 minus
346 233 473 284 physica
485 252 494 278 ·,
508 246 566 270 nec
579 232 614 268 sit
630 231 802 268 verisimile
819 234 930 280 gravia
943 232 1132 281 suoimpetu
1153 234 1184 268 in
1202 244 1290 268 terrae
1312 245 1459 269 centrum

73 286 114 322 fic
130 288 211 330 niti,
225 297 262 320 ut
279 284 392 320 saltem
406 284 636 318 determinatio
663 283 703 316 ad
730 294 804 316 cum
825 294 951 317 motum
977 281 1107 317 aliunde
1129 294 1196 317 non
1220 283 1352 318 accedat
1369 296 1375 317 τ
1391 283 1460 318 hoec

73 330 184 384 avique
197 336 308 384 opinio
318 333 414 384 paulo
424 332 518 367 aliter
528 344 624 380 quam
643 329 713 366 ficri
732 329 811 366 solet
823 360 833 375 ,
850 331 894 366 est
911 331 1110 380 explicanda.
1133 332 1182 367 Sit
1201 333 1294 380 igitur

610 430 759 466 Secunda
782 428 957 475 Conclufia¹
971 443 975 449 ¹

107 530 403 569 Illud‘verisimilius
417 530 544 567 videtur
557 528 668 577 gravia
681 538 816 576 corpora
828 529 861 563 in
875 526 976 575 seipsis
999 540 1065 562 non
1084 526 1206 562 habere
1230 528 1390 577 integrum
1403 559 1411 573 ‚
1425 536 1459 567 ὃς

73 584 278 630 adaequatum
295 580 338 615 sui
351 590 456 616 motus
467 579 658 627 principium
672 577 742 612 :sed
757 575 886 611 aliunde
896 577 936 611 ad
948 577 1032 611 hunc
1045 588 1170 611 motum
1189 588 1227 609 ca
1241 577 1458 612 determinari.

109 630 201 666 Prob.
222 629 260 664 ὠ
271 630 454 677 explicatur
465 629 562 663 concl.
580 625 683 673 Qod
698 623 718 661 si
734 636 845 660 mente
861 627 1082 673 concipiamus
1106 636 1213 659 totum
1234 624 1295 659 hoc
1325 625 1461 675 spatium

73 680 263 716 elementari
274 677 394 713 mundo
404 675 671 724 comprehensum
683 704 692 718 ‚
707 687 844 709 vacuum
857 673 918 710 esse
928 704 938 718 ,
955 681 989 712 δε
1002 676 1090 709 omni
1105 685 1241 721 corpote
1260 673 1464 719 destitutum,

72 729 224 779 profecto
236 726 314 774 lapis
327 728 361 762 in
380 725 441 761 hoc
458 724 560 773 spatio
571 723 688 774 positus
699 723 843 772 quiescet
856 725 1032 759 immotus:
1047 735 1154 770 neque
1169 724 1256 758 enim
1275 724 1339 759 ulla
1352 725 1397 759 est
1408 738 1460 759 ra-

72 780 122 813 tio
145 789 200 812 cur
224 778 256 811 in
272 788 369 810 unam
378 777 484 824 potius
497 774 619 810 feratur
635 784 779 822 partem,
794 785 893 820 quam
906 776 939 809 in
953 773 1060 809 aliam.
1085 776 1156 807 Imo
1170 770 1190 806 fi
1209 783 1327 808 terram
1340 776 1373 809 in
1391 787 1462 810 me-

72 828 128 863 dio
140 824 274 875 pofitam
289 825 461 860 statuamus
476 836 562 867 ,tum
577 823 657 872 lapis
681 824 713 858 in
733 822 835 871 spatio
858 824 947 858 inani
957 822 1149 857 constitutus
1162 821 1201 855 ad
1217 833 1287 856 eam
1306 836 1372 858 non
1391 837 1464 859 mo-

72 874 201 912 vebitur
216 889 223 911 :
243 887 297 909 cur
312 876 400 909 enim
417 874 479 909 huc
498 871 603 921 potius
622 901 633 916 ,
649 884 749 919 quarn
772 871 849 906 illuc
866 870 990 907 feratur·
1006 900 1016 915 ‚
1032 870 1054 906 fi
1069 871 1152 906 nihil
1172 869 1304 905 aliunde
1321 874 1460 922 excipit}

72 925 151 972 quid
161 923 253 958 illum
264 923 419 959 admonet
429 934 546 957 terram
560 935 601 957 eo
618 923 651 969 in
671 920 744 956 loco
762 917 824 955 else
840 921 1046 956 constitutam
1057 930 1067 955 Ξ
1079 922 1158 970 Jam
1173 932 1252 954 vero
1264 920 1341 956 illud
1355 923 1460 957 inter-

57 973 193 1010 ›valium
207 985 281 1007 aete
298 971 498 1020 compleatur
508 1000 518 1015 ‚
531 984 599 1006 tum
609 970 762 1019 profecto
780 969 862 1017 lapis
876 971 909 1006 in
920 981 1038 1006 tetram
1048 970 1188 1006 decidet.
1205 970 1305 1006 Unde
1319 970 1393 1014 hoc,
1406 971 1463 1007 nisi

70 1021 194 1070 aliquid
208 1021 229 1057 a
252 1033 335 1056 terra
351 1034 405 1056 aut
432 1021 475 1056 ab
500 1020 565 1056 alio
581 1031 718 1068 corpore
734 1018 894 1069 profluat,
912 1019 1004 1068 quod
1026 1017 1170 1068 lapidem
1194 1018 1294 1067 ipsum
1309 1020 1350 1054 ad
1377 1020 1465 1056 hunc

72 1083 201 1107 motum
214 1071 410 1105 determinet
423 1079 447 1105 3*
1034 1107 1037 1109 ,

104 1119 264 1165 Cemfirmf⁴⁴
281 1121 316 1154 Si
340 1118 497 1166 fingamus
512 1120 623 1155 animo
646 1120 735 1153 terrae
754 1117 891 1167 globum
907 1120 975 1154 tuin
990 1119 1055 1154 alio
1079 1119 1269 1161 transferri,
1287 1130 1361 1153 cum
1383 1118 1463 1168 lapis

73 1179 120 1206 eir
130 1168 199 1204 alto
210 1168 334 1203 decidit
346 1197 356 1212 ‚
372 1167 480 1216 palam
501 1168 544 1203 est
563 1167 704 1216 lapidem
718 1169 752 1202 in
771 1180 846 1202 eum
863 1167 973 1203 locum
984 1197 993 1211 ‚
1010 1167 1067 1202 ubi
1082 1180 1151 1203 etat
1172 1179 1256 1203 terra
1267 1196 1277 1210 ,
1296 1167 1373 1202 ferri
1396 1181 1464 1204 non

71 1216 159 1267 posse
174 1235 183 1262 ;
202 1229 309 1264 neque
322 1219 408 1252 enim
418 1215 547 1265 phyfica
559 1245 569 1259 ‚
583 1221 617 1252 &
633 1216 728 1250 realis
741 1214 802 1250 esse
820 1216 928 1264 potest
943 1215 1057 1264 lapidis
1073 1215 1243 1264 propensio
1259 1219 1290 1251 in
1303 1217 1463 1264 punctum

70 1267 183 1316 spatii,
201 1266 289 1313 quod
302 1279 367 1302 non
379 1265 422 1300 est
432 1265 518 1300 reale
529 1294 539 1310 ‚
555 1270 589 1302 &
606 1262 791 1313 physicum:
817 1277 897 1314 ergo
910 1262 938 1299 st
951 1264 1029 1313 lapis
1048 1267 1221 1300 moveatur
1237 1293 1247 1307 ,
1260 1276 1391 1300 ‘terram
1413 1268 1464 1314 ip-

70 1315 137 1352 sam
152 1327 264 1364 petet,
289 1313 474 1362 ubicunque
491 1314 545 1351 fit:
570 1314 659 1362 quod
676 1313 817 1363 intelligi
834 1326 901 1349 non
918 1314 1023 1361 potest
1034 1343 1045 1357 ‚
1067 1313 1122 1349 nifi
1139 1312 1176 1349 sit
1203 1313 1324 1361 aliquid
1337 1343 1346 1357 ‚
1375 1316 1471 1362 quod*

71 1364 216 1414 lapidem
234 1365 275 1399 ad
292 1377 366 1400 eum
391 1375 517 1399 motum
537 1364 759 1400 determinetf
773 1365 897 1410 Neque
916 1364 1006 1398 enirn
1028 1363 1108 1410 lapis
1137 1362 1183 1397 est
1201 1375 1299 1411 agens
1323 1362 1470 1399 liberum

72 1414 162 1462 quod
178 1412 556 1462 seipsumcdeterminare·
568 1412 668 1460 possit
685 1428 694 1455 ;
714 1414 823 1459 neque
836 1408 942 1447 adesse
966 1423 1024 1447 aut
1040 1411 1147 1447 abeffe
1169 1423 1288 1447 terram
1316 1414 1342 1447 is
1359 1414 1463 1462 potest

73 1463 270 1512 dignoscere.
289 1462 337 1498 Est
354 1464 453 1510 igitur
472 1461 628 1510 quiddam
643 1461 733 1509 quod
752 1472 925 1508 corporum
946 1464 1093 1509 gravium
1108 1473 1235 1497 motum
1253 1462 1462 1505 determinet,

73 1515 122 1548 uti
133 1512 174 1546 de
197 1511 285 1547 ferro
299 1515 334 1548 &
353 1522 505 1560 magnete
525 1510 677 1546 diximus.
688 1512 777 1547 Non
791 1511 894 1552 enim,
909 1521 943 1544 ut
953 1515 1021 1558 jam
1040 1513 1248 1553 monuimus,
1263 1513 1374 1559 gravia
1391 1523 1464 1546 cor-

74 1573 157 1610 pora
167 1572 314 1596 centrum
328 1560 442 1595 mundi
461 1570 596 1608 petunt,
617 1569 653 1593 ut
669 1558 770 1606 vulgo
786 1558 946 1592 creditum
969 1558 1014 1592 est
1031 1573 1039 1593 :
1056 1571 1130 1593 cum
1151 1559 1308 1607 punstum
1329 1559 1408 1594 illud
1428 1559 1471 1594 fic

76 1611 214 1646 omnino
225 1609 452 1656 imaginarium
467 1621 561 1652 Ynon
575 1605 822 1655 physicumzsed
835 1608 869 1641 in
882 1617 999 1640 terram
1011 1609 1157 1642 nituntur
1174 1635 1184 1650 ‚
1205 1606 1389 1654 ubicunque
1403 1621 1470 1655 poa

75 1656 134 1694 fita
145 1659 357 1707 concipiatur.
378 1657 668 1704 Quemadmodum
682 1667 753 1705 pars
767 1655 850 1691 lunae
866 1653 975 1689 avulsa
988 1653 1008 1689 ὲ
1022 1653 1077 1690 suo
1094 1668 1232 1703 corpore
1243 1684 1253 1698 ‚
1269 1670 1336 1691 non
1353 1659 1386 1691 in
1401 1668 1466 1691 ret-

77 1719 147 1742 ram
161 1706 369 1742 descenderet
382 1733 392 1749 ‚
402 1705 455 1740 sed
466 1707 500 1741 in
509 1705 619 1740 lunam
630 1704 727 1753 ipsam
740 1733 750 1747 ,
765 1704 849 1739 unde
869 1701 976 1738 fuiffet
996 1703 1099 1738 excisa
1109 1733 1119 1748 ‚
1133 1705 1323 1748 redire13ac
1344 1703 1364 1739 si
1382 1717 1466 1740 terra

75 1758 109 1791 in
122 1768 198 1791 eum
208 1755 316 1792 locum
331 1757 365 1790 in
381 1766 448 1802 quo
461 1766 546 1790 nunc
561 1754 607 1788 est
618 1753 716 1798 luna,
734 1752 985 1797 transferretur,
1008 1753 1129 1789 eodem
1150 1753 1223 1790 sane
1240 1766 1376 1802 corpora
1395 1767 1467 1803 gra-

77 1806 132 1842 via
151 1804 399 1840 contenderenta

110 1857 223 1902 Itaque
235 1866 295 1890 nec
306 1856 418 1903 gravia
433 1853 562 1901 proprie
576 1852 596 1889 ἐι
611 1863 693 1887 terra
711 1852 878 1888 trahuntur
891 1881 901 1897 ‚
914 1854 962 1888 uti
979 1864 1039 1888 nec
1059 1851 1180 1887 ferrum
1192 1850 1211 1887 a
1224 1864 1395 1901 magnete,
1412 1851 1475 1888 nisix

77 1914 150 1939 cnm
161 1903 261 1952 Vulgo
285 1902 378 1950 loqui
391 1901 551 1938 velimus:
570 1901 623 1937 sed
639 1904 675 1938 in
692 1901 793 1951 seipfis
814 1902 902 1937 forte
919 1903 1116 1950 principium
1134 1899 1178 1936 sui
1198 1914 1305 1936 motus
1327 1901 1470 1938 habent:

78 1964 179 1998 quem
189 1963 316 1988 motum
331 1954 473 1986 excitant
483 1979 491 1993 ‚
506 1962 561 1985 aut
571 1951 791 1988 determinant
805 1949 936 1986 effluxus
954 1980 964 1995 ‚
980 1953 1038 1998 qui
1051 1949 1072 1985 ὲ
1089 1961 1172 1985 terra
1185 1950 1238 1985 vel
1251 1963 1403 1999 magnete
1419 1952 1470 1985 di,

79 2012 222 2037 manant.
235 2001 286 2033 Sic
298 1999 356 2034 ubi
367 2001 433 2035 du'ae
447 1999 571 2047 phialae,-
583 1999 700 2047 quibus
717 2003 797 2036 certi
810 2000 916 2036 insunt
938 2000 1078 2048 liquores
1090 2029 1100 2043 ‚
1112 2012 1232 2048 nempe
1247 1998 1370 2047 spiritus
1387 1998 1468 2045 salis,

80 2054 115 2086 δι
130 2048 254 2098 spiritus
266 2051 485 2083 ammoniacus
498 2076 508 2091 ,
521 2047 578 2083 fibi
589 2060 700 2085 mutuo
717 2050 943 2094 admoventur,
958 2050 1066 2084 statim
1078 2060 1125 2092 ‚ut
1136 2050 1233 2083 docet
1259 2051 1304 2084 D.
1315 2050 1414 2092 Boyle
1427 2078 1436 2092 ‚
1454 2051 1470 2085 ὲ

79 2097 263 2145 liquoribus
282 2095 404 2131 denfior
413 2096 520 2131 fumus
532 2101 692 2146 erumpit:
711 2098 834 2134 tametsi
846 2099 880 2135 hi
898 2099 1037 2147 liquores
1062 2100 1116 2133 vix
1142 2098 1308 2133 dimidiam
1332 2094 1375 2132 sui
1391 2098 1470 2132 vasis

82 2153 209 2196 partem
223 2145 406 2193 complent.
426 2147 474 2179 Ex
493 2157 559 2192 quo
572 2147 703 2193 quidem
722 2148 874 2197 exemplo
894 2147 931 2184 fit
944 2147 1157 2183 manifestum
1174 2146 1344 2195 plerosque
1362 2158 1470 2181 motus

81 2209 124 2231 ex
141 2197 304 2244 principiis
325 2193 502 2230 intrinsecis
515 2196 644 2242 prodite
654 2211 663 2233 ³
673 2208 773 2245 atque
787 2199 820 2234 id
831 2210 932 2236 unum
943 2194 1068 2234 neceffe
1080 2196 1128 2231 cst
1138 2208 1171 2232 ut
1191 2196 1250 2231 hos
1264 2207 1371 2230 motus
1382 2207 1468 2242 quae,

85 2245 159 2281 dam
174 2257 310 2294 corpora
324 2244 554 2295 determinent3

1234 2393 1318 2434 Tit
