1878 2724
39 161 80 196 ad
93 159 305 195 meridianum
327 155 480 191 circulum
496 158 646 206 pervenit
658 185 668 199 ,
687 169 755 191 tum
767 169 851 203 aqua
866 157 941 191 huic
959 155 1098 204 subjecta
1111 158 1214 192 minus
1235 126 1416 206 premitulw,

40 221 136 256 quam
147 210 178 243 in
190 207 260 241 aliis
273 205 351 240 locis
364 217 432 252 quae
452 205 534 240 lunae
549 205 615 239 non
627 203 830 254 suinciuntur
841 205 944 241 :unde
959 216 1044 251 aqua
1059 218 1098 239 eo
1111 205 1173 240 loci
1186 207 1345 251 attollitur
1357 237 1366 251 ‚
1380 215 1414 246 ὃς

40 255 229 292 intumescit.
252 255 352 305 Qd
364 253 385 288 si
399 266 516 289 terram
529 255 607 289 mari
626 266 771 300 opertam
782 264 818 288 ut
841 256 873 288 in
894 254 1005 288 mundi
1018 254 1150 289 exordio
1173 258 1412 303 concipiamus,

39 315 107 340 tum
120 303 192 339 sane
207 303 340 352 figuram
351 315 432 351 pene
445 303 619 351 ellipticam
628 302 792 338 obtinebit
805 303 908 338 :adeo
920 314 956 336 ut
966 305 1048 336 circa
1061 302 1160 337 latera
1174 301 1209 337 sir
1227 303 1414 351 depreffior.

38 354 148 400 Atque
167 352 226 387 hac
236 353 362 387 ratione
377 353 484 386 omnia
504 351 719 400 phaenomena
729 351 818 386 aestus
837 352 949 386 marini
964 349 1086 385 facilius
1096 351 1306 400 explicantur,
1316 367 1412 401 quam

37 404 71 437 in
83 399 253 449 hypothesi
269 399 460 436 Cartefiana.
482 403 548 448 Ego
573 412 680 434 tamen
707 401 739 434 id
758 411 856 434 omne
878 399 1004 433 aetheris
1026 401 1132 447 potius
1142 399 1300 447 preffioni
1315 415 1413 450 quam

4 478 6 481 .
36 452 117 485 aeris
135 449 326 484 tribuerem:
342 451 455 484 cumin
465 451 650 484 Barometro
660 453 762 495 major
784 450 864 481 aeris
878 450 1019 495 gravitas
1038 460 1104 482 non
1127 448 1332 493 observetur,
1354 451 1410 486 ubi

4 510 5 514 ¹
36 510 123 534 mate
140 498 318 534 intumescit
330 527 340 542 ‚
354 509 410 532 aut
418 499 619 545 deprimitur.
635 499 743 544 Atque
756 496 836 531 illud
859 495 931 530 satis
945 497 988 530 est
1004 495 1172 531 verisimile
1192 500 1258 531 vim
1278 512 1410 535 omnem

33 549 201 595 gravitatis
214 546 255 581 ab
265 559 338 582 aere
349 544 464 584 subtili.
478 558 532 580 aut
543 545 583 579 ab
592 547 728 581 aetherea
742 544 908 580 substantia
927 543 1095 591 proficisci.
1119 548 1185 580 Prae
1191 558 1277 580 terea
1292 551 1356 594 jam
1370 548 1412 583 su-

34 607 91 644 pra
101 596 296 631 ostendimus
307 624 316 639 ‚
335 594 456 630 nullam
466 593 525 629 eise
536 594 618 629 lunae
629 592 881 642 atmosphaeram.
904 593 968 627 Sed
989 593 1076 628 aestus
1099 597 1185 630 varia
1201 595 1413 643 phaenomena

35 643 251 692 'expendamus
267 657 274 680 :
292 644 456 680 hincenim
467 642 553 678 forte
571 643 627 678 lux
637 644 747 690 aliqua
763 641 940 678 oborietur.

294 740 457 790 Praecipua
475 741 555 788 astus
574 743 723 790 reci'proci
744 740 941 790 phenomena
963 743 1179 791 explicantur.

36 865 42 870 .
64 841 224 887 Qaeritur
234 847 280 875 1⁰.
297 839 366 874 Cur
379 841 461 873 circa
471 839 662 886 aequinoCtia
672 839 758 873 aestus
775 838 833 874 sint
845 842 976 874 maximi
988 853 1073 882 ,non
1085 842 1163 874 item
1174 841 1255 874 circa
1272 838 1408 875 solstitia.

25 897 76 932 *an
93 890 178 923 forte
188 900 226 923 ex
240 888 352 922 eadem
362 887 449 922 causa
462 889 494 922 id
504 885 710 936 proficiscitur
723 916 733 930 ‚
746 901 783 924 ex
801 900 864 935 qua
874 887 1037 922 uberiores
1049 888 1165 936 pluviae
1177 918 1186 931 ,
1197 894 1230 925 &
1242 885 1410 923 fluminum

35 937 267 972 exundationes
281 939 317 971 iis
332 935 533 985 temporibus
543 947 612 971 tum
622 938 656 972 in
672 941 765 972 Zona
781 937 904 972 torrida
916 965 926 981 ,
943 948 1009 972 turn
1020 940 1055 973 in
1069 937 1116 972 his
1133 934 1318 985 regionibus
1332 949 1410 972 con-

36 987 184 1033 tingunt?

69 1036 236 1082 Qaeritur
254 1039 304 1068 2⁰.
319 1034 385 1069 Cur
409 1033 515 1082 stagna
528 1033 632 1076 ‚lacus
643 1063 652 1077 ‚
671 1036 738 1070 imo
754 1032 1005 1082 mare-Caspium
1020 1063 1029 1077 ‚
1039 1036 1162 1069 Pontus
1175 1035 1309 1070 Euxinus
1320 1062 1329 1077 ,
1344 1035 1411 1069 imo

35 1086 69 1119 δέ
87 1093 192 1116 totum
210 1081 488 1117 Mediterraneum
508 1095 573 1117 non
591 1084 705 1117 aestuet.

37 1157 42 1161 .
70 1131 160 1178 Resp,
180 1131 216 1164 Id
227 1131 370 1164 accidere
383 1131 471 1178 quod
482 1130 605 1164 lacuum
619 1130 798 1178 superficies
810 1130 869 1166 fint
880 1132 1153 1179 angustiore5‚nec
1168 1133 1309 1181 corporis
1320 1130 1409 1165 luna-

34 1181 76 1213 ris
92 1179 224 1228 obje&u
238 1190 307 1227 pars
322 1191 383 1214 una
399 1181 497 1226 inagis
511 1191 606 1225 quam
619 1179 720 1214 altera
735 1191 896 1227 prematur
912 1193 920 1215 ε
938 1181 1026 1227 quod
1049 1184 1149 1217 etiam
1163 1184 1210 1217 vis
1223 1181 1275 1216 illa
1290 1207 1300 1222 ,
1324 1191 1409 1226 quae-

34 1239 175 1274 cumque
192 1226 247 1269 fit,
271 1239 341 1274 quae
353 1226 504 1274 subjectas
522 1239 618 1273 aquas
640 1230 758 1276 premit
770 1256 778 1270 ‚
794 1229 963 1274 interjectu
975 1240 1062 1263 terrae
1077 1230 1214 1265 multum
1237 1229 1408 1263 imminua-

34 1287 95 1311 tur.
113 1276 211 1313 Unde
223 1274 279 1310 ubi
295 1275 399 1322 plures
409 1275 479 1310 sunt
494 1274 600 1310 insulae
611 1304 621 1318 ,
640 1289 674 1311 ut
692 1279 723 1310 in
736 1276 912 1319 Moluccis‚
933 1276 1124 1326 Philippinis
1137 1307 1147 1322 ‚
1161 1281 1194 1313 in
1211 1276 1276 1313 sinu
1294 1278 1406 1310 Mexi-

33 1337 133 1368 cano,
147 1327 179 1359 in
190 1323 316 1360 Antillis
330 1335 384 1358 aut
395 1323 497 1358 nullus
511 1323 580 1358 fere
594 1350 603 1365 ,
613 1336 668 1359 aut
681 1324 776 1373 longe
789 1327 895 1360 minor
911 1326 953 1359 est
965 1325 1074 1368 cestus,
1090 1339 1186 1373 quim
1210 1329 1243 1361 in
1266 1327 1387 1373 patenti
1399 1353 1408 1367 ,

34 1378 68 1410 &
84 1372 188 1408 libero
206 1375 343 1408 Oceano
362 1387 369 1408 :
386 1373 473 1419 quod
487 1374 568 1406 aeris
582 1372 797 1408 incumbentis
808 1372 922 1421 pressio
942 1373 1078 1409 multum
1094 1375 1268 1423 frangatur,
1280 1386 1353 1407 cum
1367 1374 1410 1408 est

34 1423 215 1470 interrupta
227 1449 236 1464 ,
249 1433 308 1456 nec
319 1423 434 1469 junctis
446 1420 564 1455 viribus
576 1449 586 1464 ‚
599 1427 632 1456 &
647 1421 715 1457 nisu
725 1424 890 1456 communi
899 1420 1053 1469 subjectas
1068 1435 1166 1470 aquas
1176 1432 1308 1472 premat.
1321 1423 1411 1456 Hinc

35 1469 120 1506 forte
147 1473 180 1505 in
198 1472 278 1504 mari
292 1472 441 1512 interno,
468 1468 520 1504 seu
538 1470 782 1505 Mediterraneo
798 1470 900 1504 nullus
923 1483 1024 1519 prope
1041 1472 1084 1505 est
1102 1473 1186 1506 aestus
1201 1486 1208 1507 :
1228 1470 1316 1518 quod
1337 1483 1411 1505 cum

36 1520 172 1564 Oceano
191 1531 256 1553 non
271 1520 509 1560 communicet,
529 1517 583 1552 nisi
601 1531 658 1565 per
675 1518 792 1553 fretum
812 1520 1008 1553 Gaditanum
1026 1535 1034 1561 ;
1049 1532 1156 1566 neque
1172 1523 1203 1555 in
1224 1520 1318 1554 matis
1336 1518 1412 1552 aestu

36 1578 160 1602 tantum
171 1579 323 1614 aquarum
334 1579 389 1614 per
400 1578 453 1600 eas
466 1567 618 1613 angustias
629 1566 735 1614 potest
748 1568 921 1614 irrumpere
930 1596 939 1610 ‚
955 1579 989 1601 ut
1000 1579 1105 1602 totum
1121 1568 1196 1602 illud
1213 1578 1299 1601 mare
1311 1566 1410 1600 attol-

33 1614 99 1658 lat,
115 1615 170 1649 nisi
183 1616 265 1650 forte
278 1614 334 1648 ubi
344 1615 464 1648 differe
475 1616 575 1662 magis
586 1616 618 1649 in
629 1627 716 1649 mare
736 1614 930 1662 impellitur,
949 1627 985 1648 ut
1003 1618 1035 1649 in
1047 1618 1158 1650 Baetica
1172 1618 1304 1663 regione
1324 1619 1412 1662 Juxta

35 1663 156 1698 fretum
172 1693 180 1706 ‚
199 1662 255 1697 ubi
267 1663 355 1697 aestus
369 1664 411 1697 est
424 1663 592 1697 mediocris
607 1676 613 1696 :
633 1663 720 1710 quod
734 1661 835 1697 fluxus
849 1661 891 1696 ab
902 1663 1009 1698 austro
1021 1666 1052 1698 in
1066 1666 1200 1699 Boream
1217 1662 1331 1698 effusus
1346 1676 1414 1697 ma-

35 1714 82 1760 gis
93 1713 110 1747 ὲ
122 1711 245 1746 ἀίτεᾶό
258 1713 291 1745 in
304 1723 407 1757 partes
420 1711 582 1759 Hispaniae
599 1714 735 1746 incurrat
748 1740 758 1754 ,
778 1725 846 1746 non
861 1713 940 1745 item
952 1713 986 1747 in
999 1724 1100 1760 partes
1118 1712 1230 1748 Africae
1244 1711 1300 1746 ubi
1312 1710 1412 1745 nullus

34 1760 82 1795 est
90 1760 172 1794 aestus
183 1789 192 1803 ‚
217 1766 249 1795 δε.
259 1759 423 1807 obliquior
432 1762 559 1795 Oceani
569 1763 716 1808 impetus.
732 1763 783 1794 Sic
801 1763 833 1794 in
844 1762 923 1794 mari
934 1760 1040 1795 infero
1054 1774 1138 1808 pene
1149 1761 1253 1795 nullus
1270 1760 1312 1794 est
1325 1788 1335 1802 ,
1353 1771 1412 1794 ne-

37 1809 100 1854 que
115 1810 148 1843 in
161 1821 215 1843 ora
226 1808 407 1856 Hispanica‚
417 1820 512 1854 quam
526 1807 662 1855 oblique
677 1809 850 1843 admodum
860 1808 961 1844 alluit.
976 1809 1118 1844 Obstant
1131 1812 1228 1844 etiam
1246 1808 1348 1857 plures
1363 1810 1413 1842 in-

36 1856 125 1899 sulae,
146 1869 217 1903 quae
235 1859 301 1892 vim
316 1857 405 1892 aestfis
420 1857 582 1904 frangunt.
597 1861 633 1892 ln
651 1869 744 1904 portu
754 1855 936 1893 Massiliensi
954 1860 1037 1892 circa
1057 1857 1233 1905 plenilunia
1251 1868 1414 1903 utcunque

38 1905 77 1940 fit
86 1904 233 1939 sensibilis
247 1919 254 1940 :
274 1906 363 1952 quod
381 1917 469 1939 mare
481 1917 518 1938 ea
533 1918 622 1952 parte
635 1906 676 1939 ab
689 1906 795 1940 austro
812 1908 845 1940 in
861 1907 997 1941 Boream
1010 1905 1047 1940 fit
1066 1905 1196 1941 liberius
1211 1935 1220 1949 ,
1240 1917 1300 1940 nec
1313 1904 1413 1952 pluri-

36 1952 97 1987 bus
118 1952 222 1987 insulis
236 1956 460 2001 interceptum.
479 1954 541 1987 Sed
553 1958 652 2002 major
663 1956 695 1989 in
706 1953 771 1989 sinu
780 1958 911 1990 Veneto
921 1957 1112 2002 percipitur:
1135 1955 1222 2002 quod
1236 1954 1362 2002 longior
1380 1953 1414 1987 sit

38 1999 120 2036 finus
130 2030 140 2043 ,
162 2006 195 2036 δε
209 2003 336 2035 marein
352 2014 425 2036 eum
436 2013 474 2035 ex
491 2002 602 2036 Siciliae
613 2003 761 2050 angustiis
776 2015 937 2037 excurrat:
953 2015 1050 2050 atque
1065 2003 1231 2050 inaequalis
1242 2005 1321 2036 aeris
1331 2000 1413 2049 pres-

38 2048 82 2083 fio
93 2078 102 2091 ‚
116 2060 170 2083 aut
178 2051 350 2095 gravitatio
363 2051 396 2083 in
410 2060 501 2083 tanto
510 2049 610 2096 spatio
624 2049 665 2084 ab
681 2052 786 2086 austro
799 2054 975 2086 in‘Boream
994 2050 1054 2086 eise
1076 2051 1183 2098 possit.
1201 2054 1252 2086 Sic
1269 2053 1302 2084 in
1313 2052 1411 2097 Syriae

40 2103 74 2134 &
89 2097 254 2132 Palaestinae
267 2109 321 2131 ora
332 2097 417 2130 aestus
428 2097 469 2130 est
487 2096 653 2140 senfibilis,
669 2099 772 2134 nullus
791 2112 892 2147 prope
909 2102 941 2134 in
963 2102 1039 2134 mari
1055 2104 1157 2148 AEgeo
1169 2129 1178 2144 ‚
1194 2099 1390 2146 Propontide
1401 2126 1410 2139 ,

40 2147 146 2181 Ponto
165 2159 172 2180 :
192 2146 279 2193 quod
293 2145 375 2180 forte
386 2156 472 2179 mare
484 2144 561 2179 illud
577 2145 618 2179 ab
634 2149 813 2182 Occidente
826 2150 859 2181 in
873 2159 979 2183 ortum
999 2151 1178 2196 porrigatur
1194 2158 1303 2182 contra
1316 2157 1412 2192 gene-

40 2193 139 2228 talem
160 2197 253 2228 maris
272 2206 408 2228 motum.
427 2193 545 2227 Eadem
569 2197 693 2228 ratione
706 2196 809 2230 nullus
829 2195 873 2229 est
886 2196 1017 2230 aestusin
1033 2194 1111 2231 mari
1128 2197 1283 2231 Baltliico.
1316 2195 1411 2227 Acce-

42 2242 123 2276 dunt
137 2244 234 2277 etiam
252 2243 424 2289 interjestae
440 2240 542 2275 insulae
553 2246 584 2276 in
597 2245 784 2291 mariAEgeo
798 2256 867 2290 quae
882 2247 948 2279 vim
966 2244 1131 2293 preffionis
1150 2244 1311 2277 destruunt
1332 2257 1341 2283 ·‚
1358 2252 1413 2274 an-

43 2290 150 2336 gustiae
168 2290 394 2338 Hellesponti,
413 2289 589 2333 Bosphori,
614 2296 676 2326 &c.

77 2340 194 2374 Paucis
203 2338 320 2375 abhinc
329 2341 419 2374 annis
431 2333 608 2375 DL‘Picard
622 2338 701 2387 legit
709 2341 742 2374 in
753 2339 924 2377 Academia
937 2337 1100 2386 epistolam
1113 2336 1168 2373 fibi
1178 2336 1218 2371 ab
1228 2335 1415 2371 amicoscri·
