1878 2724
447 180 514 212 470
759 149 1017 195 PHYSICAE
1059 154 1198 195 PARS
1236 156 1536 197 SECUNDA0'

445 216 570 252 verum
606 210 647 248 ad
687 207 750 245 alia
794 218 965 255 pergamus
997 211 1230 256 experimenta.
1550 207 1554 211 '

482 264 631 313 Ejusdem
647 260 765 310 plantae
783 257 928 304 quaedam
951 256 1072 292 radices
1101 269 1189 306 aquae
1211 254 1281 294 sunt
1302 257 1456 294 immersat
1470 287 1480 302 ,
1500 269 1573 293 cum
1587 254 1729 304 reliquae*
1744 267 1834 294 extra

444 326 563 360 aquam
574 320 744 346 extarent:
765 318 833 353 quae
861 313 971 341 tamen
990 317 1025 341 ut
1043 307 1165 341 radices
1187 309 1271 342 intra
1288 306 1573 354 aquam‘demersae
1589 305 1763 342 increscere
1776 308 1833 344 vi.
1876 348 1878 350 ,

444 362 480 396 sae
497 359 583 403 sunt,
602 365 635 396 &
655 369 758 394 novas
773 354 869 391 fibras
879 356 1044 391 emittere.
1060 356 1167 405 ¹(Qod
1183 354 1253 392 fieri
1268 369 1333 391 non
1351 358 1461 405 potuit*
1472 384 1482 400 ‚
1506 357 1586 403 quin
1598 354 1835 403 aquaaradici-
1876 361 1878 368 ’

444 409 504 444 bus
516 408 652 444 midrdis
667 409 701 442 in
716 417 862 440 truncum
878 416 933 452 per
946 404 1068 439 nodum
1081 406 1310 440 intermedium
1321 404 1562 449 conscenderit,
1575 416 1676 452 atque
1689 407 1708 440 a
1718 415 1834 441 trunco

443 460 478 493 in
489 458 611 493 radices
622 468 713 492 extra
729 466 846 502 aquam
854 441 970 501 polita}
979 465 1036 502 per
1048 454 1161 490 ductus
1177 482 1186 496 ‚
1197 466 1252 489 aut
1263 453 1392 489 tubulos
1408 454 1542 489 idoneos
1561 452 1743 490 defluxerit.
1755 455 1835 491 *Nec
1876 475 1878 479 ·

442 506 537 542 aliter
551 518 658 556 partes
673 504 816 539 radicum
831 514 914 550 aqua
929 503 1096 538 madentes
1110 505 1295 539 nutriuntur
1311 531 1321 547 ‚
1336 502 1436 551 quam
1458 515 1530 551 quae
1541 514 1631 539 extra
1651 514 1770 551 aquam
1786 508 1835 554 ja-

441 568 518 592 cent
537 570 546 592 ι
565 569 636 590 cum
652 553 773 589 scilicet
785 551 890 586 succus
908 564 929 586 a
944 562 1059 587 trunco
1069 554 1101 587 in
1110 565 1163 587 eas
1180 551 1289 587 refluit
1293 557 1360 602 jam
1375 554 1437 587 rite
1453 551 1645 601 percolatus.

479 606 599 641 Eadem
609 604 653 639 est
666 604 747 638 ratio
762 601 879 649 plantae
893 600 913 636 a
932 611 1014 635 terra
1026 613 1102 637 cum
1115 601 1274 637 radicibus
1292 600 1424 646 avulsae,
1442 602 1520 639 &in
1532 601 1614 638 duos
1625 613 1731 637 ramos
1748 601 1836 638 divi-
1876 622 1878 626 ·

445 653 502 690 sae:
516 667 590 690 nam
603 652 622 688 fi
636 654 728 688 unius
744 652 825 686 rami
833 661 1015 686 extremum
1025 662 1115 697 aquae
1128 649 1312 685 immersum
1326 649 1425 686 fuerit
1436 679 1447 693 ‚
1467 649 1579 699 planta
1595 652 1648 686 diu
1662 653 1789 700 integra
1801 656 1836 690 δε

443 704 556 740 viridis
571 712 742 751 permanet
758 728 767 743 ‚
784 705 818 736 &
830 699 996 734 interdum
1010 697 1089 733 folia
1098 701 1130 734 in
1144 711 1234 734 ramo
1244 699 1349 735 altero
1362 700 1568 748 germinant,
1579 698 1656 736 cum
1671 699 1733 736 alia
1744 699 1845 749 plan-⁷

443 763 477 788 ta
487 751 629 801 ejusdem
644 751 771 799 generis
790 753 823 786 &
838 748 955 783 eodem
970 759 1119 797 tempore
1133 745 1240 784 avulsa
1250 749 1357 784 statim
1368 747 1550 786 marcescat.

480 802 518 836 Id
531 800 632 850 ipsum
647 798 843 834 demonstrat
853 798 1020 846 vegetatio
1037 796 1189 833 arborum
1201 826 1212 842 ,
1226 810 1299 846 quae
1317 809 1361 833 ex
1380 800 1475 833 ramis
1501 799 1534 833 in
1552 806 1671 833 terram
1692 796 1835 834 demiffis

441 849 631 887 nascuntur:
647 860 721 884 cum
735 849 824 883 enini
840 858 943 881 ramus
955 843 1055 880 salicis
1069 858 1126 881 aut
1139 848 1219 884 vitis
1242 845 1382 883 inflexus
1399 849 1432 883 in
1448 858 1566 882 terram
1583 846 1786 892 demittitur,
1801 853 1836 886 &

442 899 566 934 radices
580 901 667 947 agit,
675 896 784 946 palam
795 895 842 930 est
852 894 973 930 succum
984 893 1004 930 a
1022 905 1135 929 trunco
1148 896 1189 930 ad
1200 896 1320 930 radices
1332 895 1491 939 delabi,&
1504 895 1524 932 a
1533 893 1694 931 radicibus
1703 898 1735 932 in
1745 907 1836 933 trun..

442 960 517 983 cum
528 958 684 983 remeare.
700 945 800 993 quue
813 944 857 980 est
871 942 1067 980 manifestius
1077 945 1111 979 in
1128 944 1234 980 dumis
1243 972 1252 990 ,
1263 949 1298 981 &
1310 943 1427 993 plantis
1437 973 1448 990 ,
1461 956 1582 993 quaeex
1591 955 1755 981 ramorum
1764 948 1835 995 api-

441 996 534 1032 cibus
549 996 670 1031 radices
688 996 853 1031 emittunt.

480 1047 598 1080 Succus
613 1046 716 1080 omnis
731 1046 789 1092 qui
802 1042 881 1079 foris
893 1042 1084 1088 advehitur,
1095 1056 1162 1079 non
1173 1055 1228 1093 per
1244 1041 1456 1080 solasradices
1470 1042 1655 1080 ascendit=in
1664 1054 1812 1081 truncum
1822 1059 1837 1091 ,·

443 1092 498 1130 sed
508 1096 607 1130 etiam
617 1105 734 1143 magna
745 1105 784 1127 ex
799 1103 889 1141 parte
907 1091 1070 1128 descendit
1082 1093 1121 1127 ad
1132 1094 1254 1130 radices
1277 1108 1286 1130 :
1311 1093 1374 1130 hoc
1392 1092 1561 1129 luculento
1575 1092 1730 1141 exemplo
1740 1094 1851 1132 docet*

443 1146 490 1180 D.
501 1143 676 1177 Marione.
695 1145 731 1178 ln
744 1140 800 1177 lon
824 1140 1005 1177 aarborum
1020 1140 1097 1176 serie
1108 1142 1185 1177 duas
1197 1141 1309 1191 selegit
1323 1139 1380 1178 sibi
1392 1153 1506 1178 mutuo
1529 1143 1564 1177 in
1587 1143 1708 1177 cortice
1727 1142 1838 1178 cohae-

444 1203 553 1228 rentes
565 1221 574 1235 ,
588 1191 760 1239 hae‘utique
775 1155 906 1226 afficta
920 1193 1042 1239 carpini
1061 1202 1153 1226 erant
1167 1220 1177 1235 ,
1194 1190 1438 1241 vulgocharme
1450 1219 1460 1234 ,
1476 1193 1569 1227 unius
1584 1201 1732 1227 truncum
1752 1191 1837 1227 infra
1874 1211 1876 1213 ·

444 1239 660 1276 cohaefionem
674 1238 826 1275 resecuit:
845 1251 885 1275 ex
899 1237 1020 1275 rescilso
1042 1251 1157 1274 trunco
1175 1240 1322 1276 laterales
1341 1243 1420 1276 rami
1434 1239 1509 1275 hinc
1533 1239 1610 1274 inde
1635 1251 1702 1276 tum
1721 1241 1837 1289 supra,
1853 1265 1855 1269 .
1876 1251 1878 1262 ¹

445 1301 516 1325 tum
537 1289 620 1325 infra
641 1290 821 1338 junQuram
838 1290 969 1325 ineunte
986 1300 1064 1324 vere
1078 1293 1112 1325 ὅ(
1126 1300 1211 1324 anno
1227 1288 1417 1337 insequente
1437 1289 1836 1337 eruperunt;·nee-succus

445 1338 572 1374 aliunde
581 1340 689 1387 potuit
699 1337 798 1386 quam
809 1336 836 1373 a*
847 1337 971 1372 summis
981 1336 1086 1372 recisae
1095 1336 1218 1373 arboris
1229 1338 1372 1387 partibus
1385 1350 1426 1373 eo
1436 1338 1549 1372 deduci
1565 1351 1573 1373 ε
1591 1336 1644 1372 sed
1660 1341 1718 1386 qui
1734 1351 1773 1374 ex
1786 1352 1838 1375 ra-

446 1386 572 1422 dicibus
591 1399 651 1436 per
665 1388 819 1422 intactam
834 1385 985 1421 arborem
1004 1385 1109 1421 succus
1125 1385 1262 1422 sublatus
1275 1387 1336 1423 fuit
1353 1389 1385 1422 in
1396 1388 1552 1422 corticum
1565 1387 1765 1434 jun&m2m‚
1785 1400 1837 1424 at·
1851 1405 1853 1407 ¹

444 1448 511 1484 que
524 1436 599 1471 hinc
618 1437 651 1470 in
665 1439 771 1471 trunci
790 1434 912 1471 absciffi
930 1447 1057 1484 partem
1076 1434 1409 1484 superioremramis‘,
1429 1435 1571 1473 &foliis
1590 1436 1836 1474 alimentofuit.

448 1485 549 1534 Qod
558 1487 673 1533 utique
694 1487 813 1520 evincit
824 1497 892 1520 non
905 1484 1030 1519 succum
1047 1495 1182 1520 omnem
1198 1485 1219 1521 Ξι
1232 1483 1391 1521 radicibus
1401 1487 1443 1520 ·in
1458 1496 1606 1520 truncum
1622 1484 1735 1522 sursum
1745 1485 1836 1532 ferri,

445 1533 500 1570 sed
511 1546 586 1569 eum
603 1546 718 1583 magna
733 1546 772 1568 ex
793 1545 883 1582 parte
896 1533 917 1569 a
931 1535 1026 1569 tamis
1046 1538 1080 1570 &
1096 1533 1450 1571 foliis'deorsum‘labir
1872 1562 1874 1569 .

475 1581 602 1619 Verdm
618 1583 650 1616 id
669 1594 719 1618 tot
739 1584 973 1632 experimentis
992 1588 1026 1620 &
1045 1582 1225 1619 rationibus
1243 1584 1446 1620 demonstrat
1467 1586 1512 1621 Dz'
1530 1585 1702 1623 Perrault.
1725 1595 1764 1620 ut
1780 1587 1833 1621 vix
1872 1583 1874 1586 ’

444 1632 550 1669 ullum
561 1630 753 1667 dubitationi
769 1632 876 1667 locum
890 1631 1061 1679 relinquat.
1079 1633 1181 1681 quue
1202 1635 1344 1681 apertius
1368 1632 1426 1669 fiet
1442 1632 1464 1668 fi
1489 1635 1618 1669 intento
1642 1636 1751 1670 animo
1764 1646 1836 1683 quae

446 1680 597 1717 omnibus
612 1679 682 1716 sunt
697 1683 731 1716 in
743 1679 916 1729 eonspeffli
927 1681 1191 1731 contemplemur.
1207 1681 1352 1718 Primt'tm
1366 1684 1452 1717 enim
1466 1682 1625 1730 pleraeque
1637 1682 1767 1718 arbores
1782 1683 1836 1719 fo-

446 1731 496 1766 liis
507 1730 634 1766 nudatae
644 1732 844 1777 emoriuntur
856 1759 866 1772 ‚
880 1741 916 1765 ut
927 1732 959 1766 in
975 1732 1073 1765 moris
1085 1731 1281 1781 quandoque
1299 1732 1435 1774 accidit,
1455 1744 1528 1766 cum
1544 1732 1722 1767 nutriendis
1738 1731 1836 1769 bom-

444 1777 585 1828 bycibus
595 1778 654 1814 suis
669 1779 757 1815 foliis
774 1779 962 1814 fraudantur
979 1792 988 1814 ι
1003 1780 1090 1827 quod
1108 1778 1214 1822 succus
1228 1782 1259 1815 in
1271 1780 1358 1816 foliis
1383 1793 1468 1829 pene
1493 1783 1573 1816 utvin
1589 1779 1748 1816 radicibus
1758 1793 1835 1829 per-

427 1840 429 1843 ·
446 1829 580 1864 coletur.
607 1828 709 1864 Unde
726 1827 747 1864 fi
767 1830 841 1863 vitis
856 1827 1024 1876 palmitem
1041 1827 1099 1864 suis
1119 1828 1205 1864 foliis
1224 1830 1329 1864 aestate
1353 1830 1520 1864 nudaveris
1532 1856 1549 1874 ,-
1574 1841 1646 1865 uvae
1665 1842 1832 1878 nunquam

447 1876 664 1912 maturescent
680 1905 690 1921 ‚
721 1877 810 1925 quod
829 1875 934 1911 succus
952 1876 972 1911 a
995 1876 1084 1911 foliis
1106 1878 1206 1912 redux
1232 1877 1352 1912 fructui
1379 1878 1550 1912 nutriendo
1579 1876 1723 1915 serviat:
1754 1878 1833 1914 hinc

447 1937 519 1960 uvae
536 1925 593 1959 soli
604 1923 753 1973 expofitae
767 1925 944 1959 dummodo
957 1924 1036 1959 folia
1047 1924 1189 1972 palmitis
1200 1938 1267 1960 non
1280 1926 1466 1967 detraxeris,
1481 1926 1521 1960 ad
1530 1928 1750 1962 maturitatem
1758 1939 1833 1976 per..

446 1975 612 2009 ducuntur.
622 1973 708 2008 Folia
720 1975 810 2008 enim
819 1984 854 2007 nt
867 1973 988 2007 radices
998 1975 1096 2008 totius
1110 1973 1260 2022 plantulae
1274 1974 1463 2010 alimentum
1478 1986 1678 2024 praeparant,
1689 1987 1752 2011 nec
1764 1974 1833 2012 suc-

446 2034 520 2058 cum
536 2021 765 2057 tantummodo
782 2024 835 2069 qui
857 2022 874 2056 ὲ
887 2021 1045 2057 radicibus
1057 2021 1199 2058 ascendit
1214 2051 1223 2066 ‚
1241 2022 1295 2058 sed
1307 2026 1404 2058 etiam
1419 2036 1493 2059 eum
1505 2026 1572 2071 qui¹
1584 2036 1627 2060 ex
1642 2036 1715 2060 rore
1727 2053 1738 2068 ,
1758 2037 1833 2060 aere

445 2071 581 2107 humido
596 2076 629 2108 &
645 2070 760 2119 pluviis
771 2069 964 2106 extrinsecus
983 2074 1126 2114 accedit,
1139 2083 1325 2120 excoquunt
1335 2101 1345 2115 ,
1359 2073 1558 2122 &digerunt-
1580 2074 1670 2108 Hinc
1687 2072 1834 2110 melones

446 2119 504 2155 sub
517 2121 682 2168 campanis
694 2121 804 2154 vitreis
823 2118 918 2154 citius
931 2121 1144 2156 maturescunt
1159 2150 1168 2164 ‚
1191 2121 1291 2169 qulam
1309 2121 1367 2157 ubi
1384 2125 1450 2157 aeri
1469 2133 1673 2170 exponuntur
1685 2151 1695 2165 ‚
1716 2126 1750 2160 δε
1760 2122 1833 2171 plu-

446 2170 508 2204 viae
526 2184 533 2204 :
562 2181 635 2204 nam
653 2167 731 2203 folia
747 2168 881 2204 humore
899 2168 1023 2217 perfusa
1052 2183 1127 2205 eum
1142 2172 1202 2205 rite
1232 2182 1443 2219 praeparatum
1467 2171 1583 2206 fructui
1604 2169 1831 2207 transmittam

445 2216 547 2253 Unde
561 2220 593 2252 in
612 2220 775 2266 AEgypto,
799 2223 833 2255 &
858 2218 928 2252 aliis
951 2220 983 2252 in
1005 2218 1103 2261 locis,
1123 2218 1178 2254 ubi
1197 2232 1269 2255 tato
1290 2220 1391 2268 pluit,
1415 2231 1467 2254 ros
1498 2220 1545 2255 est
1561 2218 1710 2264 uberior,
1733 2233 1833 2268 quem

444 2265 526 2302 folia
555 2269 718 2315 excipiunt
739 2280 748 2303 ε
782 2265 820 2301 sic
855 2279 988 2311 vapores
1010 2270 1065 2315 qui
1090 2280 1128 2302 ex
1145 2267 1224 2304 fimo
1241 2271 1364 2316 equino
1387 2266 1560 2305 ascendunt
1581 2271 1614 2304 in
1641 2281 1832 2318 campanam
1875 2266 1878 2275 '

443 2318 585 2351 vitream
602 2344 612 2360 ,
629 2318 664 2351 in
684 2328 808 2351 teneras
833 2315 999 2351 melonum
1022 2345 1032 2359 ,
1053 2329 1107 2352 aut
1134 2316 1263 2352 aliarum
1284 2319 1464 2366 plantarum
1490 2317 1568 2354 folia
1592 2318 1753 2359 recidunt,
1780 2319 1832 2352 vi-
1873 2337 1878 2348 ·

441 2376 550 2448 ἷοὲειὲι
579 2364 730 2403 foliorum
748 2376 878 2403 tuentur
904 2365 958 2402 vel
976 2366 1012 2402 in
1033 2365 1109 2404 aestu
1123 2369 1266 2404 maximo
1290 2382 1301 2405 ε
1335 2378 1370 2403 at
1388 2367 1537 2404 detracta
1555 2379 1710 2418 campana
1725 2368 1832 2404 statim

458 2424 474 2446 ὃ
502 2426 519 2447 λ
535 2425 623 2451 cunt·
