1878 2724
553 134 697 172 PARS
737 132 982 170 TERTIA:
1425 153 1433 173 i

94 183 147 230 15.
159 183 205 221 Hi
223 180 349 234 quippe
363 182 489 220 nervuli
498 186 554 231 qui
565 197 665 233 prope
677 182 872 218 orbiculares
884 180 1041 232 processus
1053 180 1196 218 oriuntur
1213 210 1224 227 ‚
1254 184 1286 219 in
1297 183 1387 232 ipsius
1398 147 1457 221 gg

58 232 147 268 rebri
158 233 316 269 vestibulo
327 264 337 278 ‚
351 233 462 268 oculos
469 238 560 282 juxta
572 235 777 270 instintituuin
789 260 800 277 ,
815 234 870 267 aut
879 231 1059 281 paffionum
1071 235 1208 280 impetus
1223 236 1310 267 varie
1320 246 1452 269 contor-

59 294 172 330 quent.
191 283 290 319 Unde
303 296 359 333 par
379 282 457 317 illud
474 295 624 331 quartum
637 294 754 321 nervos
768 281 950 330 patheticos
961 281 1189 331 compledtitut
1199 311 1208 327 ,
1229 282 1326 330 idque
1340 295 1449 319 recens

57 331 124 369 fuit
135 331 355 370 observatum.

95 380 258 432 Qntum
276 383 417 431 sequitur
430 412 439 426 ‚
458 382 548 430 quod
566 380 666 430 vulgo
685 385 815 418 tertium
833 383 1018 418 nominatur
1033 395 1041 416 :
1059 381 1148 429 quod
1164 382 1181 417 ὲ
1198 383 1346 417 citeriore
1363 394 1452 417 cere-

58 428 140 464 belli
151 443 258 478 parte,
273 445 311 467 ex
322 443 457 478 utroque
469 431 727 466 videlicetlatere
735 431 818 466 illius
832 429 1083 479 protuberantiae
1096 458 1105 472 ,
1119 443 1190 478 quae
1200 431 1374 466 medullam
1388 431 1452 466 ob-

58 477 228 527 longatam
243 483 343 530 cingit
356 511 366 525 ,
384 480 568 529 profectum
579 509 588 523 ‚
604 482 637 515 in
649 483 750 515 varias
764 480 857 515 fibras
868 485 931 528 jam
946 481 978 514 in
998 479 1063 527 ipsa
1083 482 1207 528 origine
1226 481 1391 516 dividitur.
1407 484 1451 516 Ex

59 529 97 562 iis
112 529 178 563 aliae
189 528 257 564 sunt
267 532 408 566 duriores
418 542 487 577 quae
504 531 607 565 motui
621 528 761 565 serviunt
774 558 783 573 ‚
796 529 863 564 aliae
876 528 1040 564 molliores
1051 558 1060 572 ,
1071 541 1142 576 quae
1150 530 1190 562 ad
1204 528 1337 572 sensum,
1348 531 1452 578 gusta-

58 587 129 612 tum
142 579 320 626 imprium,
335 586 368 616 &
387 579 547 614 olfastum
567 580 732 626 pertinent
750 592 758 613 :
779 591 892 613 omnes
904 591 989 626 pene
1002 580 1024 611 ii
1040 580 1119 612 rami
1137 579 1294 612 naturales
1318 591 1454 614 exerunt

57 625 261 672 functiones,
279 640 419 676 autquas
429 627 607 676 pastionum
621 630 761 675 impetus
777 631 919 676 exigunt.
947 626 1090 662 Tametsi
1111 625 1185 661 satis
1210 628 1254 662 est
1279 626 1452 674 probabile

56 675 213 722 quosdam
223 678 364 712 ramulos
380 691 419 712 ex
429 678 559 712 caudice
568 677 737 712 medullari
748 689 837 711 ortos
852 679 958 711 motui
968 675 1146 724 spontaneo
1163 678 1263 710 etiam
1286 675 1450 712 famulari.

56 726 158 773 Hujus
168 729 459 762 nerviinterventu
479 738 568 761 tanta
578 727 621 761 est
632 725 794 762 consensio
805 728 888 759 inter
903 725 1014 761 oculos
1028 755 1038 770 ,
1052 737 1142 760 nares
1157 755 1166 769 ,
1182 726 1339 773 linguam,
1357 725 1453 760 faciei

57 773 214 809 musculos
227 803 238 818 ,
251 782 285 813 ὃς
295 777 467 825 praecordia
477 805 486 818 ‚
500 778 578 811 utin
588 774 766 810 consimiles
780 776 921 810 aetiones
932 775 996 810 una
1006 774 1197 823 conspirent.
1216 778 1302 810 Hinc
1315 787 1453 823 praecor.

58 823 188 858 diorum
206 825 339 860 affectus
353 826 459 860 statim
471 828 503 860 in
515 824 598 860 facie
615 824 644 859 se
659 826 800 872 produnt
818 837 912 859 :nam
935 824 1026 871 hujus
1046 826 1139 859 nervi
1156 837 1261 859 ramus
1287 824 1350 859 una
1377 837 1451 859 cum

57 883 148 906 ramo
161 872 237 907 sexti
252 877 333 922 paris
346 903 355 917 ,
368 874 455 921 quod
467 887 505 908 ex
522 876 586 907 ima
599 885 692 921 parte
710 873 850 920 ejusdem
873 872 1125 921 protuberantiae
1147 873 1309 908 annularis
1331 875 1450 916 oritur,

56 921 178 955 radices
190 920 257 957 sunt
268 925 360 957 nervi
380 922 505 970 insignis
518 952 527 966 ,
538 924 595 970 qui
605 922 810 956 intercostalis
827 922 942 956 dicitur
957 949 964 963 ,
983 924 1102 968 quique
1114 923 1145 954 in
1158 934 1211 956 cor
1225 927 1256 958 &
1269 921 1387 956 viscera
1398 935 1451 970 pe-

56 981 98 1004 ne
111 972 220 1005 omnia
231 971 433 1007 diffunditur.
447 975 490 1007 Ex
505 970 623 1020 quibus
634 970 738 1018 palam
753 970 789 1006 fit
804 983 857 1005 cur
872 972 954 1006 inter
966 970 1181 1013 oculos,nares
1195 977 1226 1008 ὃς
1241 971 1380 1018 gustatus
1395 984 1451 1005 or-

55 1030 175 1066 ganum
190 1031 279 1055 tanta
290 1020 324 1055 sit
337 1023 491 1069 cognatio
506 1039 515 1065 3
529 1032 583 1055 cur
596 1019 683 1055 cibus
694 1032 748 1054 aut
758 1020 951 1062 olfactuum
963 1019 1028 1054 visu
1047 1031 1217 1067 perceptus
1232 1019 1361 1054 salivam
1377 1034 1449 1055 mo-

56 1079 134 1102 veat
155 1085 164 1111 ς
183 1081 238 1104 ciir
254 1072 288 1104 in
306 1069 430 1105 summo
454 1069 608 1118 languore
622 1071 691 1104 viiii
705 1068 847 1104 libamen
868 1081 934 1103 tarn
947 1071 1013 1102 cito
1026 1069 1205 1116 praecordia
1228 1080 1350 1102 recreet
1367 1084 1376 1111 3
1393 1081 1446 1103 cut

56 1117 142 1151 inter
152 1119 409 1154 manducandum
422 1129 470 1153 tot
480 1118 611 1153 musculi
622 1116 717 1154 nobis
727 1117 828 1153 insciis
842 1147 851 1161 ,
869 1122 901 1153 &
911 1119 990 1151 citra
1000 1116 1270 1164 defatigationem
1289 1129 1447 1152 movean-

57 1175 115 1200 tur.
127 1165 280 1201 Aetiones
301 1170 388 1203 enim
404 1167 472 1202 illas
485 1178 606 1202 naturae
621 1165 819 1215 potiffimiim
839 1166 1007 1201 instinctus
1025 1167 1127 1213 exigit
1143 1179 1151 1200 :
1167 1177 1264 1213 atque
1283 1168 1305 1199 ii
1323 1165 1446 1214 spiritus

54 1216 113 1260 qui
127 1213 318 1251 z‘icerebello
336 1219 544 1251 continenter
554 1227 686 1250 manant
697 1244 706 1258 ,
723 1228 775 1249 eas
788 1225 930 1249 exerunt.
957 1216 1044 1250 Hinc
1058 1217 1156 1248 etiam
1169 1217 1199 1248 in
1221 1217 1311 1248 omni
1322 1226 1447 1262 pertur-

56 1259 190 1298 batione
210 1267 334 1310 animi,
353 1277 387 1300 ut
410 1268 444 1300 in
462 1264 543 1307 risu,
569 1263 670 1308 fletu,
685 1266 824 1313 gaudio,
845 1274 985 1298 moerote
1002 1263 1112 1304 oculi,
1136 1262 1232 1297 facies
1247 1291 1256 1306 ,
1284 1276 1320 1297 os
1346 1262 1444 1311 ipsum

55 1312 160 1346 cordis
180 1313 322 1349 motibus
345 1325 420 1362 apte
447 1313 660 1362 respondent,
691 1325 725 1349 ut
742 1314 857 1349 eodem
877 1312 964 1346 velut
996 1312 1120 1360 plectro
1135 1314 1248 1359 agitari
1264 1313 1446 1348 videantur.

55 1361 165 1409 Atque
177 1361 210 1396 hi
225 1363 385 1399 nervisuis
397 1367 537 1398 numeris
554 1375 568 1410 5
585 1392 594 1408 ‚
612 1368 644 1400 &
662 1374 676 1409 5
696 1392 706 1407 ,
726 1361 880 1412 designati
897 1364 930 1397 in
946 1362 1090 1409 margine
1111 1360 1268 1396 annularis
1286 1362 1444 1409 precelsus

55 1408 127 1444 sunt
147 1411 322 1459 conspicui.

89 1460 223 1495 Sextum
235 1489 245 1504 ‚
258 1474 291 1496 ut
307 1463 444 1496 diximus
457 1490 467 1505 ,
486 1473 542 1509 par
562 1473 685 1496 ramum
700 1472 758 1508 pro
781 1461 887 1494 radice
901 1459 991 1494 nervi
1017 1457 1227 1493 intercostalis
1240 1457 1421 1505 suppeditat
1435 1486 1446 1501 ‚

54 1507 133 1542 dum
147 1508 227 1544 alter
239 1539 249 1554 ‚
262 1516 294 1547 &
306 1515 405 1559 major
415 1512 447 1544 in
462 1510 616 1558 quosdam
634 1509 717 1543 oculi
731 1507 885 1542 musculos
901 1507 1077 1542 absumitur
1089 1536 1098 1550 ,
1113 1505 1169 1540 ubi
1181 1520 1248 1542 non
1267 1507 1345 1540 alios
1370 1520 1444 1540 mo-

54 1566 106 1590 tiis
117 1557 216 1604 quam
227 1560 406 1605 ptitheticoz
423 1587 432 1601 ‚
451 1572 487 1592 ac
502 1570 625 1593 metum
641 1559 794 1605 imprimis
807 1586 815 1599 ‚
838 1557 943 1591 statim
960 1554 1069 1591 efficit.
1093 1557 1186 1589 Hinc
1203 1554 1308 1590 subito
1326 1557 1444 1590 timore

54 1605 205 1653 percuffi,
222 1609 327 1642 statim
344 1607 453 1642 oculos
466 1608 505 1641 ad
521 1607 617 1642 latera
628 1607 817 1642 deducimus
835 1619 842 1640 ε
857 1617 911 1651 par
924 1606 1046 1639 sextum
1059 1632 1069 1647 ,
1085 1611 1106 1638 6
1118 1633 1127 1647 ‚
1148 1609 1178 1640 6.

104 1657 285 1702 Septimum
298 1669 335 1692 ex
351 1659 417 1690 imo
431 1658 576 1704 margine
594 1654 751 1690 annularis
764 1653 1015 1701 protuberantia:
1026 1655 1127 1687 oritur
1140 1681 1148 1695 ‚
1167 1664 1264 1699 atque
1284 1653 1367 1688 illius
1382 1653 1444 1687 duo

54 1701 125 1737 sunt
139 1707 303 1752 utrimque
319 1708 420 1739 trunci
433 1734 442 1748 ‚
459 1717 597 1752 quorum
618 1703 699 1738 alter
715 1704 761 1737 est
773 1703 900 1737 mollior
914 1732 922 1745 ‚
941 1708 973 1738 &
990 1703 1181 1749 praecipuum
1205 1703 1329 1737 auditus
1347 1715 1442 1750 orga-

54 1763 149 1794 num3
163 1753 242 1787 alter
262 1755 304 1788 est
317 1755 423 1788 durior
436 1783 445 1796 ,
464 1756 518 1800 qui
532 1754 571 1787 ad
590 1753 697 1788 fauces
708 1781 717 1794 ‚
732 1752 898 1800 laryngem
909 1780 919 1794 ‚
945 1751 1059 1797 linguae
1082 1750 1239 1784 musculos
1253 1780 1262 1793 ,
1283 1750 1368 1784 labia
1380 1780 1388 1793 ‚
1410 1757 1443 1786 &

54 1799 131 1834 alias
153 1805 215 1835 otis
230 1815 335 1850 partes
348 1805 447 1837 mittit
461 1801 607 1837 surculos.
632 1804 719 1836 Hinc
738 1814 801 1835 vox
825 1814 889 1835 ram
914 1811 989 1847 apte
1010 1799 1132 1832 auditui
1152 1798 1332 1846 respondet.
1357 1801 1443 1836 Hinc

54 1850 152 1884 etiam
165 1852 311 1886 nonnulli
322 1865 412 1886 aures
424 1850 553 1886 muricis
567 1850 688 1885 habent
699 1879 707 1892 ,
719 1849 773 1883 alii
784 1863 848 1884 non
865 1851 962 1891 item,
982 1859 1017 1882 ut
1028 1847 1110 1882 forte
1120 1859 1232 1882 eorum
1246 1846 1443 1882 cerebellum

55 1897 155 1932 molle
175 1901 220 1934 est
233 1930 242 1943 ‚
257 1913 311 1936 aut
324 1902 437 1935 durum
452 1930 461 1943 ,
484 1906 515 1937 &
530 1899 677 1934 sonorum
698 1900 782 1932 ideas
801 1898 910 1939 facile,
926 1909 980 1932 aut
997 1909 1076 1944 aegre
1091 1898 1222 1944 excipit.
1249 1899 1337 1933 Nam
1356 1908 1391 1931 ut
1411 1899 1443 1930 in

55 1945 189 1982 cerebro
198 1961 330 1984 manent
342 1947 561 1997 impreffiones
571 1948 612 1983 ab
627 1949 696 1983 aliis
707 1946 842 1982 sensibus
855 1947 947 1982 faeta:
960 1975 969 1989 ,
989 1948 1032 1980 ita
1042 1944 1127 1980 forte
1144 1947 1176 1979 in
1190 1945 1354 1980 cerebello
1366 1975 1375 1989 ‚
1387 1957 1443 1979 aii-r

55 1996 88 2028 in
102 1995 243 2042 proceisu
263 1998 406 2033 annulari
423 2000 479 2043 qui
499 1997 673 2032 medullam
696 1996 908 2044 obloiigaraiii
927 1998 1029 2044 cingit
1043 2023 1052 2037 ‚
1078 1993 1228 2028 sonorum
1251 1992 1442 2029 alservantur

54 2045 192 2092 vestigia.
204 2049 270 2080 Tot
282 2048 366 2080 enim
375 2049 523 2080 notiones
536 2074 545 2087 ‚
557 2058 610 2080 aut
622 2045 738 2092 species
748 2058 818 2091 quse
836 2044 938 2079 insunt
951 2042 1099 2085 cerebro,
1125 2041 1273 2077 sonorum
1290 2054 1441 2078 numeros

54 2091 407 2129 facileconfunderent.
428 2095 490 2129 Sed
503 2096 535 2127 in
551 2092 702 2128 cerebelli
714 2094 836 2127 cellulis
856 2096 916 2127 rite
929 2091 1083 2141 dispositis
1098 2091 1197 2126 tutius
1219 2092 1416 2127 collocantur
1433 2118 1442 2131 ,

54 2141 140 2175 unde
159 2142 272 2190 sponte
297 2144 434 2190 quadam
448 2172 457 2186 ,
474 2148 506 2179 δε
522 2144 600 2176 citra
617 2145 833 2177 attentionem
861 2144 1046 2176 continuata
1060 2139 1137 2174 serie
1149 2169 1158 2182 ‚
1176 2154 1240 2175 non
1256 2139 1441 2188 perturbata

55 2190 229 2237 profluunt.
245 2194 332 2226 Hinc
347 2191 461 2226 musica
485 2190 743 2239 perturbitiones
758 2193 858 2225 animi
871 2191 958 2226 sedat
969 2221 977 2234 ‚
996 2191 1157 2225 tristitiam
1172 2189 1252 2224 lenit
1267 2218 1274 2230 ‚
1289 2187 1441 2222 immodi-

54 2250 108 2273 cos
120 2240 276 2288 sanguinis
285 2243 368 2276 aestiis
382 2270 390 2283 ,
401 2253 455 2276 aut
468 2240 686 2275 fluctuationes
704 2251 862 2288 temperat
875 2269 883 2283 ,
894 2241 969 2275 dum
981 2240 1103 2286 spiritus
1114 2238 1132 2272 ὸ,
1147 2237 1308 2270 cerebello
1320 2239 1349 2270 in
1362 2249 1441 2283 prx-

54 2289 161 2322 cordia
174 2293 238 2339 jugi
254 2290 339 2325 fluxu
353 2302 519 2325 minantes
534 2319 542 2331 ‚
561 2287 645 2336 quasi
662 2290 701 2322 ad
716 2302 864 2324 numeros
881 2301 1002 2324 movet.
1022 2285 1145 2322 Verum
1157 2286 1212 2318 ista
1229 2297 1263 2318 ut
1276 2287 1441 2330 conjectu-

56 2347 96 2370 rae
111 2337 179 2373 sunt
195 2340 404 2388 accipienda:
420 2339 508 2387 quod
519 2337 667 2374 minussit
680 2337 844 2375 verisimile
855 2338 1002 2373 sonorum
1018 2333 1238 2384 impressiones
1250 2336 1282 2369 in
1295 2332 1442 2376 Ctsffbffl»

1096 2384 1174 2418 Ttt
1202 2384 1237 2430 iij
