1878 2724
608 141 771 177 PARS
803 140 1038 177 TERTIA.
1453 149 1506 178 621

118 189 176 229 ubi
184 191 312 229 fluidior
323 188 369 225 est
378 189 499 240 sanguis
510 194 543 229 &
554 190 694 227 dilutior.
703 191 804 227 Unde
814 190 899 225 ultro
909 188 981 224 fluit
992 202 1033 225 ex
1045 188 1136 224 venis
1151 189 1181 223 in
1191 190 1334 224 arterias·
1346 190 1434 225 Nam
1445 190 1509 225 foe-

123 253 172 277 tus
185 244 218 278 in
226 253 320 277 utero
335 240 426 277 velut
442 243 510 290 jugi
524 255 545 275 o
571 241 685 288 presius
703 239 815 275 somno
833 268 843 283 ,
865 239 984 274 nullam
1002 249 1086 285 pene
1107 238 1312 273 functionem
1333 238 1507 274 animalem

121 294 226 326 exerit
236 303 300 340 prae
313 302 486 325 nervorum
498 253 722 325 inihecillitate
736 317 748 334 ‚
766 288 818 323 sed
835 300 925 325 natus
937 292 1002 337 jam
1018 286 1160 335 spiritum
1173 287 1261 321 ducit
1274 316 1284 330 ‚
1301 292 1333 324 ὅ(
1348 286 1469 336 sanguis
1487 289 1506 325 a

120 341 218 375 corde
229 352 286 388 per
302 339 471 388 pulmones
483 337 673 387 impellitur.

158 391 355 438 Qanquam
367 388 399 422 id
416 401 547 435 quoque
559 400 630 422 cum
645 383 773 421 Borello
791 396 908 432 magna
927 382 1160 432 probabilitate
1171 385 1233 419 dici
1249 385 1372 433 potest,
1402 398 1507 434 partes

120 436 353 486 heterogeneas
374 436 530 485 sanguinis
551 449 620 472 non
639 447 705 471 tam
731 436 763 469 in
786 432 862 468 vafis
880 432 1059 469 aretiffimis
1075 433 1265 482 pulmonum
1285 435 1507 478 commisceri,

118 486 218 533 quam
231 489 264 522 in
279 488 315 520 iis
327 484 460 522 dissolvi.
478 485 535 520 illa
548 486 636 520 enirn
654 494 798 518 accurata
812 482 916 517 mistio
927 481 996 518 fieri
1006 496 1071 519 non
1088 483 1193 531 potest
1206 485 1283 517 iniis
1299 482 1426 526 tubulis,
1440 495 1509 519 tan-

119 547 217 582 quam
237 538 268 570 in
285 534 352 584 ipsis
370 533 583 570 infundibulis
595 563 604 578 ‚
624 545 697 581 quae
716 534 749 567 in
768 531 866 567 exiles
881 531 993 582 fistulas
1007 533 1194 567 dividuntur
1214 548 1224 575 ·‚
1244 531 1418 580 cujusmodi
1436 533 1508 567 sunt

119 583 191 618 vasa
206 583 461 632 pulmonumzsed
472 587 504 620 in
518 583 610 618 saccis
619 581 734 630 amplis
749 593 820 616 eam
833 580 1015 616 mistionem
1026 580 1095 616 fieri
1111 594 1131 615 o
1156 592 1290 616 orreret.
1301 582 1386 616 Cum
1398 593 1507 616 autem

118 631 241 681 sanguis
254 635 288 668 in
302 633 369 681 ipso
381 634 514 667 circuitu
535 633 670 668 multum
688 629 875 665 debilitatus
890 629 989 664 fuerit
1003 659 1013 673 ,
1035 642 1103 665 tum
1126 595 1291 678 spirituum
1310 629 1511 673 difflarione,

117 692 186 715 tum
199 682 325 717 utilium
339 683 514 717 secretione
526 693 533 715 :
547 693 684 728 cumque
696 678 777 714 illius
790 690 896 727 partes
906 679 976 713 aliae
986 678 1045 714 sint
1055 677 1180 714 fluxiles
1189 708 1198 722 ‚
1212 679 1283 713 aliae
1300 678 1439 723 viscosae,
1451 680 1508 715 ha-

118 742 188 765 rum
204 742 328 766 textura
350 734 383 765 'in
403 729 612 779 pulmonibus
632 723 826 771 dissolvitur,
846 727 923 762 durn
940 727 1106 775 glutinosae
1127 730 1159 763 in
1175 727 1409 776 angustioribus
1430 726 1508 763 vafis

118 780 330 814 conciduntur
342 808 351 823 ‚
362 785 394 816 &
410 779 579 828 particulas
596 790 704 814 aereas
720 775 891 813 evefieulis
900 778 1022 824 excipit
1032 776 1154 825 sanguis
1167 805 1177 821 ‚
1191 789 1259 824 quo
1272 779 1432 813 animatur
1443 805 1454 820 ,
1473 782 1509 814 ὅ(

117 839 157 862 ex
174 829 317 876 torpido,
331 833 365 865 &
379 831 481 864 inerte
495 827 533 864 fir
548 830 704 877 vegetior.

157 877 240 925 Opp.
255 884 295 912 20
304 880 500 924 Sanguinem
514 877 617 911 multo
630 873 899 923 compendiosiori
913 875 966 908 via
977 879 1010 909 ὅ(
1023 875 1126 907 minus
1142 874 1298 921 impedita
1310 887 1367 922 per
1377 873 1508 909 usitatos

117 926 152 960 in
163 925 364 961 foetuduerus
375 924 503 960 tranfire
514 924 599 973 poffe
610 939 617 961 ε
628 936 705 973 ergo
722 934 829 959 motus
840 920 997 970 sanguinis
1009 935 1074 956 non
1091 922 1135 955 est
1150 925 1314 969 primarius
1326 922 1509 972 respiratio-

117 976 165 1009 nis
185 973 264 1010 usus,
277 975 355 1009 Huc
363 974 445 1009 adde
455 973 616 1021 liquorem
626 985 685 1021 per
697 972 887 1020 pulmonum
896 973 1046 1005 arteriam
1056 971 1212 1017 injectum
1226 974 1257 1006 in
1269 970 1422 1008 sinistrum
1434 984 1509 1006 cor-

116 1023 165 1058 dis
176 1022 274 1058 sinum
285 1023 335 1059 vel
345 1025 378 1057 in
388 1035 517 1057 mortuo
528 1022 660 1057 animali
673 1032 843 1069 penetrare
857 1036 866 1062 3
882 1032 960 1067 ergo
972 1019 1128 1067 sanguinis
1139 1021 1242 1053 motui
1259 1023 1358 1055 etiam
1372 1033 1428 1068 per
1438 1021 1509 1068 pul-

118 1084 234 1107 mones
250 1084 316 1107 non
334 1071 380 1106 est
394 1069 562 1106 necessaria
575 1069 749 1118 respiratio.
763 1069 931 1105 Postremo
947 1079 1002 1101 cur
1020 1067 1189 1102 intercluso
1210 1067 1320 1116 spiritu
1339 1082 1426 1103 mors
1445 1068 1508 1103 sta-

120 1121 181 1155 tim
198 1119 364 1168 sequatur:
377 1119 482 1154 inflati
497 1121 583 1154 enim
596 1119 767 1168 pulmones
779 1118 851 1153 satis
869 1127 986 1165 urgent
996 1115 1182 1165 sanguinem
1196 1145 1207 1160 ,
1230 1122 1264 1154 ὅ(
1282 1129 1437 1166 premunt
1448 1130 1508 1154 ve..

118 1168 207 1204 nuiss
219 1183 227 1205 :
240 1169 323 1204 adeo
334 1181 369 1204 ut
377 1167 532 1217 sanguinis
545 1180 649 1203 motus
665 1181 732 1203 non
743 1165 965 1216 prohibeatur.

156 1219 248 1266 Resp.
258 1225 287 1253 1⁰
297 1220 491 1267 Sanguinem
505 1218 582 1253 dum
593 1218 639 1251 est
653 1216 828 1259 fluidior‚ut
839 1217 872 1249 in
885 1213 965 1249 foetu
977 1224 1036 1261 per
1050 1213 1162 1248 duetus
1180 1212 1348 1250 breviores
1359 1215 1509 1261 quidem,

117 1265 169 1302 sed
180 1269 279 1316 magis
290 1266 443 1315 obliquos
458 1265 584 1301 transire
601 1265 687 1315 posse
701 1283 710 1309 3
724 1278 791 1301 non
804 1266 882 1299 item
896 1276 970 1298 cum
980 1261 1102 1310 sanguis
1116 1262 1153 1298 fit
1169 1262 1294 1300 crassior
1310 1269 1343 1301 &
1355 1264 1508 1301 fibrosior.

118 1318 214 1350 Sicin
224 1318 307 1350 ranis
318 1315 414 1365 ligata
423 1315 526 1350 cordis
540 1316 678 1350 auricula
688 1314 810 1364 sanguis
826 1313 928 1348 adhuc
942 1322 999 1359 per
1018 1324 1116 1346 venas
1134 1324 1286 1348 movetur
1297 1342 1305 1355 ‚
1324 1319 1357 1350 ὅ(
1379 1313 1449 1348 vasa
1460 1314 1509 1348 di-

118 1365 321 1401 stenduntur:
335 1365 422 1412 quod
432 1376 486 1399 aer
497 1363 638 1400 veficulis
648 1364 836 1413 pulmonum
846 1360 1010 1396 conclusus
1029 1359 1186 1408 sanguinis
1199 1363 1366 1397 circuitum
1380 1362 1508 1397 conser-

117 1424 175 1448 vet
187 1442 197 1456 ,
214 1416 313 1449 etiam
324 1414 427 1448 cordis
440 1425 532 1448 motu
549 1416 750 1463 intercepto:
762 1423 868 1460 neque
885 1412 971 1446 enirn
980 1408 1103 1459 sanguis
1116 1412 1149 1446 in
1165 1414 1248 1446 ranis
1258 1413 1336 1447 utin
1345 1411 1509 1448 calidiori..

119 1460 179 1496 bus
190 1462 406 1498 animantibus
423 1462 604 1497 concrescit.

154 1513 246 1560 Rfi'·
265 1526 296 1547 ιο
309 1514 464 1559 Ιιῄεᾶιιιῃ
477 1510 639 1558 liquorem
653 1511 822 1559 pulmones
844 1509 1020 1560 pervadere
1037 1522 1048 1543 v:
1068 1508 1120 1543 sed
1141 1514 1264 1553 majore
1283 1512 1316 1544 vi
1337 1522 1417 1559 opus
1442 1509 1485 1543 est
1498 1537 1508 1552 ‚

118 1560 291 1608 quam-uta
305 1561 401 1596 corde
420 1559 577 1608 proficisci
589 1559 691 1608 poffit.
724 1561 823 1609 Qod
847 1558 926 1595 vero
940 1554 1109 1592 intercluso
1129 1556 1240 1606 spiritu
1259 1559 1378 1594 animal
1401 1558 1507 1593 statim

118 1611 275 1644 moriatur
290 1638 299 1652 ‚
318 1610 350 1643 id
368 1611 479 1656 utique
492 1609 609 1643 accidit
620 1609 669 1643 vel
680 1609 724 1643 ob
734 1610 924 1657 impeditum
936 1606 1092 1654 sanguinis
1103 1619 1247 1649 motum3
1262 1608 1314 1642 vel
1326 1609 1412 1655 quod
1424 1609 1507 1642 vita-

118 1657 156 1693 lis
174 1671 247 1692 aura
259 1687 268 1701 ,
287 1657 350 1693 fine
362 1671 424 1705 qua
437 1671 477 1693 ne
487 1657 605 1706 plantae
616 1659 747 1706 quidem
758 1661 883 1702 vivunt,
893 1657 933 1693 ad
946 1655 1110 1704 spirituum
1128 1656 1316 1692 animalium
1327 1658 1510 1706 generatio-

119 1719 196 1742 nem
207 1736 216 1748 ,
231 1712 264 1743 &
280 1706 415 1741 ifuorem
431 1706 587 1755 sanguinis
605 1709 796 1754 requiratur.

156 1758 244 1790 Hinc
253 1754 375 1790 sublata
385 1758 473 1790 omni
488 1756 697 1803 respiratione
707 1785 715 1796 ,
727 1761 760 1792 ὃ(
775 1766 867 1790 motu
876 1754 980 1788 cordis
998 1752 1298 1796 cessante,immissus
1307 1767 1360 1789 aer
1375 1766 1431 1802 per
1443 1764 1510 1788 tra-

117 1803 232 1839 cheam
246 1803 331 1839 cai‘iis
343 1807 486 1841 vitam&
495 1805 598 1838 cordis
610 1816 736 1839 motum
745 1804 905 1840 interdum
925 1815 981 1851 per
993 1803 1119 1850 aliquot
1129 1804 1213 1839 horae
1224 1805 1347 1839 minuta
1358 1804 1510 1844 restituit,

118 1864 155 1887 ut
168 1855 201 1888 in
213 1853 387 1888 Academia
399 1855 506 1901 Regia
517 1865 593 1888 ante
603 1853 728 1899 aliquot
738 1866 839 1888 annos
852 1852 913 1887 fnit
924 1851 1142 1888 observatum.
1159 1853 1212 1886 Sic
1225 1852 1416 1901 strangulato
1426 1853 1510 1894 cani,

117 1913 193 1936 mox
204 1913 316 1949 aperto
327 1901 596 1950 abdomine&per
607 1903 740 1938 duarum
753 1903 952 1937 thoracicum
964 1902 1087 1948 injecto
1107 1914 1181 1935 aere
1201 1903 1301 1936 vitam
1314 1902 1512 1937 reddiditVir

119 1951 257 1985 Doaiff.
271 1951 448 1984 Needham.
462 1951 622 1998 ldemper
632 1964 751 1987 venam
766 1963 878 1986 cavam
898 1948 1058 1984 insufflare
1070 1962 1143 1985 aere
1164 1948 1274 1986 effecit
1289 1949 1487 1998 Malpighius
1501 1962 1509 1983 :

116 1998 201 2032 adeo
214 2010 249 2033 ut
261 2010 326 2032 nou
336 2001 443 2047 magni
460 1999 579 2033 referat
597 2012 661 2045 qua
679 1999 792 2034 subeat
809 2012 863 2033 aer
879 2011 935 2046 per
946 1998 1115 2044 pulmones
1126 2010 1181 2033 aut
1199 1998 1270 2033 vasa
1282 2028 1292 2042 ‚
1315 2000 1392 2033 dum
1413 1998 1510 2032 salem

118 2046 204 2082 suum
228 2045 380 2082 nitrosum
395 2058 430 2081 ut
441 2045 581 2081 flammae
592 2075 601 2088 ‚
615 2046 654 2081 fic
669 2050 741 2081 vitae
762 2047 913 2095 pabulum
935 2046 1077 2094 sanguini
1104 2048 1275 2094 impertiat.
1344 2060 1387 2081 uae
1400 2047 1513 2080 omnia

119 2097 275 2130 evincunt
284 2098 445 2142 puriorem
456 2107 529 2129 aera
541 2108 613 2128 cum
629 2095 776 2144 sanguine
790 2094 1008 2137 commisceri,
1022 2107 1162 2143 eumque
1181 2095 1202 2131 ἐι
1221 2098 1430 2132 concretione
1441 2106 1513 2129 tue.-

118 2146 155 2179 ri.
185 2145 247 2180 Sed
265 2155 416 2192 psaeterea
433 2156 524 2179 motu
538 2143 728 2192 pulmonum
747 2147 914 2180 circuitum
930 2143 1091 2193 sanguinis
1116 2143 1201 2180 effici
1220 2149 1286 2193 jam
1304 2146 1394 2194 supra
1405 2144 1515 2178 osten-

108 2194 234 2230 dimus.

155 2245 247 2281 Hinc
257 2255 319 2290 prae
332 2244 456 2278 tristitia
469 2273 478 2286 ,
489 2253 542 2278 aut
555 2244 677 2277 acriore
691 2243 888 2290 cogitatione
903 2241 1027 2291 sanguis
1043 2242 1205 2277 interdum
1221 2243 1375 2289 restagnat
1396 2244 1427 2277 in
1446 2242 1516 2289 pul-

121 2291 500 2339 monibus‚respiratione
514 2292 695 2339 impedita3
715 2302 848 2338 tumque
860 2289 987 2339 suspirio
1002 2294 1070 2325 vim
1088 2302 1239 2338 magnam
1262 2292 1340 2324 aeris
1360 2290 1517 2326 ducimus.

116 2342 254 2375 Interim
263 2341 330 2388 post
343 2340 457 2376 effusos
472 2339 544 2376 risus
559 2341 654 2388 longa
672 2339 824 2374 trahimus
837 2338 960 2388 suspiria
972 2369 981 2383 ,
1001 2339 1092 2387 quod
1108 2341 1190 2372 inter
1205 2339 1372 2373 ridendum
1389 2339 1453 2387 ipsa
1472 2352 1521 2373 re-

114 2387 246 2437 spiratio
260 2389 377 2427 diutius
392 2393 571 2439 interrupta
586 2389 696 2427 fuerit.
715 2391 766 2424 Sic
777 2391 810 2425 in
825 2388 962 2439 singultu
974 2388 1183 2438 diaphragma
1196 2387 1423 2424 vehementius
1439 2400 1516 2425 con*

1211 2438 1289 2472 liii
1313 2439 1346 2487 iij
