1878 2724
56 193 184 243 *pontius
198 193 288 238 a'quae
299 190 381 226 salsae
397 190 522 226 obstare
539 192 644 240 potest
662 205 669 226 ε
685 204 757 226 cum
769 192 882 235 majori
895 188 980 224 mole
996 187 1208 223 incumbentis
1220 200 1310 238 aquae
1328 156 1436 238 pr3ell‘a,

64 242 189 277 facilius
207 251 323 275 terram
334 251 494 289 penetret-
504 242 625 287 Neque
639 240 715 275 illud
728 240 806 275 mihi
820 236 950 287 probari
960 237 1165 286 potest,terrae
1178 241 1259 272 mari
1269 240 1436 286 circumje‘

63 291 121 326 &ae
132 300 250 324 meatus
258 293 322 337 jam
335 301 417 336 aqua
435 301 474 323 ex
485 289 591 324 fluviis
602 288 698 324 effusa
708 288 820 337 plenos
831 316 840 330 ‚
858 298 973 334 aquam
996 288 1150 320 marinam
1175 298 1241 321 non
1253 287 1435 323 admittere.

41 375 44 379 ,
61 340 247 375 Nouenim
267 349 391 372 trintum
405 349 494 384 aquae
508 336 594 372 fluvii
609 349 665 384 per
687 349 790 372 totam
809 347 926 370 terram
956 334 1126 369 effundunt
1140 363 1148 377 ,
1163 345 1198 368 ut
1216 348 1328 370 omnes
1347 347 1434 371 terrae

61 397 156 435 poros
167 414 176 429 ,
192 397 247 420 aut
260 385 389 420 tubulos
409 384 584 422 oblideant.
595 388 707 421 Paucis
719 384 838 419 abhinc
853 383 964 417 diebus
978 381 1141 417 referebat
1153 385 1184 416 in
1197 384 1370 419 Academia
1390 387 1437 420 vir

64 433 186 470 Glanff
211 436 256 469 D.
271 435 422 477 Dodard,
442 433 472 469 se
486 434 598 468 caleti
615 437 646 468 in
662 432 727 481 ipso
746 432 855 467 littore
880 430 994 467 vidiffe
1021 431 1149 466 fontem
1179 443 1234 465 :tut
1260 444 1391 479 puteum
1415 447 1434 476 9

61 494 159 519 antio
180 481 315 531 pedibus
331 483 530 529 profundum
548 511 557 524 ,
577 488 660 530 cujus
679 494 761 529 aqua
773 481 820 516 est
834 482 957 527 optima
973 493 980 515 :
996 492 1067 514 curn
1084 491 1192 514 tamen
1206 481 1240 514 in
1253 492 1289 514 ea
1304 483 1436 529 regione

39 568 42 572 ,
62 544 151 579 aquae
165 531 269 566 dulces
282 536 315 568 δε
325 530 463 566 salubres
475 529 700 567 deriderentur.
712 534 747 566 ln
761 531 884 578 magnis
895 528 1014 563 aellibus
1027 540 1114 562 mare
1134 527 1246 564 fluoris
1259 528 1327 563 suos
1342 529 1437 577 usque

62 582 102 615 ad
118 579 277 614 orificium
295 581 382 628 putei
405 579 503 614 illidit
514 608 524 621 ‚
543 590 675 626 tumque
688 591 770 626 aqua
792 579 881 626 putei
897 575 1020 611 duobus
1032 589 1088 612 aut
1102 579 1227 611 circiter
1237 577 1371 624 pedibus
1388 590 1437 612 at.

64 628 284 664 tollitur:adeo
298 640 331 662 ut
342 629 486 662 videatur
497 640 580 673 aqua
593 640 630 661 ex
642 629 720 662 mari
736 625 803 674 ipso
821 638 877 674 per
894 626 1091 673 angustiores
1103 638 1206 660 arena:
1219 624 1264 660 ibi
1280 626 1438 675 compres-

54 677 238 713 ‚sae‘rneatus
256 675 316 710 sese
333 675 485 711 insinuare
500 705 509 719 ‚
524 681 556 712 &
572 675 639 709 salis
655 676 784 709 aculeos
802 677 833 709 in
845 677 881 708 iis
893 674 1044 722 angustiis
1057 675 1219 722 deponere
1233 689 1240 709 :
1253 675 1310 710 hos
1328 688 1439 711 autem

64 737 178 775 puteos
196 736 287 772 aquae
298 725 396 758 dulcis
414 729 446 760 &
458 727 540 758 rnari
552 726 674 758 vicinos
688 723 797 771 pass-m
812 735 977 757 occurrere
995 736 1061 757 non
1089 726 1283 770 negaverim.
1318 725 1390 759 Hos
1409 722 1439 758 se

62 773 169 810 vidiffe
181 773 358 822 complures
373 776 404 807 in
419 773 529 821 liguria
546 772 744 807 admonebat
761 771 962 811 D·Cassinus.
978 772 1040 806 Sed
1050 771 1158 806 nescio
1169 784 1209 806 an
1225 775 1270 807 ita
1289 771 1439 808 fintmari

54 825 201 872 proximi
215 836 223 858 :
240 823 355 856 deinde
370 825 401 857 in
420 821 531 869 liguria
543 821 645 856 nullus
658 832 711 855 aut
728 822 871 857 modicus
882 821 1060 854 admodum
1072 821 1117 854 est
1134 821 1239 856 aestus.

101 871 255 909 Sed-illud
267 869 308 904 ab
320 871 436 904 eodem
453 869 583 906 Caffino
594 869 800 904 observatum
811 871 972 917 praeterire
991 882 1062 903 uon
1077 868 1215 916 polium,
1231 872 1262 904 in
1281 869 1438 918 plerisque

63 919 141 955 locis
152 924 218 968 agri
231 918 418 954 Mutinensis
432 947 443 961 ‚
462 924 494 954 δ(
510 917 717 953 Bononiensis
744 916 805 953 effe
821 917 929 952 fontes
950 917 1097 952 salientes
1120 918 1318 965 &profundis
1335 923 1439 967 puteis

63 969 228 1011 oriundos,
238 971 278 1002 eo
292 968 424 1015 quidem
442 967 589 1004 artificio.
601 970 735 1003 Terram
750 966 906 1002 effodiunt
913 967 1022 1001 donec
1034 979 1117 1013 aqua
1135 979 1278 1002 occurrat
1288 970 1319 1002 in
1333 971 1439 1017 puteis

64 1016 288 1053 communibus
320 1017 462 1064 stagnans
484 1033 493 1060 3
520 1028 605 1054 eam>
624 1019 749 1064 penitus
782 1016 991 1058 exhauriunt3
1014 1026 1082 1049 tum
1106 1015 1184 1049 duos
1205 1029 1313 1050 muros
1336 1017 1438 1065 cylin-

63 1067 182 1108 dricos‚
200 1068 465 1105 &concentricos
477 1067 560 1099 intus
572 1075 739 1106 extruunt«,
748 1064 908 1111 utriusque
921 1064 1121 1098 interstitium
1136 1064 1249 1112 argilla
1270 1065 1354 1100 bene
1369 1065 1441 1100 sub-

64 1116 135 1150 aeta
153 1113 310 1162 implent,
324 1125 359 1147 ut
379 1113 578 1161 scaturigines
597 1112 855 1147 circumfluentes
875 1123 1017 1146 arceant.
1033 1113 1162 1146 Deinde
1177 1112 1268 1147 altius
1283 1113 1441 1149 effodiunt

66 1173 203 1205 tetram3
224 1168 255 1199 ἅ·
276 1163 463 1197 interiorem
485 1161 756 1197 muruminferius
778 1163 979 1202 continuant,
998 1161 1103 1194 donec
1122 1171 1204 1194 terra
1224 1160 1385 1209 subjecta,
1407 1165 1440 1197 vi

64 1223 154 1259 aquae
165 1210 269 1245 subtus
283 1210 477 1245 scaturientis
488 1208 697 1244 intumescere
710 1210 868 1244 videatur.
883 1210 958 1242 Hoc
969 1207 1068 1242 solum
1081 1237 1090 1251 ‚
1100 1208 1150 1242 seu
1168 1220 1284 1243 terram
1309 1211 1442 1258 praelon-

64 1272 104 1308 ga
119 1259 245 1294 terebra
259 1259 444 1307 perforant·,
463 1263 499 1294 ὃς·
513 1258 602 1293 Εᾶο
616 1257 775 1292 foramine
794 1258 899 1292 statim
913 1269 996 1303 aqua
1014 1268 1130 1304 magna
1145 1259 1174 1290 vi
1194 1262 1334 1306 erumpit
1348 1289 1357 1302 ,
1372 1272 1442 1306 quae

64 1321 131 1344 non
144 1320 273 1356 puteum
284 1307 384 1342 modo
401 1307 531 1354 implet,
549 1305 598 1340 sed
617 1307 780 1341 exundans
803 1308 936 1354 perenni
954 1303 1039 1340 fluxu
1051 1317 1198 1353 campum
1224 1309 1343 1355 irrigat.
1373 1308 1442 1355 lpse

65 1359 108 1393 D.
121 1355 266 1392 Caffiuus
279 1358 311 1390 in
321 1368 390 1390 arce
403 1355 527 1390 Vrbina
544 1355 671 1390 fontem
681 1356 743 1400 ad5
767 1356 885 1402 pedum
897 1354 1097 1388 altitudinem
1110 1353 1196 1401 supra
1209 1354 1264 1389 soli
1276 1356 1441 1404 planitiem

67 1405 200 1448 extulit3
216 1405 300 1439 unde
315 1407 346 1439 in
358 1403 532 1450 subjectum
548 1415 602 1438 vas
618 1415 836 1438 marmoreum
855 1404 894 1437 ad
913 1403 1000 1436 usum
1016 1403 1183 1438 hominum
1206 1416 1297 1451 aquae
1321 1404 1442 1440 deflue-

66 1452 140 1490 bat:
153 1466 190 1488 ac
208 1453 290 1488 tubis
299 1452 449 1487 adhibztis
469 1463 553 1498 aqua
565 1450 663 1498 usque
677 1451 717 1485 ad
738 1451 897 1486 tetstorum
915 1450 1053 1486 culmina
1071 1454 1175 1498 potuit
1189 1451 1369 1489 ascendere.
1398 1453 1442 1489 ll..

66 1501 119 1538 lud
128 1514 238 1537 autem
252 1499 323 1536 sa'tis
336 1500 559 1548 estprobabile
569 1512 621 1534 eas
635 1512 786 1547 aquarum
797 1499 995 1547 scaturigines
1011 1511 1049 1533 ex
1062 1500 1233 1547 Apennino
1245 1514 1368 1545 monte,
1384 1505 1442 1549 qui

67 1552 179 1586 decem
197 1550 264 1585 fere
277 1549 469 1585 milliaribus
480 1549 553 1583 hinc
564 1549 676 1591 distat,
691 1561 746 1595 per
764 1547 982 1582 subterraneos
997 1559 1121 1581 meatus
1142 1548 1264 1584 delabi.
1289 1553 1368 1586 Non
1382 1550 1442 1584 dis.

67 1598 160 1635 simili
169 1598 309 1633 artificio
319 1603 352 1634 in
362 1598 486 1633 Austtia
502 1597 654 1631 inferiore
667 1608 737 1644 quae
759 1597 849 1630 stiriae
863 1595 1026 1631 montibus
1043 1598 1177 1644 cingitur
1189 1625 1199 1639 ,
1209 1597 1318 1632 incolae
1330 1601 1379 1633 uti
1394 1597 1443 1632 so-

68 1646 139 1684 lent
157 1659 190 1682 ut
201 1659 316 1694 puteos
334 1658 414 1694 aqua
435 1645 600 1692 impleant.
621 1647 754 1680 Terram
768 1643 865 1692 usque
878 1645 916 1678 ad
929 1659 966 1681 20
974 1655 1028 1678 aut
1045 1658 1076 1688 25
1091 1645 1209 1692 pedum
1225 1645 1443 1689 altitudinem,

68 1697 145 1731 dum
162 1695 272 1744 argilla
285 1693 680 1737 occurrat,effodiunt‚tnrn
691 1693 830 1740 lapidem
840 1695 872 1728 in
885 1694 994 1727 medio
1005 1693 1200 1740 pertundunt
1212 1694 1249 1727 ad
1264 1708 1277 1740 ς
1291 1706 1345 1729 aut
1359 1703 1378 1730 6
1394 1696 1442 1729 di-

55 1747 211 1793 gitorum
226 1744 444 1786 latitudinem3
457 1741 629 1790 subje&am
643 1742 786 1789 argillam
801 1740 964 1776 terebrant
979 1770 988 1784 ‚
1003 1744 1106 1776 donec
1116 1754 1186 1776 cum
1198 1744 1325 1791 impetu
1336 1756 1443 1778 erum..

69 1805 124 1842 pat
142 1805 234 1840 aqua.
251 1796 298 1827 Ita
314 1795 346 1827 in
360 1792 533 1827 Academia
545 1803 643 1838 nuper
655 1790 820 1825 referebat
829 1793 888 1825 Vir
899 1788 1024 1825 Clariis.
1041 1794 1080 1826 D.
1099 1790 1249 1826 Blondel.

55 1877 57 1879 ,
104 1842 216 1889 fraque
226 1841 303 1876 illud
318 1840 401 1875 ultro
412 1838 614 1875 concefferim
632 1839 738 1873 fontes
749 1839 904 1887 plurimos
925 1851 962 1873 ex
973 1839 1099 1887 pluviis,
1114 1844 1146 1874 ὅ(
1161 1838 1269 1874 fluviis
1284 1842 1358 1873 oriri
1373 1839 1444 1876 :sed

70 1900 174 1924 utrum
189 1892 300 1924 eadem
309 1889 347 1924 [it
360 1890 505 1923 omnium
515 1889 607 1934 origo
618 1916 627 1930 ,
639 1887 774 1922 multum
787 1888 928 1936 ambigo.
948 1890 992 1923 Ac
1007 1887 1075 1922 fieri
1092 1888 1197 1934 potest
1209 1901 1243 1922 ut
1254 1887 1399 1935 plerique
1411 1891 1446 1924 in

73 1949 160 1973 terrae
178 1938 339 1985 profundo
357 1937 415 1972 sint
436 1936 540 1978 lacus,
553 1947 606 1970 aut
619 1935 738 1984 ab-yffi,
757 1949 794 1971 ex
820 1938 935 1984 quibus
946 1937 1055 1971 fontes
1076 1937 1237 1970 interdum
1262 1948 1446 1985 emergunt,

72 1998 145 2020 cum
163 1998 247 2032 aqua
257 1988 288 2020 in
304 1997 437 2033 vapores
449 1995 649 2019 extenuatur.
666 1986 764 2021 Unde
786 1988 872 2020 enim
887 1988 1012 2033 aquain
1025 1984 1145 2019 fodinis
1158 1986 1256 2019 etiam
1267 1985 1446 2031 profundis,

58 2040 106 2070 -ἃ
117 2033 193 2082 saepe
203 2034 284 2068 ultra
298 2048 357 2069 100
371 2034 551 2080 hexapedas
564 2036 699 2068 occurrit
713 2043 726 2069 Ξ
738 2036 818 2068 Haec
829 2034 901 2069 sane
914 2037 966 2068 vix
979 2033 1255 2080 &pluviismedum
1269 2033 1288 2068 ἐι
1305 2033 1446 2069 flumini-

57 2082 132 2119 ,bus
144 2095 273 2117 manare
286 2082 399 2129 potest.
412 2084 498 2115 Hinc
513 2079 597 2114 densi
613 2093 754 2128 vapores,
765 2085 821 2129 qui
839 2095 876 2117 ex
894 2083 971 2118 locis
982 2081 1242 2130 profundioribus
1256 2094 1442 2129 erumpunt.

116 2129 271 2166 Adversus
283 2143 320 2164 ea
337 2142 405 2178 quae
415 2129 454 2162 de
471 2128 610 2163 fontium
625 2157 635 2172 ‚
650 2135 682 2166 ὃ(
696 2129 865 2166 fluminum
888 2133 1011 2180 origine
1029 2131 1164 2165 diximus
1180 2159 1190 2174 ‚
1205 2130 1306 2165 multa
1324 2133 1447 2178 opponi

75 2192 141 2216 non
158 2192 283 2229 ignoro.

134 2233 174 2264 1⁰.
196 2232 226 2262 ln
244 2227 433 2275 quibusdam
452 2238 541 2262 terrae
554 2226 631 2262 locis
647 2238 758 2273 magna
774 2226 833 2260 effe
855 2226 985 2263 flumina
998 2255 1008 2270 ,
1027 2226 1150 2262 tametfi
1167 2238 1238 2262 raro
1252 2255 1262 2270 ,
1289 2236 1344 2259 aut
1365 2237 1446 2261 nun-

77 2289 172 2324 quam
184 2279 215 2311 in
227 2279 262 2310 iis
273 2276 455 2325 regionibus
468 2276 554 2324 pluat
568 2304 577 2316 ,
596 2287 631 2310 ut
649 2276 679 2308 in
690 2278 839 2322 AEgypm.

111 2326 201 2363 Relir.
218 2325 280 2359 Vel
300 2339 339 2359 eo
353 2325 415 2358 loti
431 2324 545 2359 fluvios
557 2338 621 2358 non
637 2324 836 2357 continenter
852 2323 948 2358 fluere
963 2341 972 2367 3
987 2337 1041 2359 aut
1052 2335 1137 2357 certe
1159 2334 1270 2356 eorum
1286 2321 1394 2358 fontes
1412 2325 1446 2359 in

58 2406 62 2409 .
79 2374 118 2408 iis
129 2373 185 2410 effe
200 2373 385 2423 regionibus
396 2401 405 2417 ,
422 2386 498 2422 quas
508 2373 624 2422 largior
642 2369 747 2407 imber
756 2371 937 2420 perfundit.
960 2375 1013 2408 Sic
1029 2372 1123 2409 Nilus
1141 2375 1225 2417 cujus
1240 2374 1332 2420 origo
1347 2372 1390 2407 est
1412 2374 1445 2408 in

1158 2422 1218 2455 Xx
1243 2421 1263 2466 ij
