1878 2724
375 173 379 178 ’
394 162 459 204 546
946 151 970 187 Ρ
986 148 1020 187 H
1032 147 1063 186 Y
1071 151 1093 186 S
1105 149 1120 185 1
1132 148 1208 187 CAE
1250 153 1253 157 ’
1372 197 1377 200 -

395 217 507 242 nuum.
525 199 626 240 Pisces
641 199 720 236 veri>
730 198 855 236 facilius
870 197 913 235 ab
926 211 1009 247 aqua
1023 196 1248 242 sustentantur,
1262 197 1361 246 quirin
1371 209 1430 234 nos
1443 197 1464 235 ὲ
1479 200 1574 236 terra.
1598 198 1678 238 Non
1690 201 1780 240 enin}

395 254 613 301 defatigantur
625 251 757 299 proprio
765 250 888 297 gravati
898 250 1041 298 pondere
1056 277 1066 293 ,
1078 259 1132 284 aut
1145 246 1292 296 subjectat
1303 259 1409 297 partes
1420 247 1512 283 dorso
1526 253 1560 285 &
1569 247 1698 298 scapulis
1709 262 1780 299 pre.

397 313 527 338 muntur
540 327 550 342 ,
574 311 629 333 aut
646 297 783 347 pedibus
800 298 948 346 indigent
964 311 972 334 ε
990 309 1065 332 nam
1084 308 1187 346 partes
1213 298 1355 344 undique
1380 296 1503 332 libratae
1525 309 1590 332 non
1610 301 1779 348 gravirant.

399 352 487 385 Hinc
500 351 619 396 majora
638 345 764 396 possunt
777 345 837 382 effe
847 346 976 395 piscium
990 359 1124 395 corpora
1134 375 1143 390 ‚
1155 345 1254 393 quam
1273 346 1468 382 terrestrium
1483 347 1680 382 *animalium
1703 375 1720 392 ,.
1741 359 1778 385 ut

397 397 546 434 observat
559 396 708 432 Galilaeus
717 425 728 441 ‚
741 396 830 444 quod
842 398 1007 445 proprium
1017 396 1142 444 pondus
1156 394 1306 432 sustinere
1323 407 1391 432 non
1407 406 1563 444 cogantur
1586 394 1631 431 ob
1654 396 1778 444 aequili-

397 447 506 482 brium
525 459 598 481 cum
615 458 708 494 aqua.
828 450 830 454 '

434 498 510 532 Hoc
523 493 868 543 utique.aequilibrium
880 506 1008 530 tuentur
1023 493 1132 531 veficae
1142 506 1214 529 aere
1223 493 1326 543 plenae
1340 504 1394 536 ,ut
1406 493 1531 542 pondus
1545 495 1686 529 carnium
1698 497 1779 531 aeris

396 546 532 580 levitate
544 543 710 593 pensetur.
728 545 829 592 quue
849 546 881 579 in
896 544 1073 579 Academia
1091 544 1244 579 Medicea
1272 542 1478 578 observatum
1489 542 1568 586 fuit,
1589 541 1781 590 piscem—cu-

392 599 438 642 jus
453 591 550 628 vefica
564 605 658 628 aerea
666 591 810 642 disrupta
821 593 926 629 fuerat
939 595 971 628 in
990 605 1093 628 vacuo
1104 591 1278 629 Torricelli
1320 604 1354 627 er
1364 617 1366 621 -
1377 591 1519 626 mense-m
1537 602 1698 640 integrum
1717 605 1781 641 quo

382 645 479 678 *vixit
489 644 523 677 in
533 642 652 691 piscina
665 670 675 684 ,
689 654 756 678 non
766 640 902 690 potuilse
913 642 1056 677 natando
1074 641 1243 676 ascendere
1256 669 1266 685 ,
1281 605 1339 676 ,(ξά
1350 641 1507 689 v,rependo
1522 642 1554 675 in
1569 652 1660 687 aquae
1677 639 1780 677 fundo

393 692 518 739 semper
533 689 740 740 progressum.
750 692 921 727 Ostreacei
933 690 1031 737 pisces
1043 720 1053 735 ‚
1064 689 1234 739 conchylia
1246 719 1257 734 ‚
1274 689 1385 734 [οἱς-ε,-
1394 692 1514 737 quique
1528 691 1560 724 in
1575 688 1678 724 fundo
1687 693 1782 726 maris

392 753 451 776 aut
463 739 598 776 fluminis
610 739 734 788 semper
744 740 982 789 degunt‚ves1ca
995 751 1088 774 aerea
1102 740 1395 777 destituuntumer
1409 740 1447 773 iis
1459 737 1600 774 vesiculis
1611 740 1781 776 contentus

399 790 494 826 facile
504 791 730 838 comprimitur
738 788 758 825 ἐι
773 789 888 824 validis
899 788 1046 824 musculis
1055 790 1111 836 qui
1123 799 1269 823 ventrem
1278 786 1443 832 ambiunt3
1454 786 1505 822 sed
1519 787 1688 835 quomodo
1698 790 1723 823 is
1733 789 1785 824 di.

395 839 489 873 latari
499 851 599 886 queat
612 867 621 882 ‚
630 838 727 887 paulo
737 837 899 873 obscurius
913 838 1043 872 videtur
1055 866 1064 881 ‚
1083 835 1138 872 nisi
1147 837 1232 873 forte
1241 849 1276 872 ut
1285 849 1370 872 utres
1385 837 1547 872 constricti
1558 834 1711 872 inclusum
1729 849 1784 872 ae-

394 901 463 922 rem
481 887 625 930 densant,
641 889 699 934 qui
713 886 841 922 rarescit
853 886 953 921 fasciis
968 886 1080 921 laxatis
1092 888 1155 929 ‚ita
1173 884 1281 921 vesica:
1296 898 1397 920 aereae
1411 884 1535 933 semper
1544 884 1564 918 ὲ
1574 884 1722 920 musculis
1731 888 1783 922 ni.

396 940 498 972 mium
507 936 682 971 constrictae
698 936 873 971 identidem
888 935 1052 970 solvantur
1063 963 1073 979 ,
1082 940 1122 972 -&
1136 934 1269 969 inclusus
1280 946 1336 968 aet-
1346 936 1376 968 vi
1389 933 1517 968 clastica
1534 932 1694 970 dilatetur.
1719 935 1787 971 Aut,

394 987 502 1034 potius
523 984 640 1020 [ursum
666 985 846 1019 identidem
870 984 1042 1019 ascendunt
1055 1012 1065 1027 ‚
1082 996 1149 1031 quo
1161 995 1282 1019 novum
1294 982 1440 1018 hauriant
1462 994 1579 1017 aerem.
1606 982 1642 1015 1d
1666 984 1709 1017 ita
1724 983 1786 1019 effi:

397 1047 437 1069 ex
446 1047 487 1069 eo
502 1036 618 1081 conjici
634 1034 755 1081 potest,
767 1033 855 1080 quod
867 1035 899 1068 in
911 1032 1015 1068 fundo
1027 1031 1182 1067 stomachi
1196 1030 1317 1067 defluat
1326 1029 1449 1066 subtilis
1459 1030 1568 1066 vesica:
1580 1028 1726 1077 tubulus;
1739 1043 1788 1068 at-

393 1085 502 1131 quein
520 1094 621 1117 vacuo
640 1081 767 1117 &vesica
779 1083 948 1117 exinanita
957 1081 1137 1129 complures
1157 1082 1238 1114 aeris
1257 1079 1413 1127 ampullas
1428 1082 1569 1116 emittat.

433 1146 461 1168 2.
476 1133 587 1167 Pinnae
609 1131 784 1179 superiores
802 1132 835 1165 in
848 1129 986 1178 piscibus
1004 1129 1126 1165 alarum
1140 1129 1274 1176 quidem
1285 1130 1370 1162 vices
1385 1141 1449 1163 non
1460 1128 1602 1164 obeunt:
1617 1142 1688 1165 cum
1699 1131 1786 1167 enim

395 1180 454 1217 sint
465 1179 582 1215 breves
597 1209 607 1223 ‚
622 1180 745 1223 strickae,
762 1179 902 1223 flexiles,
916 1191 960 1213 ea:
974 1179 1126 1214 videntur
1136 1180 1240 1213 minus
1251 1188 1336 1225 aptae
1350 1178 1389 1211 ad
1402 1190 1521 1225 aquam
1535 1180 1787 1225 percutiendam.

399 1229 497 1268 Unde
509 1227 705 1265 &lateribus
723 1231 865 1263 immotae
880 1225 1091 1262 adhaerescunt
1105 1255 1114 1270 ‚
1142 1232 1177 1264 &
1199 1226 1428 1262 tantummodo
1448 1227 1672 1276 expanduntur
1684 1256 1695 1272 ,
1711 1241 1787 1264 cum

399 1279 540 1314 directus
564 1278 673 1312 motus
685 1275 830 1320 infleffi,
847 1287 902 1312 aut
920 1278 1061 1324 extingui
1080 1274 1182 1310 debet
1194 1303 1204 1319 ,
1225 1286 1262 1309 ut
1278 1277 1392 1310 innixis
1416 1287 1579 1310 remorum
1600 1276 1679 1324 palis
1697 1279 1788 1326 iuper

400 1340 517 1375 aquam
531 1326 731 1375 stagnantem
740 1329 834 1362 navis
847 1328 985 1373 impetus
999 1325 1188 1360 retardatur.
1215 1324 1315 1361 Unde
1335 1323 1462 1359 resectis
1482 1325 1531 1360 his
1547 1327 1653 1374 pinnis
1669 1324 1788 1375 piscem

399 1389 490 1425 aeque
507 1375 707 1410 velociterin
721 1387 834 1411 omnes
846 1386 952 1423 partes
971 1373 1048 1409 ferri
1068 1372 1255 1408 observavit
1269 1371 1422 1407 Borellus.

438 1441 460 1472 3.
474 1425 536 1460 Sed
551 1427 657 1472 pinnae
670 1424 837 1472 duplicatae
855 1426 892 1459 in.
902 1435 1014 1458 ventre
1031 1421 1146 1457 infimo
1158 1422 1322 1457 collocarae
1339 1421 1437 1456 alium
1449 1420 1571 1457 habent
1587 1421 1698 1459 usum:
1724 1423 1789 1458 His

402 1477 490 1510 enim
503 1485 535 1508 ut
550 1473 658 1508 fulcris
674 1502 683 1516 ,
692 1485 794 1508 utnos
804 1471 940 1521 pedibus
950 1473 1128 1506 innituntur
1137 1500 1146 1514 ,
1158 1483 1194 1509 ut
1205 1471 1235 1506 se
1251 1473 1376 1518 erigant
1388 1498 1398 1514 ‚
1416 1482 1524 1517 eaeque
1537 1474 1678 1519 corporis
1694 1471 1795 1507 vacil.

401 1524 540 1558 lationes
551 1524 722 1570 corrigunt·
732 1523 843 1559 Unde
858 1521 909 1556 his
919 1520 1044 1556 resectis
1060 1519 1237 1554 vacillabat
1247 1519 1338 1567 piscis
1353 1517 1453 1554 modo
1466 1518 1506 1553 ad
1520 1519 1675 1564 dextram,
1688 1519 1789 1556 modo

402 1574 442 1607 ad
455 1571 605 1608 suiistram
617 1600 626 1615 ,
640 1583 722 1619 pene
738 1582 777 1606 ut
790 1570 895 1604 ebrius
904 1582 982 1604 mox
992 1568 1126 1604 casurus.
1143 1573 1179 1604 In
1195 1567 1330 1616 piscibus
1342 1570 1428 1602 enirn
1441 1579 1552 1602 contra
1561 1580 1659 1616 atque
1674 1572 1708 1604 in
1718 1571 1790 1604 avi-

402 1621 459 1656 bus
470 1633 540 1669 pars
550 1622 678 1669 gravior
696 1619 807 1656 offium
826 1624 860 1656 δε
872 1616 1000 1666 copiosa
1010 1630 1085 1651 caro
1098 1621 1130 1653 in
1140 1617 1233 1652 dorso
1245 1616 1344 1664 posita
1355 1618 1398 1651 est
1407 1645 1416 1660 ‚
1429 1615 1536 1651 veficae
1546 1629 1647 1653 aereae
1660 1620 1692 1654 in
1705 1629 1788 1654 ven-

403 1682 450 1704 tre
462 1669 575 1705 infimo
586 1670 687 1704 :unde
696 1680 840 1704 centrum
849 1669 1016 1717 gravitatis
1031 1666 1117 1714 supra
1133 1667 1360 1715 magnitudinis
1371 1676 1517 1701 centrum
1533 1667 1567 1701 in
1582 1665 1674 1702 dorso
1685 1666 1790 1708 collo-v

403 1729 491 1753 catur
505 1747 514 1762 ‚
532 1723 567 1754 δε
581 1717 718 1753 artificio
732 1718 874 1764 quodam
889 1718 1058 1764 pinnarum
1076 1728 1138 1764 ope
1151 1718 1183 1750 in
1201 1714 1259 1750 situ
1269 1716 1379 1750 ετεᾶο
1398 1713 1428 1748 se
1443 1716 1625 1750 continent.

440 1781 474 1811 4.
503 1766 599 1802 Piscis
627 1767 728 1801 cauda
757 1765 891 1802 vibrata
923 1764 1021 1799 celeri
1046 1776 1138 1799 motu
1168 1765 1302 1799 excurrit
1318 1792 1328 1807 ‚
1361 1765 1496 1798 immota
1525 1762 1661 1810 quiescit
1679 1777 1688 1798 ε
1706 1762 1789 1798 adeo

405 1829 440 1851 ut
451 1816 555 1852 caudae
565 1814 707 1850 vibratio
723 1844 732 1858 ,
745 1827 798 1849 aut
810 1813 968 1848 contorfio
978 1812 1013 1847 sit
1023 1816 1179 1861 praecipua
1190 1812 1298 1847 morsis
1307 1811 1394 1846 causa
1411 1825 1420 1847 ε
1437 1810 1491 1846 ubi
1503 1823 1574 1845 eam
1588 1824 1661 1847 cum
1675 1822 1790 1846 ventre

394 1867 491 1899 recta
504 1864 801 1911 porrigit‚alteram
816 1866 958 1909 corporis
975 1863 1183 1896 medietatem
1195 1861 1297 1897 flectit
1315 1861 1355 1893 ad
1376 1860 1474 1893 latera
1492 1876 1500 1901 3
1519 1860 1658 1906 dumque
1672 1871 1790 1906 aqua-m

406 1912 520 1947 fortius
532 1911 686 1947 verberat
697 1940 706 1953 ,
724 1910 814 1944 simul
830 1915 862 1946 &
873 1923 985 1956 corpus
997 1922 1170 1956 promovet
1184 1923 1191 1943 :
1208 1922 1272 1944 non
1294 1909 1379 1943 secus
1396 1919 1496 1953 atque
1515 1909 1631 1942 accidit
1652 1909 1686 1942 in
1700 1910 1792 1943 navi-

406 1962 477 1995 cula
493 1989 503 2001 ‚
515 1972 612 2007 quam
623 1971 726 1993 remus
738 1958 914 1993 antrorsum
924 1969 1099 2004 promovet
1111 1986 1119 2000 ‚
1138 1958 1212 1991 dum
1225 1969 1342 2002 aquam
1359 1957 1512 2004 posticam
1529 1954 1663 2003 oblique
1677 1956 1792 2004 impel-

407 2010 455 2045 lit.
475 2005 780 2054 Tortuosoquidcm
793 2008 923 2041 tramite
942 2006 1044 2040 fertur
1065 2006 1209 2040 navicula
1224 2034 1234 2049 ‚
1254 2005 1305 2040 sed
1318 2017 1355 2038 ea
1379 2004 1554 2039 declinatio
1569 2005 1673 2040 statim
1692 2006 1793 2040 corri-

406 2062 491 2108 gitur
508 2070 563 2092 aut
572 2068 664 2091 motu
675 2057 848 2098 contrario,
865 2067 919 2090 aut
930 2067 1001 2089 cum
1013 2066 1117 2088 remus
1136 2057 1166 2089 in
1179 2054 1233 2089 situ
1244 2053 1382 2101 obliquo
1393 2056 1550 2088 retinetur
1561 2082 1570 2096 ,
1589 2065 1626 2088 ut
1636 2051 1795 2101 guberna·

408 2108 470 2142 cu¹i
485 2108 574 2142 vices
593 2117 661 2139 tum
672 2104 771 2139 obeat
782 2119 790 2140 z
803 2104 889 2139 unde
901 2115 1138 2138 momentaneae
1155 2103 1213 2138 illae
1222 2104 1425 2137 deviationes
1450 2104 1502 2136 vix
1521 2103 1645 2136 adverti
1657 2101 1790 2149 possunt.

410 2157 448 2190 Id
466 2158 573 2202 itaque
588 2154 677 2188 estin
692 2153 773 2200 pisce
790 2154 886 2187 cauda
897 2182 906 2196 ,
916 2153 1003 2199 quod
1021 2163 1123 2187 remus
1136 2156 1168 2187 in
1181 2153 1335 2188 navicula.
1347 2154 1389 2186 Ea
1398 2163 1527 2197 quoque
1538 2150 1582 2184 est
1592 2150 1712 2198 ampla,
1728 2149 1792 2185 fle-

409 2204 515 2241 xibilis
527 2233 536 2247 ‚
555 2215 595 2238 ex
604 2203 735 2251 virgulis
745 2202 958 2250 cartilagineis
973 2199 1147 2248 composita
1158 2231 1167 2244 ‚
1188 2213 1266 2248 quas
1278 2199 1400 2235 subtilis
1414 2198 1602 2234 membrana
1615 2201 1791 2243 connectit,

411 2254 478 2288 fere
490 2265 525 2290 ut
539 2253 636 2300 pedes
646 2250 798 2287 anserum.
815 2251 928 2286 Cauda
941 2252 1032 2297 igitur
1042 2261 1158 2296 aquam
1171 2250 1246 2285 hinc
1261 2249 1334 2284 inde
1346 2246 1496 2283 verberat
1507 2276 1515 2291 ,
1532 2248 1608 2282 dum
1623 2248 1741 2283 inflexa
1755 2253 1790 2285 &

412 2305 517 2337 innixa
532 2301 741 2349 posteriorem
757 2312 873 2347 aquam
893 2297 1042 2345 impellit.
1057 2301 1143 2334 Tum
1159 2310 1250 2334 motu
1261 2299 1421 2332 contrario
1437 2309 1505 2342 qua:
1518 2295 1669 2343 praecessit
1680 2297 1790 2330 devia-

413 2354 479 2393 tio,
496 2351 600 2385 statim
610 2350 817 2391 emendatur3
832 2349 969 2382 temonis
982 2359 1036 2380 aut
1057 2346 1264 2395 gubernaculi
1276 2358 1386 2382 munus
1404 2346 1523 2393 praestat
1538 2343 1701 2387 flectendo
1718 2356 1789 2387 cut.

413 2399 478 2434 sum
494 2401 526 2436 in
536 2401 683 2439 dextram
700 2409 758 2453 :aut
773 2395 927 2434 sinisti-am
943 2406 1081 2445 partein.
