1878 2724
536 121 561 162 P
575 124 603 160 A
623 119 655 160 R
670 122 693 161 S
744 121 775 162 ‘T
791 120 816 161 Ε
829 120 863 160 R
879 122 910 160 T
923 126 939 159 1
954 126 993 164 A.
1419 143 1434 166 2

94 176 156 214 sed
171 206 181 221 ‚
196 175 347 222 inquiunt
357 203 366 218 ‚
380 172 485 210 omnis
498 171 709 210 fermentatio
725 187 799 209 cum
816 174 956 210 humoris
970 174 1098 220 alictijus
1116 175 1294 212 secretione
1313 144 1450 226 conjusn}

60 228 110 264 &a
123 227 171 261 est
184 255 194 270 ,
203 226 280 260 utin
292 226 371 259 vino
387 224 455 272 post
466 223 754 259 fermentationem
766 223 852 259 feces
863 222 1032 260 subsidunt.
1054 224 1152 261 Nulla
1165 237 1261 273 porro
1271 226 1313 260 est
1323 229 1354 261 in
1365 226 1448 261 mus-

49 275 138 311 [culis
157 265 313 320 ejusmodi
328 272 479 318 secretio,
497 284 556 307 nec
569 271 738 308 verisimile
762 273 808 307 est
829 271 970 308 infinitas
993 285 1095 322 prope
1106 274 1366 310 effervescentias
1382 288 1448 311 tam

50 323 168 360 :subito
186 321 279 358 effici.

52 381 65 401 1‘
93 375 185 422 Resp.
197 372 494 406 Fermentationem
511 370 619 414 illam,
640 368 661 405 si
680 381 751 417 quae
764 367 799 405 fit
815 399 825 414 ‚
840 370 1014 406 admodum
1030 371 1137 407 lenem
1155 377 1187 409 &
1205 371 1363 420 placidam
1379 373 1448 405 exi-

59 421 141 458 stete
160 439 170 466 3
189 431 295 468 neque
308 420 340 454 id
352 431 466 456 verum
485 420 529 454 est
544 422 578 455 in
599 421 689 454 omni
704 418 956 455 fermentatione
974 419 1060 454 feces
1079 420 1231 456 subfidere
1249 435 1256 455 :
1272 434 1346 455 cum
1359 421 1448 454 enim

59 470 137 506 oleo
148 470 271 505 vitrioli
286 481 368 515 aqua
383 467 556 504 affunditur
567 497 577 512 ‚
596 467 683 503 calor
703 471 840 517 emergit
857 470 936 503 citra
949 467 1048 504 ullam
1064 472 1200 518 partium
1218 468 1449 505 secretionem:

85 532 133 555 uae
148 521 245 554 etiam
258 516 280 552 fi
292 518 400 565 aliqua
412 515 499 562 effer,
509 530 565 567 per
581 516 858 566 transpirationem
869 516 1079 553 insensibilem
1093 531 1148 554 aut
1160 517 1231 555 vasa
1241 517 1450 568 lymphatica,

59 532 104 603 :ie
121 567 237 616 quibus
253 567 364 616 postea
375 595 385 609 ‚
402 577 458 601 aut
470 578 567 603 venas
583 565 663 614 ipsas
685 564 754 602 fieri
774 565 887 615 postet.

99 618 187 667 Opp.
202 624 249 654 2⁰.
266 617 346 653 Non
358 614 458 650 solum
470 627 656 652 mucronem
669 615 771 650 cordis
785 613 948 651 abscissum
960 644 969 658 ‚
993 614 1043 650 sed
1058 617 1156 650 etiam
1168 616 1327 652 musculos
1339 627 1395 651 aut
1414 615 1451 651 fi-

60 666 134 702 bras
146 678 258 701 eorum
270 664 404 700 resectas
413 663 603 713 plerumque
617 665 783 701 contrahi:
804 666 953 713 quamvis
972 676 1032 700 nec
1053 663 1176 713 sanguis
1198 677 1254 715 per
1273 668 1425 700 arteriam
1442 694 1452 709 ‚

60 727 123 752 nec
136 717 214 750 novi
225 715 347 764 spiritus
360 726 416 762 per
427 725 544 748 nervos
557 711 704 750 affluant.

95 764 186 813 Resp.
202 766 237 799 In
250 762 394 798 musculis
408 762 579 812 particulas
597 764 747 798 mottices
760 766 794 799 δε
809 762 948 797 elasticas
971 764 1150 806 contineri5
1171 774 1243 809 quae
1265 762 1453 812 perturbata

61 813 208 849 animalis
219 814 401 847 oeconomia
414 824 520 848 motus
531 812 601 847 suos
612 811 813 847 continuant:
825 810 947 846 tametsi
957 824 1030 846 cum
1040 824 1089 846 res
1101 811 1186 847 bene
1198 810 1227 846 se
1237 811 1364 856 habet‚a
1371 814 1453 848 &io-

63 874 119 897 nes
130 859 194 896 suas
205 873 258 896 aut
269 873 376 896 motus
387 873 453 896 non
463 872 596 896 exerunt
606 889 616 903 ,
632 859 687 896 nifi
698 871 834 908 accepto
844 859 865 895 ἐι
875 859 1009 895 cerebro
1018 873 1075 908 per
1085 872 1202 896 nervos
1214 862 1362 909 imperio.
1378 864 1453 898 Nec

62 909 150 945 deest
165 912 198 945 in
217 910 306 945 fibris
324 912 467 952 carneis,
490 908 678 958 autssnguis
691 937 700 951 ,
717 919 774 943 aut
792 908 896 944 succus
911 921 950 944 ex
972 921 1013 943 eo
1027 908 1162 944 secretus
1179 912 1234 956 qui
1261 910 1320 946 hos
1344 922 1452 945 motus

62 967 265 1008 promoveat.
284 961 398 1005 Itaque
412 957 537 1007 spiritus
562 957 644 993 infiti
662 955 786 992 sublato
805 970 878 993 cum
902 956 1011 993 influis
1033 959 1231 993 commercio
1249 972 1306 1007 per
1318 959 1453 1007 aliquod

63 1019 193 1056 tempus
207 1007 316 1043 solitos
327 1018 434 1043 motus
446 1018 593 1045 exerunt.
606 1004 732 1042 Verum
742 1007 773 1042 id
791 1006 889 1043 rarius
900 1008 1013 1042 accidit
1023 1008 1057 1042 in
1069 1005 1214 1044 musculis
1228 1009 1453 1058 quiappetitui

64 1069 185 1106 parent.

104 1108 185 1142 Non
199 1103 354 1154 possumus
366 1103 513 1140 hocloco
531 1116 651 1140 novam
670 1104 760 1153 hujus
780 1103 891 1140 motfis
910 1103 1092 1152 explicandi
1111 1106 1270 1139 rationem
1290 1115 1389 1150 quam
1409 1108 1450 1141 D,

64 1156 218 1190 Perrault
237 1156 270 1189 in
291 1154 431 1188 traditam
445 1154 635 1189 'identidem
655 1153 675 1189 ὲ
693 1152 786 1189 nobis
808 1156 932 1197 citato,
964 1158 998 1189 δε
1018 1154 1051 1188 in
1063 1152 1277 1189 differtatione
1295 1153 1335 1188 de
1361 1166 1455 1189 motu

64 1203 263 1252 peristaltico
273 1202 386 1237 diserte
397 1207 432 1238 ὃς
446 1202 583 1237 dilucide
593 1203 734 1251 explicat
745 1229 754 1243 ‚
769 1200 892 1239 silentio
907 1204 1165 1251 praetermittere.
1183 1202 1216 1236 Id
1231 1202 1454 1251 pra-supponit,

63 1253 151 1300 quod
162 1251 204 1286 ab
218 1249 370 1287 omnibus
385 1251 454 1285 fere
464 1251 665 1295 conceditur,
678 1250 891 1287 musculorum
910 1252 1075 1286 afflonem
1088 1249 1240 1286 fibrarum
1254 1254 1452 1287 contractio-

65 1313 106 1337 ne
122 1303 295 1336 contineri.
305 1299 430 1335 Verum
439 1300 495 1335 has
508 1298 683 1348 fibrasquae
702 1298 874 1336 musculum
886 1299 1099 1343 contrahunt,
1110 1311 1207 1348 negat
1218 1298 1277 1334 effe
1295 1301 1454 1344 carnosas,

65 1350 117 1385 sed
131 1363 182 1384 eas
194 1351 299 1398 potius
309 1378 318 1393 ‚
333 1362 402 1397 quae
415 1361 488 1385 cum
500 1348 520 1385 ὲ
535 1348 720 1385 tendinibus
740 1349 910 1386 dimanent
923 1378 933 1393 ,
959 1348 1134 1385 musculum
1147 1348 1317 1384 involvunt
1328 1378 1338 1393 ,
1357 1356 1391 1387 &
1402 1353 1453 1385 in-

68 1401 185 1434 teriora
198 1399 283 1433 illius
299 1399 479 1447 pervadunt
491 1426 500 1442 ,
516 1411 647 1446 quaeque
661 1397 826 1434 filamenta
840 1397 892 1434 sua
906 1412 977 1434 cum
990 1397 1078 1434 fibris
1091 1396 1225 1433 carnosis
1238 1402 1452 1448 conjungunt.

65 1451 110 1484 Ea
126 1459 236 1483 autem
255 1446 451 1496 potiffimnm
469 1450 594 1483 ratione
608 1448 718 1483 duetus
739 1448 1000 1483 contractionem
1022 1446 1154 1482 musculi
1176 1446 1348 1482 tendinosis
1367 1447 1454 1484 fibris

66 1500 175 1546 potius
193 1497 292 1544 quam
304 1495 437 1533 carnosis
452 1496 566 1531 tribuit
576 1525 584 1539 ,
596 1497 683 1543 quod
695 1496 740 1531 hae
753 1494 843 1531 fibrae
860 1499 892 1532 in
911 1496 1071 1545 plerisque
1086 1495 1232 1531 musculis
1248 1494 1308 1530 fint
1320 1496 1454 1544 oblique

66 1552 102 1583 &
122 1544 461 1588 transverfimlocatae,
479 1558 544 1580 non
555 1547 587 1580 in
597 1545 729 1593 longum
741 1547 896 1593 potrestae
914 1559 922 1581 ι
942 1557 1015 1580 cum
1033 1544 1120 1580 fibra:
1143 1544 1314 1580 tendinosae
1335 1548 1366 1580 in
1387 1546 1455 1581 lon.

66 1608 142 1644 gum
165 1595 326 1643 produCtae
356 1595 498 1637 remelini,
519 1596 575 1641 qui
598 1592 773 1629 musculum
791 1606 864 1637 cum
882 1590 946 1629 offe
966 1596 1133 1629 connectit
1153 1623 1163 1637 ,
1196 1591 1368 1629 arestiffime
1399 1607 1455 1629 co-

69 1644 219 1680 haereant.
241 1647 353 1692 Quare
371 1643 427 1678 ubi
440 1643 673 1679 contrahuntur
690 1642 735 1677 hae
753 1641 858 1687 fibrae,
877 1640 964 1678 fimul
976 1641 1039 1678 offa
1058 1641 1242 1678 tendinibus
1259 1642 1382 1691 illigata
1403 1643 1455 1678 fa-

69 1693 131 1727 cile
147 1691 332 1728 abducunt:
345 1691 430 1727 fibrae
440 1690 518 1727 vero
529 1704 650 1727 carneae
665 1694 828 1728 contracta
842 1690 969 1727 musculi
980 1691 1172 1727 membrana
1184 1690 1262 1726 fiunt
1276 1690 1432 1726 firmiores
1445 1721 1455 1737 ‚

70 1753 178 1789 neque
188 1742 270 1776 adeo
279 1743 507 1777 commotionis
518 1740 672 1776 effeetum
683 1742 871 1789 impediunt.
881 1743 968 1778 Nam
978 1739 999 1775 si
1009 1740 1147 1777 laxiores
1163 1739 1263 1775 effent
1275 1770 1284 1784 ‚
1293 1740 1456 1788 compres-

52 1788 188 1826 ·‘fionem
209 1789 306 1838 ipsun
317 1791 503 1826 eluderent:
519 1790 636 1825 deinde
649 1792 681 1825 in
695 1801 785 1838 parte
800 1789 926 1826 carnosa
937 1789 1059 1839 spiritus
1071 1800 1284 1838 praeparantur
1298 1802 1337 1823 ex
1355 1789 1456 1825 subti-

70 1839 156 1874 lioris
169 1839 324 1888 sanguinis
334 1840 482 1875 mistione
499 1851 573 1874 cum
592 1838 702 1887 spiritu
723 1840 742 1876 ἒι
756 1839 890 1875 cerebro
911 1852 968 1886 per
989 1851 1105 1874 nervos
1125 1836 1289 1875 influente.
1311 1840 1457 1886 Utrique

71 1887 146 1923 huic
158 1891 283 1924 muneri
303 1888 455 1924 fibrarum
468 1887 602 1936 obliqua
615 1916 624 1931 ‚
637 1898 692 1923 aut
705 1887 875 1924 transversa
892 1887 1051 1937 dispositio
1065 1888 1108 1922 est
1121 1885 1278 1935 apziffima
1293 1915 1302 1930 ,
1318 1898 1352 1922 ut
1370 1890 1458 1924 exiis

71 1935 195 1984 spiritus
207 1939 240 1972 in
252 1936 474 1973 membranam
492 1950 563 1985 quae
575 1936 750 1973 musculum
771 1937 932 1982 involvit,
951 1935 1077 1972 facilius
1092 1947 1289 1972 commeent.

109 1985 214 2020 Fibras
233 1987 399 2021 tendineas
417 1992 450 2022 &
462 1985 685 2021 membranam
695 1985 794 2035 ipsam
806 1999 875 2033 quae
891 1986 1019 2021 musculi
1037 1985 1295 2020 estinvolucrurn
1307 2012 1316 2026 ,
1335 1997 1401 2020 non
1424 1996 1459 2020 ut

73 2033 172 2083 vulgo
184 2035 332 2077 creditur,
347 2033 398 2068 sed
412 2033 473 2068 alia
486 2039 519 2071 &
534 2037 692 2069 contraria
706 2037 832 2069 ratione
841 2035 990 2070 contrahi
1000 2033 1172 2069 arbitratur
1185 2036 1232 2067 vir
1244 2034 1365 2070 dootiss]
1381 2037 1459 2069 Vim

74 2082 260 2119 enimillam
271 2080 312 2117 sui
325 2083 570 2117 cmuracffiicem
593 2084 626 2117 in
647 2082 712 2130 ipso
728 2082 863 2118 elaterio
884 2082 1079 2118 membranae
1104 2088 1137 2121 ὃς
1155 2081 1308 2118 fibrarum
1325 2081 1460 2130 positam

75 2130 137 2167 effe
145 2132 313 2167 contendit
337 2132 437 2178 Qod
451 2133 564 2177 utique
574 2131 685 2166 motfis
696 2133 887 2180 principium
898 2143 964 2168 tarn
980 2130 1124 2169 naturale
1143 2132 1186 2166 est
1208 2130 1365 2179 plerisque
1387 2143 1460 2165 cor-

77 2180 324 2228 poribus‚quam
334 2182 474 2229 gravitas
486 2180 560 2229 ipsa.
574 2180 678 2227 quue
696 2182 730 2216 in
740 2180 953 2216 musculorum
970 2180 1167 2218 membranis
1179 2186 1210 2216 δι
1224 2179 1370 2215 funiculis
1380 2191 1463 2214 con-

52 2245 57 2249 ·
76 2229 218 2277 spicuum
230 2230 276 2264 est
289 2260 297 2274 ‚
313 2243 384 2264 cum
399 2227 485 2264 tensa
498 2258 506 2272 ‚
525 2235 558 2266 ὃς
573 2228 642 2277 plus
660 2243 750 2278 aequo
760 2229 893 2266 dilatata
911 2229 971 2266 sese
989 2233 1020 2266 in
1032 2230 1144 2264 statum
1155 2227 1330 2263 naturalem
1353 2227 1407 2263 vel
1426 2230 1460 2262 in

77 2278 285 2314 cadaveribus
299 2277 366 2327 ipsis
377 2279 550 2314 restituant.
566 2276 691 2313 Verum
706 2279 781 2322 ista,
799 2285 832 2316 &
845 2293 914 2326 quae
926 2279 1049 2327 subjicit
1061 2275 1280 2325 peringeniose
1296 2278 1461 2324 excogita-

79 2339 130 2374 ta,
149 2342 223 2365 cum
235 2328 351 2376 abipsa
363 2326 578 2363 musculorum
596 2328 744 2362 structura
758 2329 921 2376 pendeant
933 2359 942 2372 ‚
963 2342 1029 2363 non
1040 2325 1195 2375 poffumus
1208 2336 1243 2359 ut
1272 2336 1326 2372 par
1348 2324 1390 2359 est
1410 2336 1461 2359 ex-

80 2380 220 2425 pendere
229 2407 239 2424 ,
252 2381 332 2426 quin
346 2389 420 2415 ante
432 2376 680 2414 minusculorum
696 2374 819 2413 fabrica
832 2383 866 2416 δε
885 2376 954 2415 usus
970 2373 1153 2424 diligentins
1172 2372 1193 2409 iz
1214 2371 1310 2429 nobis
1332 2371 1391 2410 sint
1405 2386 1460 2409 ex-

1028 2438 1048 2446 κ
1168 2426 1243 2459 Vuu
1270 2427 1292 2470 lj
