1878 2724
568 131 597 175 1>
620 137 649 174 A
667 135 700 173 R
719 137 740 174 s
793 137 824 174 τ
837 140 861 174 E
876 139 909 174 R
923 140 979 177 ‘rt
996 141 1036 176 A.
1439 147 1459 177 ⁶

109 188 164 225 fos
175 184 209 224 in
225 195 325 223 venas
340 184 509 234 quasdam,
523 185 601 221 hinc
614 189 648 221 in
667 187 774 222 fontes
791 186 948 232 confluit3
968 201 1024 223 aut
1041 187 1146 223 succus
1160 187 1307 223 nutritius
1328 189 1360 224 in
1375 156 1492 236 plangi,

109 247 168 285 per
176 236 296 272 radices
305 265 315 282 ‚
328 241 362 274 δε
371 235 467 272 fibras
479 235 623 272 filtratur.
631 238 730 271 Hunc
741 248 849 271 autem
860 237 1017 287 sanguinis
1029 251 1084 286 per
1094 249 1203 272 carnes
1214 235 1393 285 spongiosas
1406 249 1494 273 tran-

108 284 200 321 situm
216 285 387 334 plurimum
403 285 534 333 adjuvat
541 287 695 320 continua
705 284 866 333 sanguinis
877 287 896 321 Ξι
909 299 1001 335 tergo
1014 289 1155 336 urgentis
1174 284 1288 334 pressio
1299 315 1308 329 ‚
1323 292 1356 323 ὃ(
1371 285 1493 322 muscu-

110 334 216 370 lorum
231 347 336 369 motus
349 332 491 370 tenswns.
512 336 599 369 Rem
610 333 688 368 verb
698 336 742 368 ita
756 334 817 369 effe
829 341 862 371 ὅς
874 333 1060 384 sanguinem
1071 348 1128 383 per
1145 347 1256 369 carnes
1274 347 1311 369 ex
1326 337 1447 369 arteriis
1462 337 1496 370 in

108 394 209 419 venas
220 395 384 432 permeare
395 412 404 426 ‚
421 383 495 418 hinc
512 383 663 431 colligere
673 382 831 431 possumus
840 413 850 427 ,
869 384 954 430 quod
968 383 1090 432 sanguis
1103 383 1288 430 ubicunque
1300 395 1428 418 carnem
1443 383 1497 420 vel

109 444 169 467 acu
183 434 353 482 pupugeris
364 461 372 475 ‚
384 431 510 467 effluat:
525 444 598 467 cum
609 444 719 467 tamen
729 433 783 466 vix
792 432 947 467 credibile
956 431 991 468 lit
1002 445 1100 468 venas
1109 444 1165 467 aut
1175 434 1306 466 arterias
1319 434 1363 467 ita
1377 445 1433 479 per
1446 445 1497 467 to-

110 491 180 516 tum
190 494 302 529 corpus
315 481 450 517 diffundi
460 510 469 525 ‚
487 493 522 515 ut
532 481 617 516 nulla
627 480 662 515 sit
672 493 742 528 pars
757 481 838 515 adeo
849 484 973 516 minuta
986 510 996 524 ,
1022 494 1098 529 qnae
1109 493 1191 516 vena
1204 509 1213 523 ,
1232 483 1347 515 arteria
1359 509 1368 524 ,
1385 487 1417 518 ὃς
1430 495 1496 517 ner-

110 543 154 564 vo
165 543 230 565 non
241 532 388 566 donetur.
422 532 585 578 roirca
594 542 661 564 non
671 530 732 564 alia
742 542 825 578 pene
842 533 968 565 ratione
981 531 1096 566 effusus
1112 529 1237 576 sangnis
1260 530 1280 565 a
1298 532 1387 565 venis
1406 533 1498 565 exci-

110 581 215 626 pitur,
233 579 334 625 quam
348 578 484 628 spongiae
497 607 506 622 ‚
522 578 625 614 tubuli
637 581 731 613 vitrei
743 607 752 622 ‚
772 577 854 613 filtra
865 576 1018 623 ‚funiculi
1032 586 1065 617 &
1078 578 1193 628 porosa
1205 591 1344 625 quaeque
1362 591 1500 625 corpora

109 640 230 674 aquam
239 627 489 677 sibicontiguarn
499 628 588 662 velut
601 626 890 676 exsugunrznempe
904 627 947 662 ob
961 629 1049 664 fluidi
1058 630 1264 677 gravitatem,
1277 633 1310 664 δε
1327 627 1498 675 impulsum

109 674 132 712 ὲ
147 678 182 713 vi
195 688 326 712 externa
337 677 532 726 profedhim.
542 679 632 713 Nam
647 689 681 711 ut
694 679 726 711 in
738 675 842 720 filtro,
861 680 904 711 ita
928 677 996 712 fere
1009 677 1166 725 sanguinis
1188 679 1325 724 impetus
1346 688 1432 710 retro
1446 689 1499 711 nr»

108 727 214 772 gentis
225 726 434 775 acceditJam
452 728 485 761 in
496 724 672 775 majoribus
681 727 771 761 venis
793 725 881 761 fibrae
894 725 1110 768 c-irculares‚&
1123 725 1260 761 valvulae
1271 725 1354 760 hunc
1371 737 1497 761 motum

79 785 319 822 ‘promovenn
335 776 428 809 Adde
439 775 581 824 inspirati
589 776 669 809 aeris
681 773 956 822 preffionem,vim
971 775 1130 810 elasticam
1147 773 1323 808 ambientis
1336 776 1430 817 aeris,
1443 773 1499 809 vis-

109 835 218 858 cerum
235 825 341 859 varios
367 835 484 861 motus.
503 825 596 869 Quae·
614 826 723 858 omnia
738 822 825 858 simul
847 825 958 867 juncta
973 824 1209 858 continuumin
1227 825 1318 857 venis
1336 821 1498 870 sanguinis

109 883 235 907 motum
246 870 398 908 efficiunt.
408 874 510 920 quue
522 867 649 907 fa'cilius
663 873 842 918 concipitur
854 899 864 913 ‚
877 870 896 904 si
906 883 942 905 ut
954 873 1080 905 videtur
1091 875 1230 906 Vernaeo
1239 899 1248 912 ‚
1259 882 1367 917 neque
1379 871 1500 906 abhor-

109 919 185 956 ret&
197 919 440 965 vetifimil-i‚non
453 921 552 955 modo
562 918 711 961 musculi,
727 918 780 953 sed
795 924 829 956 δι
839 918 997 966 glandulae
1008 948 1018 962 ‚
1033 922 1101 955 imo
1112 925 1144 955 ὃ(
1155 917 1219 953 offa
1232 917 1368 955 fortaffis
1381 948 1390 962 ‚
1400 932 1498 967 atque

108 981 223 1005 omnes
237 981 320 1017 pene
337 971 482 1018 corporis
494 979 598 1017 partes
611 981 678 1003 non
693 967 780 1002 aliud
792 968 948 1015 quiddam
970 968 1030 1004 sint
1045 967 1144 1015 quam
1163 966 1268 1001 tubuli
1283 970 1376 1002 variis
1393 970 1497 1003 modis

106 1021 269 1061 contorti,
282 1020 370 1053 utin
383 1018 500 1065 plantis
519 1027 648 1051 cernere
668 1015 723 1049 est.
756 1018 844 1052 Nam
862 1015 881 1049 si
896 1028 944 1051 res
958 1019 1003 1051 ita
1017 1015 1052 1051 fit
1067 1045 1077 1059 ,
1102 1015 1270 1050 intellectu
1288 1029 1353 1051 non
1381 1017 1427 1051 cst
1445 1030 1497 1052 ar-

104 1067 205 1101 duum
216 1095 226 1110 ‚
244 1065 301 1114 qui
311 1065 379 1102 fieri
391 1064 488 1114 possi:
498 1077 532 1101 ut
544 1064 666 1114 sanguis
677 1062 719 1099 ab
744 1064 903 1101 artetiolis
925 1067 958 1101 in
971 1064 1104 1103 venulas
1115 1077 1170 1115 per
1180 1066 1386 1101 continuatos
1399 1065 1496 1102 tubu-

108 1115 157 1150 los
178 1117 241 1165 jugi
259 1114 349 1151 fluxu
363 1115 534 1150 dimanet.-
1008 1156 1014 1158 ἡ
1133 1159 1135 1161 q

144 1164 365 1212 Opp.20111ud
380 1164 516 1212 probati
528 1175 694 1211 nunquam
711 1163 797 1212 posse
811 1193 821 1206 ,
839 1165 956 1212 impuri
976 1163 1133 1214 sanguinis
1153 1176 1356 1200 excrementa
1375 1165 1415 1198 ad
1441 1177 1496 1199 cot

107 1211 247 1257 deferri,
261 1224 315 1248 aut
326 1225 514 1262 corruptum
524 1242 532 1256 ,
551 1218 583 1250 &
594 1213 781 1247 aestuantem
794 1211 980 1262 sanguinem
996 1215 1031 1248 in
1051 1213 1144 1248 febre
1157 1214 1280 1262 putrida
1293 1226 1348 1249 cot
1377 1219 1411 1251 ὅ(
1426 1214 1497 1261 pul-

107 1271 222 1298 mones
239 1273 344 1298 toturn
358 1263 543 1310 pervadere.
555 1262 683 1298 Deinde
699 1260 718 1295 si
729 1260 852 1310 sanguis
864 1274 930 1296 tarn
948 1261 1095 1297 celeriter
1110 1275 1165 1310 pet
1177 1275 1232 1297 cor
1246 1274 1430 1304 moveatur,
1442 1275 1497 1298 cur

89 1333 93 1337 -
107 1322 169 1346 una
181 1313 288 1359 poti-us
302 1314 403 1359 quarn
416 1311 513 1346 altera
525 1310 646 1345 secatur
656 1321 737 1345 vena
753 1327 763 1353 ·,
779 1313 829 1346 cui
844 1311 975 1346 tandem
992 1309 1057 1345 usui
1070 1311 1112 1346 est
1125 1310 1259 1346 revulfio
1277 1322 1287 1347 ἓ
1301 1323 1334 1347 ut
1352 1324 1425 1346 cum
1445 1323 1497 1346 tus

108 1359 433 1397 morecdolornnam
452 1356 709 1408 partem-afficit,
725 1371 771 1393 <ex
791 1358 935 1408 opposita
949 1360 1074 1409 sanguis
1090 1362 1241 1397 mittitur.
1263 1361 1445 1408 Qotnodo
1463 1363 1497 1398 in

90 1410 198 1444 venis
220 1407 384 1452 varicofis,
404 1421 457 1444 aut
469 1409 614 1443 distentis
629 1406 729 1442 fluere
742 1408 867 1458 sanguis
887 1411 1031 1456 poterit?
1047 1431 1050 1434 -
1228 1450 1230 1452 ,

141 1457 232 1506 Resp.
249 1460 337 1493 Prius
353 1457 474 1493 sensum
488 1477 498 1501 3
515 1463 549 1495 δε
563 1458 797 1504 experientiam
816 1457 936 1492 consuli
956 1469 1131 1506 oportere,
1155 1457 1255 1505 quam
1275 1458 1427 1508 ejusmodi
1445 1461 1497 1494 in-

106 1508 280 1541 commoda
294 1509 505 1542 excutiantur.
522 1505 667 1543 Primum
680 1507 792 1552 itaque
806 1519 873 1542 non
889 1509 1002 1542 omnia
1019 1519 1223 1542 excrementa
1241 1507 1396 1556 sanguinis
1409 1537 1419 1552 ‚
1440 1507 1497 1543 nisi
1514 1520 1516 1522 ’

107 1555 256 1602 quaedam
268 1555 359 1590 utilia
375 1584 385 1599 ‚
398 1553 579 1603 cujusmodi
593 1555 638 1589 est
654 1554 787 1603 lympha
805 1556 1014 1592 &interdum
1035 1555 1108 1590 bilis
1129 1557 1168 1591 ad
1183 1568 1239 1590 cor
1257 1568 1382 1591 remeat
1400 1570 1407 1591 ε
1428 1570 1497 1592 non

106 1602 353 1652 crasiiorpituita
369 1633 378 1647 ,
400 1606 574 1640 nonnrina.
597 1606 719 1651 Neque
736 1604 766 1637 id
784 1601 1011 1639 credi'm'uxor
1027 1605 1110 1639 adeo
1132 1603 1193 1640 effe
1213 1604 1438 1650 delicatulurn,
1461 1617 1498 1641 ut

107 1654 224 1699 impuri
238 1654 393 1702 sanguinis
406 1652 568 1688 transitum
584 1652 666 1687 ferre
676 1665 741 1688 non
753 1652 857 1699 possit.
874 1655 947 1690 Nec
956 1655 1073 1688 mirum
1084 1653 1104 1688 si
1118 1656 1150 1689 in
1163 1653 1256 1688 febre
1276 1655 1412 1689 ardente
1425 1654 1496 1690 san-

104 1703 172 1748 guis
186 1701 320 1737 aestuans
335 1702 505 1750 pulmones
514 1701 643 1744 infestet
652 1730 661 1745 ‚
673 1706 705 1738 δέ
714 1700 899 1745 anhelosam
909 1699 1031 1736 efficiat
1043 1701 1297 1751 respirationem.
1309 1704 1395 1738 Cum
1407 1706 1496 1739 enim

105 1749 226 1785 lentior
237 1751 283 1784 est
302 1751 425 1799 sanguis
436 1780 445 1794 ‚
458 1762 512 1786 ant
528 1750 674 1786 viscidior
688 1755 721 1788 ὃ(
740 1749 919 1786 effervescit
932 1779 942 1793 ‚
960 1762 1028 1786 turn
1044 1763 1099 1798 per
1113 1751 1272 1800 angustias
1292 1751 1495 1799 pulmonum,

105 1798 335 1835 &arffiffirnos
354 1799 484 1835 tubulos
509 1798 637 1835 transire
661 1812 727 1835 non
747 1800 860 1848 potest,
899 1800 998 1836 Unde
1014 1803 1047 1835 in
1065 1802 1102 1834 iis
1116 1801 1218 1835 haeret
1234 1829 1244 1843 ,
1261 1800 1494 1845 extravasatur,

105 1847 341 1892 inflammatur,
361 1855 394 1886 ὃς
413 1847 483 1885 vasli
496 1849 685 1897 plerurnque
702 1850 838 1883 nimium
856 1849 991 1884 distenta
1008 1861 1216 1897 rumpuntur:
1232 1849 1308 1884 hinc
1322 1852 1495 1898 peripneu-

106 1900 234 1932 moniae.
250 1898 354 1933 Simili
368 1898 467 1932 niodo
478 1910 551 1932 cum
569 1896 691 1945 sanguis
703 1896 806 1933 lentus
822 1903 853 1934 ὃ(
865 1896 1074 1934 effervescens
1089 1900 1122 1933 in
1134 1896 1290 1933 arteriolis
1309 1912 1381 1946 quae
1403 1899 1495 1947 pleu-

106 1947 168 1979 rim
181 1946 230 1980 seu
244 1947 404 1980 costarum
418 1946 641 1981 membranam
664 1948 816 1995 irrigant,
839 1947 1015 1982 concrescit
1028 1977 1038 1991 ‚
1058 1946 1203 1996 pleuritis
1224 1948 1344 1982 oritur:
1364 1960 1400 1982 ac
1416 1948 1494 1997 sirpe

104 2005 184 2029 unus
196 1992 330 2028 affluas
341 1993 474 2028 alterum
485 1995 659 2029 comitatur
672 2023 681 2037 ,
698 1996 786 2040 quod
797 1995 911 2029 eadem
925 1994 1129 2042 sits-anguinis
1139 1994 1285 2030 diathesis
1294 2023 1303 2038 ,
1319 2007 1374 2030 aut
1388 1997 1495 2045 dispo-

104 2041 184 2077 sitio.
197 2043 285 2077 Hinc
294 2045 327 2077 in
338 2053 474 2089 utroque
484 2041 602 2077 affeetu
612 2041 736 2090 sanguis
750 2043 767 2078 ὲ
777 2055 859 2077 vena
875 2043 958 2079 festa
968 2042 1157 2079 erniffus'aut
1167 2043 1292 2081 craffior
1304 2044 1415 2086 efflant
1428 2047 1494 2093 pel.

105 2090 204 2135 licula
214 2090 328 2125 viscida
339 2096 370 2127 &
381 2090 508 2125 alterius
526 2089 708 2138 asangnine
720 2090 841 2125 >coloris
855 2090 1047 2130 obducitur:
1069 2093 1157 2139 quod
1177 2088 1281 2128 succus
1297 2095 1445 2128 nutritius
1460 2096 1494 2130 in

105 2138 288 2188 sangninem
299 2140 490 2174 commutari
505 2151 570 2174 non
581 2137 678 2184 poffit
689 2168 698 2182 ,
713 2144 746 2176 ὅ(
761 2151 857 2175 νεωε
869 2152 993 2175 tantum
1004 2154 1097 2185 cruor
1105 2143 1242 2177 nimium
1256 2142 1492 2191 echCkus-per-

105 2199 244 2225 maneat.
262 2191 351 2224 Hinc
361 2191 489 2235 utrique
499 2186 628 2223 affectui
641 2186 716 2222 sales
730 2187 824 2223 alcali
836 2195 868 2225 ὃ(
880 2190 1006 2235 rimosi,
1021 2193 1079 2239 qui
1088 2190 1247 2241 sanguinis
1260 2189 1397 2226 fluorem
1412 2203 1492 2227 con-

105 2237 218 2272 ciliant
229 2267 237 2279 ,
251 2237 373 2272 utiliter
387 2236 595 2272 adhibentur.
610 2236 674 2270 Sed
689 2237 728 2272 de
741 2237 788 2271 his
801 2236 921 2275 obiter.

145 2289 219 2323 Nec
231 2286 314 2322 forte
326 2296 415 2321 tanta
430 2286 476 2320 est
489 2288 519 2320 in
532 2283 707 2319 revulsione
724 2286 857 2328 utilitas,
872 2300 1025 2334 quantam
1035 2291 1172 2323 Veteres
1187 2286 1359 2326 credidere.
1376 2289 1492 2333 Qan-

105 2347 203 2381 quam
221 2335 290 2370 fieri
305 2336 406 2382 potest
417 2347 452 2369 ut
462 2332 554 2369 massa
568 2332 725 2376 sanguinis
736 2348 802 2370 non
814 2334 850 2371 sit
863 2335 908 2371 ‘sui
919 2335 1040 2382 ubique
1050 2335 1155 2371 similis
1168 2353 1176 2379 3
1194 2349 1248 2371 aut
1266 2339 1382 2373 eadem
1404 2338 1491 2373 cele-

103 2385 200 2420 ritate
214 2383 335 2433 ubique
346 2394 523 2422 moveatur.
531 2386 568 2420 In
580 2373 769 2432 quibusdam
779 2385 867 2423 forte
878 2384 1056 2425 >visceribus
1064 2385 1402 2471 magisffirlcflaturjn
1418 2387 1494 2424 aliis

1287 2447 1311 2485 ¹]
