1878 2724
381 122 438 158 265
917 119 941 155 P
961 119 997 154 H
1021 119 1053 155 Y
1069 121 1091 155 S
1109 121 1124 155 1
1144 120 1176 156 C
1193 121 1233 155 ΔΞ

379 183 414 205 re
426 181 460 205 ut
478 169 669 205 meridianus
681 176 878 215 aequatorem
897 166 1260 216 dividunt,suntque12
1269 169 1530 218 quiaequatorem
1551 169 1584 206 in
1607 180 1651 213 24
1670 179 1780 219 partes

382 219 522 267 aequales
535 248 544 262 ,
566 228 648 264 quot
666 216 735 251 sunt
744 216 834 251 horae
848 218 880 251 in
898 216 962 260 die,
979 217 1142 254 dirimunt.
1157 218 1223 253 Sed
1233 218 1274 254 de
1293 220 1416 257 circulis
1435 219 1568 256 horariis
1582 249 1593 264 ,
1607 224 1640 256 &
1666 231 1778 256 eorum

381 267 437 304 usu
455 269 601 317 proximo
617 268 723 314 capite
735 265 908 300 dicendum
919 266 977 301 est-

413 319 460 353 Hi
482 328 562 352 vero
580 315 692 350 circuli
707 344 717 358 ‚
732 326 877 361 aequator
892 317 1068 364 imprimis,
1086 315 1238 366 ecliptica
1250 317 1460 361 ‚meridianus
1477 349 1486 364 ,
1500 322 1639 369 tropici,
1663 323 1698 356 &
1715 320 1777 353 cir.

379 365 445 401 culi
462 364 588 414 polates
606 365 646 398 ad
661 363 800 414 globum
817 363 939 400 telluris
953 364 1115 401 utilissime
1140 365 1388 403 transferuntur·
1416 370 1506 404 Nam
1529 369 1596 406 suus
1618 368 1665 403 est
1685 379 1779 403 terrae

381 426 529 462 aequator
543 443 554 458 ‚
565 416 620 461 qui
630 413 716 449 linea
733 413 832 462 vulgo
846 414 980 459 dicitur,
994 418 1028 450 δε
1046 414 1168 451 coelesti
1183 418 1341 463 aequatori
1357 413 1533 465 subjicitur.
1563 421 1642 454 Suus
1659 419 1779 465 cuique

379 465 455 499 loco
473 464 521 498 est
536 464 737 499 meridianus.
764 465 812 498 Ac
828 466 946 499 mirum
966 464 1009 499 est
1026 476 1168 512 quantos
1187 465 1257 501 usus
1274 463 1419 501 habeant
1437 466 1472 501 hi
1485 467 1594 503 circuli
1608 467 1648 502 ad
1671 468 1778 501 varios

380 524 539 548 terrarum
552 512 625 547 situs
640 511 874 562 dignoscendos
887 542 898 557 ,
911 513 952 548 ad
967 515 1140 563 navigandi
1151 526 1254 550 artem
1268 543 1278 558 ,
1291 526 1392 563 atque
1405 515 1444 550 ad
1462 515 1557 565 ipsius
1566 515 1780 564 Geographiae

380 562 557 599 scientiam.
579 562 668 597 Cum
679 564 767 598 enim
783 573 818 597 ut
831 563 974 607 coelum,
994 561 1171 600 ficiterram
1188 567 1220 600 in
1242 563 1375 613 longum
1393 569 1426 601 &
1440 564 1541 601 latum
1564 566 1662 600 liceat
1677 564 1780 600 distri-

378 610 480 647 buere
492 626 500 648 :
512 611 651 647 latitudo
661 611 724 646 loci
738 641 748 657 ,
767 623 824 647 aut
840 611 931 647 urbis
949 612 1082 661 alicujus
1095 614 1175 649 nihil
1196 614 1239 649 est
1252 613 1335 648 aliud
1348 613 1404 649 nifi
1421 618 1529 663 portio
1543 614 1716 650 meridiani
1734 616 1780 650 in-

380 673 429 696 ter
445 673 643 710 aequatorem
655 667 689 698 &
704 660 811 696 locum
821 661 924 709 ipsum
937 663 1127 711 intercepta.
1161 666 1275 713 Qare
1295 664 1353 710 qui
1371 663 1427 698 sub
1443 664 1533 700 linea
1556 662 1781 712 aequinoetiali

380 711 524 760 degunt,
541 710 663 746 nullam
682 710 806 746 habent
816 710 1041 747 latitudinem:
1056 713 1235 749 maximam
1252 723 1331 748 vero
1348 711 1522 749 sortiuntur
1533 742 1542 757 ‚
1559 716 1618 761 qui
1639 711 1782 761 longissi-

381 773 437 796 me
455 759 496 795 ab
508 771 671 808 aequatore
685 759 739 795 sub
753 757 823 809 ipsis
835 759 918 807 polis
936 760 1110 796 versantur.
1134 760 1255 797 Parisiis
1268 773 1302 797 v.
1319 774 1367 810 gr.
1378 762 1489 798 existit
1502 767 1547 808 43
1557 762 1647 811 grad.
1660 775 1708 810 52.
1719 763 1782 796 mi-

379 821 552 846 nutorum:
570 809 685 845 eadem
699 812 794 859 igitur
808 810 852 844 est
865 809 1002 844 latitudo
1017 822 1089 857 quae
1100 811 1170 859 poli
1180 810 1333 846 elevatio.
1354 812 1444 846 Nam
1461 814 1518 860 qui
1533 811 1588 847 sub
1608 810 1696 846 linea
1706 822 1781 845 ver-

381 858 501 902 santur,
515 870 691 906 utrumque
704 858 819 907 polum
836 860 868 894 in
884 859 1061 895 horizonte
1080 859 1291 909 conspiciunt.
1300 860 1387 897 Cum
1402 860 1444 898 ab
1460 872 1630 910 aequatore
1646 858 1782 895 discedi-

380 922 451 944 mus
462 938 471 952 ,
480 913 546 957 jam
558 907 638 943 alter
649 908 740 956 polus
750 907 914 944 attollitur
925 935 936 951 ,
948 907 1030 944 alter
1041 908 1244 957 deprimitur.

414 958 641 994 Latitudinem
652 970 733 992 vero
751 956 847 992 facile
864 954 1088 1004 consequimur
1111 970 1150 994 ex
1168 957 1239 994 solis
1267 958 1438 994 altitudine
1453 959 1638 1002 meridiana,
1654 970 1726 994 cum
1737 957 1783 993 est

383 1008 417 1042 in
435 1008 648 1055 aequinoc'tio:
666 1006 726 1042 hac
742 1008 832 1044 enim
840 1005 994 1042 subdueta
1007 1005 1027 1043 ὲ
1043 1007 1222 1055 quadrante
1232 1008 1363 1052 circuli,
1382 1006 1470 1055 quod
1482 1006 1644 1055 reliquum
1655 1008 1698 1041 est
1708 1036 1717 1049 ,
1735 1006 1784 1041 al-

384 1057 492 1092 titudo
502 1056 571 1105 poli
587 1055 713 1096 dicitur.
747 1057 795 1091 Sit
809 1057 898 1090 enim
920 1055 966 1091 sol
986 1057 1019 1092 in
1032 1057 1209 1092 merediani
1226 1057 1334 1092 circuli
1355 1057 1478 1106 punsto
1498 1059 1553 1100 H,
1581 1057 1657 1091 dum
1684 1055 1728 1090 est
1748 1058 1783 1091 in

383 1117 556 1154 aequatore.
576 1104 664 1140 nlius
676 1105 816 1139 altitudo
833 1104 1009 1140 meridiana
1022 1133 1032 1147 ‚
1050 1104 1104 1140 seu
1122 1105 1266 1142 elevatio
1277 1106 1368 1155 supra
1381 1105 1591 1140 horizontem
1610 1107 1672 1140 erit
1689 1106 1724 1140 H
1738 1106 1785 1149 D,

384 1167 450 1203 qua
470 1153 626 1190 subdueta
642 1153 852 1202 &quadrante
873 1153 983 1189 circuli
1007 1156 1034 1189 Z
1048 1157 1079 1191 D
1091 1183 1102 1198 ‚
1127 1153 1280 1203 supererit
1299 1154 1438 1190 latitudo
1458 1153 1546 1198 loci,
1563 1152 1614 1191 seu
1633 1154 1784 1190 distantia

385 1205 557 1252 aequatoris
575 1202 599 1239 ὲ
612 1205 736 1250 punito
763 1202 911 1237 verticali
928 1206 967 1240 Z.
993 1203 1102 1240 Unde
1113 1203 1134 1238 fi
1154 1204 1296 1239 altitudo
1310 1204 1383 1240 solis
1411 1204 1588 1239 meridiana
1602 1204 1678 1238 dum
1696 1204 1786 1239 estin

385 1250 648 1300 aequinoffioffit
657 1265 698 1296 4²-
706 1251 863 1299 graduum
876 1251 927 1294 ;hi
941 1251 1087 1287 subducti
1102 1252 1122 1287 a
1134 1268 1176 1297 90
1184 1252 1334 1301 gradibus
1350 1252 1401 1288 seu
1422 1252 1441 1288 ὸ
1459 1252 1639 1300 quadrante
1657 1252 1779 1295 circuli,

383 1300 516 1337 restabit
529 1298 597 1348 poli
612 1298 811 1347 elevatio48
824 1299 994 1349 graduum.
1015 1301 1078 1336 Sed
1090 1303 1264 1336 accuratius
1284 1314 1355 1337 eam
1371 1300 1600 1348 consequimur
1615 1313 1680 1349 ope
1695 1303 1786 1337 unius

384 1363 427 1386 ex
441 1349 540 1384 stellis
548 1361 616 1397 quae
629 1350 712 1384 circa
723 1349 836 1397 polum
848 1361 976 1397 gyrant.
993 1352 1082 1386 Nam
1093 1347 1115 1384 fi
1128 1349 1212 1385 illius
1227 1349 1434 1386 altitudinem
1450 1352 1620 1385 minimam
1632 1352 1784 1399 accipias,

385 1411 457 1447 quae
470 1397 506 1433 fit
518 1411 549 1435 v.
563 1410 609 1446 gr.
622 1411 669 1443 40
679 1398 853 1447 graduum,
863 1409 933 1433 tum
949 1398 1021 1448 post
1038 1411 1068 1436 η
1081 1399 1175 1435 horas
1190 1401 1386 1438 maximam,
1403 1412 1473 1447 quae
1490 1398 1525 1434 fit
1552 1401 1592 1434 60
1616 1400 1704 1448 grad.
1717 1399 1785 1434 dif.

386 1449 527 1485 ferentia
541 1447 701 1496 utriusque
711 1460 785 1483 curn
795 1446 832 1482 fit
852 1461 893 1484 20
906 1448 1064 1497 graduum
1077 1477 1087 1491 ‚
1100 1447 1122 1483 fi
1138 1448 1311 1487 dimidium
1327 1449 1420 1496 hujus
1435 1447 1624 1484 differentiae
1636 1477 1647 1491 ‚
1661 1460 1785 1497 nempe

392 1511 406 1534 1
416 1513 437 1535 0
449 1497 564 1545 gradus
580 1495 602 1531 :a
619 1498 759 1532 maxima
771 1495 869 1531 stellae
876 1497 1047 1533 altitudine
1061 1496 1242 1533 subduxeris
1252 1526 1263 1541 ,
1276 1497 1482 1532 altitudinem
1500 1497 1568 1545 poli
1580 1510 1619 1543 50
1627 1498 1784 1545 graduum

375 1546 602 1594 consequeris,
621 1545 724 1591 Quod
735 1545 832 1580 facile
850 1545 1013 1594 intelliget
1031 1548 1088 1594 qui
1107 1545 1260 1595 sphaeram
1275 1545 1479 1581 artificialem
1498 1558 1553 1581 aut
1565 1545 1703 1595 globum
1717 1557 1785 1580 εοε-

376 1595 499 1631 «Ῑείὶεῐῑι
508 1593 693 1643 inspexerit.
706 1596 756 1629 Sit
766 1608 799 1630 v.
813 1607 860 1644 gr.
873 1607 937 1630 una
947 1607 985 1630 ex
997 1595 1092 1633 stellis
1101 1608 1172 1643 quae
1182 1595 1260 1644 polo
1271 1594 1342 1631 sunt
1353 1597 1508 1631 vicinaeK
1517 1624 1526 1639 ,
1536 1595 1602 1631 haec
1619 1607 1784 1642 nunquam

389 1645 430 1679 ad
445 1645 655 1681 horizontem
667 1646 697 1680 C
708 1647 741 1680 D
752 1642 918 1679 descendit
928 1674 937 1687 ,
952 1656 989 1679 ac
999 1643 1124 1694 singulis
1142 1644 1257 1680 diebus
1269 1644 1319 1680 bis
1332 1645 1372 1679 ad
1394 1645 1608 1679 meridianum
1622 1646 1786 1693 pervenit,

389 1696 424 1729 in
443 1696 473 1728 K
485 1699 518 1731 &
531 1695 576 1730 L:
590 1705 665 1728 curn
675 1695 736 1728 erit
749 1695 780 1728 in
795 1695 825 1728 K
838 1692 892 1737 ‚fit
902 1696 1038 1729 minima
1057 1693 1139 1729 illius
1155 1694 1295 1730 altitudo
1305 1724 1316 1738 ‚
1327 1693 1380 1729 seu
1393 1693 1540 1729 distantia
1552 1692 1785 1728 abhorizonte

379 1743 457 1778 VCK
469 1771 478 1785 ‚
490 1757 535 1788 40
545 1743 718 1790 graduum:
730 1743 799 1789 post
812 1756 846 1777 12
861 1742 956 1776 horas
972 1745 1034 1776 etit
1046 1745 1133 1785 inL,
1146 1742 1196 1777 seu
1213 1746 1246 1777 in
1261 1745 1401 1777 maxima
1417 1743 1566 1777 distantia
1578 1741 1618 1776 ab
1631 1742 1782 1777 horizon.

382 1802 427 1827 ‘te
444 1820 454 1834 ‚
476 1790 578 1838 sitque
604 1802 694 1824 arcus
720 1791 785 1824 CL
799 1798 840 1826 60
854 1790 943 1838 grad.
964 1789 1149 1825 differentia
1165 1789 1328 1837 utriusque
1349 1790 1528 1825 altitudinis
1551 1793 1578 1824 K
1599 1793 1624 1824 L
1636 1818 1645 1831 ,
1661 1792 1721 1824 erit
1735 1804 1776 1827 20

390 1840 480 1889 grad.
493 1845 580 1887 cujus
591 1839 762 1874 dimidium
782 1839 851 1874 sunt
871 1852 907 1873 10
927 1839 1042 1888 gradus
1056 1868 1066 1883 ‚
1083 1839 1140 1874 bos
1155 1839 1237 1874 adde
1258 1840 1401 1874 minimae
1423 1838 1582 1872 altitudini
1603 1839 1634 1873 C
1647 1840 1674 1872 K
1687 1868 1695 1882 ‚
1711 1852 1783 1886 quae

392 1892 529 1924 inventa
545 1888 589 1922 est
606 1902 653 1932 40
675 1888 762 1936 grad.
782 1899 915 1935 tumque
943 1887 1110 1923 obtinebis
1130 1888 1333 1922 altitudinem
1364 1887 1432 1935 poli
1457 1887 1487 1921 C
1501 1889 1543 1931 Ρ,
1562 1901 1599 1933 ςο
1618 1888 1784 1936 graduum.

382 1938 496 1985 -Qod
510 1936 530 1971 si
544 1949 666 1984 quaeras
690 1949 754 1984 qua
770 1940 896 1972 ratione
918 1940 1099 1972 inveniatur
1116 1937 1186 1972 solis
1198 1949 1251 1971 aut
1265 1935 1358 1971 stellae
1376 1936 1527 1980 altitudo,
1548 1936 1646 1985 Resp.
1665 1937 1698 1971 id
1713 1935 1785 1972 fieti

383 1986 497 2022 solere
511 1985 674 2020 beneficio
694 1986 883 2033 quadrantis
893 1986 1000 2021 circuli
1018 1988 1050 2022 in
1065 1987 1180 2035 gradus
1194 1985 1283 2022 divisi
1296 2000 1304 2022 :
1318 1997 1429 2021 verum
1444 1986 1474 2020 id
1498 1988 1599 2035 magis
1615 1984 1669 2021 usu
1682 1991 1716 2023 &
1726 1997 1784 2021 au-

385 2033 514 2084 «topsia‚
529 2046 628 2082 quam
640 2037 805 2082 praeceptis
827 2034 1022 2070 discendum.

429 2083 620 2132 Longitudo
639 2095 716 2117 vero
739 2083 802 2118 loci
819 2085 850 2118 in
869 2082 935 2131 ipso
951 2095 1116 2131 aequatore
1139 2083 1331 2121 desumitur:
1355 2084 1397 2119 est
1410 2087 1532 2133 quippe
1547 2082 1783 2129 aequinostialis

386 2134 508 2169 circuli
523 2133 632 2182 portio
651 2133 738 2167 inter
755 2133 970 2168 meridianum
988 2132 1051 2167 loci
1073 2147 1103 2169 v.
1122 2146 1169 2182 gr,
1190 2136 1326 2169 Lutetiae
1350 2162 1361 2178 ‚
1377 2139 1411 2171 &
1428 2134 1525 2168 alium
1547 2131 1756 2166 meridianum
1772 2161 1782 2175 ,

394 2195 494 2230 quem
509 2179 672 2216 consensus
689 2181 859 2217 hominurn
869 2184 1008 2230 primum
1020 2184 1396 2231 constituit‚interjacens.
1413 2185 1442 2217 1s
1457 2182 1648 2217 meridianus
1661 2193 1720 2229 per
1731 2182 1783 2216 in-

394 2232 472 2268 sulas
492 2243 563 2281 quae
581 2228 696 2265 Afforae
711 2230 1010 2275 vocantur‚transu·e
1022 2235 1210 2280 concipitur.
1229 2233 1308 2279 Qa
1322 2244 1400 2266 vero
1411 2241 1480 2265 arte
1490 2229 1659 2277 longitudo
1671 2228 1784 2265 haberi

394 2281 502 2329 poffit,
519 2293 585 2316 non
599 2279 644 2314 est
658 2279 748 2329 hujus
770 2281 832 2315 loci
845 2280 1023 2328 explicare:
1034 2282 1066 2315 id
1080 2294 1178 2316 unum
1189 2282 1401 2316 admonemus
1416 2308 1425 2322 ,
1439 2279 1526 2325 quod
1540 2278 1557 2312 si
1573 2281 1702 2313 initium
1728 2291 1784 2314 aut

396 2330 472 2366 finis
485 2360 494 2374 ,
506 2341 562 2366 aut
572 2331 717 2364 medium
730 2329 848 2378 eclipsis
859 2329 977 2364 lunaris
995 2342 1140 2365 accurate
1150 2330 1312 2365 observari
1327 2326 1429 2375 pollet
1441 2357 1448 2367 ,
1461 2328 1677 2375 longitudines
1696 2327 1785 2362 loco-

389 2392 468 2415 rum
480 2408 490 2424 ,
499 2391 596 2427 atque
612 2391 724 2415 eorum
736 2380 890 2416 distantiae
903 2378 1023 2415 facilius
1038 2376 1412 2428 cognoscerenturNam
1425 2375 1445 2412 si
1459 2376 1578 2426 eclipsis
1593 2376 1708 2414 lunaris
1722 2378 1782 2413 ini·
