<?xml version="1.0" encoding="UTF-8"?>
<!DOCTYPE html PUBLIC "-//W3C//DTD XHTML 1.0 Transitional//EN"
    "http://www.w3.org/TR/xhtml1/DTD/xhtml1-transitional.dtd">
<html xmlns="http://www.w3.org/1999/xhtml" xml:lang="en" lang="en">
 <head>
  <title>
</title>
<meta http-equiv="Content-Type" content="text/html;charset=utf-8" />
  <meta name='ocr-system' content='tesseract 3.04.00' />
  <meta name='ocr-capabilities' content='ocr_page ocr_carea ocr_par ocr_line ocrx_word'/>
</head>
<body>
  <div class='ocr_page' id='page_1' title='image "./philosophiavetus02duhauoft_0270.png"; bbox 0 0 1878 2724; ppageno 0'>
   <div class='ocr_carea' id='block_1_1' title="bbox 395 100 1812 830">
    <p class='ocr_par' dir='ltr' id='par_1_1' title="bbox 399 100 1253 152">
     <span class='ocr_line' id='line_1_1' title="bbox 399 100 1253 152; baseline 0.002 -16"><span class='ocrx_word' id='word_1_1' title='bbox 399 107 456 152; x_wconf 73' lang='lat'>238</span> <span class='ocrx_word' id='word_1_2' title='bbox 839 145 844 150; x_wconf 39' lang='lat'><em>-</em></span> <span class='ocrx_word' id='word_1_3' title='bbox 896 101 921 137; x_wconf 79' lang='grc' dir='ltr'>Ρ</span> <span class='ocrx_word' id='word_1_4' title='bbox 938 100 973 136; x_wconf 79' lang='grc' dir='ltr'><strong><em>Η</em></strong></span> <span class='ocrx_word' id='word_1_5' title='bbox 1000 101 1031 137; x_wconf 90' lang='lat' dir='ltr'><strong>Y</strong></span> <span class='ocrx_word' id='word_1_6' title='bbox 1053 100 1077 138; x_wconf 86' lang='lat' dir='ltr'>S</span> <span class='ocrx_word' id='word_1_7' title='bbox 1097 101 1114 137; x_wconf 90' lang='lat'>1</span> <span class='ocrx_word' id='word_1_8' title='bbox 1134 100 1165 138; x_wconf 86' lang='lat' dir='ltr'>C</span> <span class='ocrx_word' id='word_1_9' title='bbox 1189 101 1228 138; x_wconf 68' lang='grc' dir='ltr'>ΑΞ</span> <span class='ocrx_word' id='word_1_10' title='bbox 1249 100 1253 103; x_wconf 49' lang='grc'><strong>“</strong></span> 
     </span>
    </p>

    <p class='ocr_par' dir='ltr' id='par_1_2' title="bbox 397 149 1791 239">
     <span class='ocr_line' id='line_1_2' title="bbox 397 149 1791 203; baseline -0.001 -14"><span class='ocrx_word' id='word_1_11' title='bbox 397 154 489 203; x_wconf 78' lang='lat' dir='ltr'>gredi</span> <span class='ocrx_word' id='word_1_12' title='bbox 502 152 618 195; x_wconf 83' lang='lat' dir='ltr'>liceat,</span> <span class='ocrx_word' id='word_1_13' title='bbox 635 162 693 186; x_wconf 75' lang='lat' dir='ltr'>aut</span> <span class='ocrx_word' id='word_1_14' title='bbox 718 151 838 198; x_wconf 72' lang='lat' dir='ltr'>eaquae</span> <span class='ocrx_word' id='word_1_15' title='bbox 857 149 899 184; x_wconf 78' lang='lat' dir='ltr'>ad</span> <span class='ocrx_word' id='word_1_16' title='bbox 912 149 1003 198; x_wconf 77' lang='lat' dir='ltr'>hujus</span> <span class='ocrx_word' id='word_1_17' title='bbox 1020 152 1133 187; x_wconf 84' lang='lat' dir='ltr'>mundi</span> <span class='ocrx_word' id='word_1_18' title='bbox 1155 150 1408 200; x_wconf 81' lang='lat' dir='ltr'>descriptionem</span> <span class='ocrx_word' id='word_1_19' title='bbox 1440 151 1606 202; x_wconf 79' lang='lat' dir='ltr'>pertinent</span> <span class='ocrx_word' id='word_1_20' title='bbox 1623 159 1635 198; x_wconf 81' lang='lat'>‚&#39;</span> <span class='ocrx_word' id='word_1_21' title='bbox 1667 153 1791 190; x_wconf 65' lang='lat' dir='ltr'>intelli;</span> 
     </span>
     <span class='ocr_line' id='line_1_3' title="bbox 398 215 486 239; baseline 0.023 -2"><span class='ocrx_word' id='word_1_22' title='bbox 398 215 486 239; x_wconf 67' lang='lat' dir='ltr'>‹vere-</span> 
     </span>
    </p>

    <p class='ocr_par' dir='ltr' id='par_1_3' title="bbox 395 232 1788 349">
     <span class='ocr_line' id='line_1_4' title="bbox 395 232 1788 298; baseline 0.005 -15"><span class='ocrx_word' id='word_1_23' title='bbox 395 232 419 252; x_wconf 47' lang='grc' dir='ltr'>δ’</span> <span class='ocrx_word' id='word_1_24' title='bbox 430 255 572 289; x_wconf 75' lang='lat' dir='ltr'>Primum</span> <span class='ocrx_word' id='word_1_25' title='bbox 594 246 673 282; x_wconf 87' lang='lat' dir='ltr'>illud</span> <span class='ocrx_word' id='word_1_26' title='bbox 694 246 899 285; x_wconf 74' lang='lat' dir='ltr'>statuendum</span> <span class='ocrx_word' id='word_1_27' title='bbox 919 248 1009 296; x_wconf 89' lang='lat' dir='ltr'>quod</span> <span class='ocrx_word' id='word_1_28' title='bbox 1026 249 1110 284; x_wconf 86' lang='lat' dir='ltr'>ratio</span> <span class='ocrx_word' id='word_1_29' title='bbox 1132 253 1168 287; x_wconf 78' lang='grc' dir='ltr'>δε</span> <span class='ocrx_word' id='word_1_30' title='bbox 1189 251 1389 298; x_wconf 80' lang='lat' dir='ltr'>experientia</span> <span class='ocrx_word' id='word_1_31' title='bbox 1414 251 1638 289; x_wconf 87' lang='lat' dir='ltr'>demonstrant</span> <span class='ocrx_word' id='word_1_32' title='bbox 1648 281 1660 298; x_wconf 90' lang='lat'><strong>,</strong></span> <span class='ocrx_word' id='word_1_33' title='bbox 1690 252 1788 290; x_wconf 77' lang='lat' dir='ltr'>sidera</span> 
     </span>
     <span class='ocr_line' id='line_1_5' title="bbox 398 298 1605 349; baseline 0 -11"><span class='ocrx_word' id='word_1_34' title='bbox 398 303 508 340; x_wconf 77' lang='lat' dir='ltr'>saltem</span> <span class='ocrx_word' id='word_1_35' title='bbox 521 299 662 332; x_wconf 78' lang='lat' dir='ltr'>maxima</span> <span class='ocrx_word' id='word_1_36' title='bbox 677 308 716 330; x_wconf 85' lang='lat' dir='ltr'>ex</span> <span class='ocrx_word' id='word_1_37' title='bbox 730 308 822 345; x_wconf 83' lang='lat' dir='ltr'>parte</span> <span class='ocrx_word' id='word_1_38' title='bbox 835 302 868 334; x_wconf 72' lang='grc' dir='ltr'>δε</span> <span class='ocrx_word' id='word_1_39' title='bbox 878 298 1000 334; x_wconf 83' lang='lat' dir='ltr'>coelum</span> <span class='ocrx_word' id='word_1_40' title='bbox 1009 298 1111 346; x_wconf 89' lang='lat' dir='ltr'>ipsum</span> <span class='ocrx_word' id='word_1_41' title='bbox 1127 300 1264 334; x_wconf 83' lang='lat' dir='ltr'>rotunda</span> <span class='ocrx_word' id='word_1_42' title='bbox 1275 298 1337 334; x_wconf 85' lang='lat' dir='ltr'>esse</span> <span class='ocrx_word' id='word_1_43' title='bbox 1347 329 1357 344; x_wconf 93' lang='lat'><em>,</em></span> <span class='ocrx_word' id='word_1_44' title='bbox 1381 311 1434 335; x_wconf 85' lang='lat' dir='ltr'>aut</span> <span class='ocrx_word' id='word_1_45' title='bbox 1447 299 1605 349; x_wconf 66' lang='lat' dir='ltr'>sphaerica.</span> 
     </span>
    </p>

    <p class='ocr_par' dir='ltr' id='par_1_4' title="bbox 397 345 1812 549">
     <span class='ocr_line' id='line_1_6' title="bbox 433 345 1788 400; baseline 0.001 -16"><span class='ocrx_word' id='word_1_46' title='bbox 433 345 545 387; x_wconf 78' lang='lat' dir='ltr'>Primo</span> <span class='ocrx_word' id='word_1_47' title='bbox 558 348 646 382; x_wconf 83' lang='lat' dir='ltr'>enirn</span> <span class='ocrx_word' id='word_1_48' title='bbox 658 357 741 381; x_wconf 85' lang='lat' dir='ltr'>tetra</span> <span class='ocrx_word' id='word_1_49' title='bbox 751 373 762 389; x_wconf 94' lang='lat'>,</span> <span class='ocrx_word' id='word_1_50' title='bbox 777 345 854 384; x_wconf 82' lang='lat' dir='ltr'>luna</span> <span class='ocrx_word' id='word_1_51' title='bbox 866 375 875 391; x_wconf 87' lang='lat'><em>‚</em></span> <span class='ocrx_word' id='word_1_52' title='bbox 887 353 920 384; x_wconf 83' lang='lat'>&amp;</span> <span class='ocrx_word' id='word_1_53' title='bbox 931 347 1050 395; x_wconf 81' lang='lat' dir='ltr'>reliqui</span> <span class='ocrx_word' id='word_1_54' title='bbox 1062 347 1200 395; x_wconf 82' lang='lat' dir='ltr'>planetae</span> <span class='ocrx_word' id='word_1_55' title='bbox 1211 347 1345 384; x_wconf 87' lang='lat' dir='ltr'>suumin</span> <span class='ocrx_word' id='word_1_56' title='bbox 1359 348 1389 384; x_wconf 89' lang='lat' dir='ltr'>se</span> <span class='ocrx_word' id='word_1_57' title='bbox 1398 348 1521 389; x_wconf 81' lang='lat' dir='ltr'>habent</span> <span class='ocrx_word' id='word_1_58' title='bbox 1533 352 1788 400; x_wconf 76' lang='lat' dir='ltr'>centrum,quod</span> 
     </span>
     <span class='ocr_line' id='line_1_7' title="bbox 397 395 1790 451; baseline 0.001 -16"><span class='ocrx_word' id='word_1_59' title='bbox 397 409 505 451; x_wconf 77' lang='lat' dir='ltr'>partes</span> <span class='ocrx_word' id='word_1_60' title='bbox 515 408 629 432; x_wconf 85' lang='lat' dir='ltr'>omnes</span> <span class='ocrx_word' id='word_1_61' title='bbox 639 395 726 443; x_wconf 75' lang='lat' dir='ltr'>quasi</span> <span class='ocrx_word' id='word_1_62' title='bbox 738 408 804 431; x_wconf 88' lang='lat' dir='ltr'>uno</span> <span class='ocrx_word' id='word_1_63' title='bbox 813 396 964 433; x_wconf 86' lang='lat' dir='ltr'>consensu</span> <span class='ocrx_word' id='word_1_64' title='bbox 977 396 1180 444; x_wconf 69' lang='lat' dir='ltr'>aequabiliter</span> <span class='ocrx_word' id='word_1_65' title='bbox 1191 409 1347 446; x_wconf 86' lang='lat' dir='ltr'>premunt</span> <span class='ocrx_word' id='word_1_66' title='bbox 1380 400 1510 435; x_wconf 61' lang='lat' dir='ltr'>Deinde</span> <span class='ocrx_word' id='word_1_67' title='bbox 1525 400 1545 435; x_wconf 83' lang='lat' dir='ltr'>fi</span> <span class='ocrx_word' id='word_1_68' title='bbox 1558 413 1639 437; x_wconf 85' lang='lat' dir='ltr'>terra</span> <span class='ocrx_word' id='word_1_69' title='bbox 1652 400 1790 450; x_wconf 81' lang='lat' dir='ltr'>globosa</span> 
     </span>
     <span class='ocr_line' id='line_1_8' title="bbox 398 444 1812 496; baseline 0 -10"><span class='ocrx_word' id='word_1_70' title='bbox 398 463 466 486; x_wconf 78' lang='lat' dir='ltr'>non</span> <span class='ocrx_word' id='word_1_71' title='bbox 477 445 554 482; x_wconf 81' lang='lat' dir='ltr'>effer</span> <span class='ocrx_word' id='word_1_72' title='bbox 565 474 576 489; x_wconf 86' lang='lat'>‚</span> <span class='ocrx_word' id='word_1_73' title='bbox 588 444 641 481; x_wconf 80' lang='lat' dir='ltr'>sed</span> <span class='ocrx_word' id='word_1_74' title='bbox 658 445 755 494; x_wconf 84' lang='lat' dir='ltr'>plana</span> <span class='ocrx_word' id='word_1_75' title='bbox 768 472 777 489; x_wconf 86' lang='lat'><strong>,</strong></span> <span class='ocrx_word' id='word_1_76' title='bbox 791 446 912 494; x_wconf 87' lang='lat' dir='ltr'>ubique</span> <span class='ocrx_word' id='word_1_77' title='bbox 924 447 1041 482; x_wconf 89' lang='lat' dir='ltr'>eadem</span> <span class='ocrx_word' id='word_1_78' title='bbox 1052 444 1130 482; x_wconf 70' lang='lat' dir='ltr'>esset</span> <span class='ocrx_word' id='word_1_79' title='bbox 1141 448 1210 496; x_wconf 90' lang='lat' dir='ltr'>poli</span> <span class='ocrx_word' id='word_1_80' title='bbox 1229 446 1373 484; x_wconf 87' lang='lat' dir='ltr'>elevatio</span> <span class='ocrx_word' id='word_1_81' title='bbox 1385 476 1395 491; x_wconf 87' lang='lat'>‚</span> <span class='ocrx_word' id='word_1_82' title='bbox 1419 459 1460 482; x_wconf 79' lang='lat' dir='ltr'>ac</span> <span class='ocrx_word' id='word_1_83' title='bbox 1468 446 1514 484; x_wconf 89' lang='lat' dir='ltr'>sol</span> <span class='ocrx_word' id='word_1_84' title='bbox 1521 451 1689 487; x_wconf 80' lang='lat' dir='ltr'><strong>dimidiam</strong></span> <span class='ocrx_word' id='word_1_85' title='bbox 1703 450 1789 486; x_wconf 86' lang='lat' dir='ltr'>illius</span> <span class='ocrx_word' id='word_1_86' title='bbox 1809 453 1812 458; x_wconf 92' lang='lat'>&#39;</span> 
     </span>
     <span class='ocr_line' id='line_1_9' title="bbox 398 493 1572 549; baseline 0.001 -20"><span class='ocrx_word' id='word_1_87' title='bbox 398 507 526 549; x_wconf 63' lang='lat' dir='ltr'>Partem</span> <span class='ocrx_word' id='word_1_88' title='bbox 533 494 644 538; x_wconf 75' lang='lat' dir='ltr'>simul,</span> <span class='ocrx_word' id='word_1_89' title='bbox 663 500 697 532; x_wconf 70' lang='grc' dir='ltr'>δε</span> <span class='ocrx_word' id='word_1_90' title='bbox 708 495 826 531; x_wconf 84' lang='lat' dir='ltr'>eodem</span> <span class='ocrx_word' id='word_1_91' title='bbox 836 496 965 531; x_wconf 84' lang='lat' dir='ltr'>instanti</span> <span class='ocrx_word' id='word_1_92' title='bbox 987 495 1196 531; x_wconf 83' lang='lat' dir='ltr'>collustraret.</span> <span class='ocrx_word' id='word_1_93' title='bbox 1530 504 1540 535; x_wconf 72' lang='grc' dir='ltr'>ἰ,</span> <span class='ocrx_word' id='word_1_94' title='bbox 1553 493 1555 495; x_wconf 70' lang='grc'><strong>’</strong></span> <span class='ocrx_word' id='word_1_95' title='bbox 1569 500 1572 507; x_wconf 82' lang='grc'><em>’</em></span> 
     </span>
    </p>

    <p class='ocr_par' dir='ltr' id='par_1_5' title="bbox 398 544 1794 830">
     <span class='ocr_line' id='line_1_10' title="bbox 436 544 1791 595; baseline 0.004 -17"><span class='ocrx_word' id='word_1_96' title='bbox 436 562 455 584; x_wconf 86' lang='lat'>2</span> <span class='ocrx_word' id='word_1_97' title='bbox 464 557 492 578; x_wconf 91' lang='grc' dir='ltr'>ο.</span> <span class='ocrx_word' id='word_1_98' title='bbox 505 545 597 580; x_wconf 84' lang='lat' dir='ltr'>Sellae</span> <span class='ocrx_word' id='word_1_99' title='bbox 611 557 680 593; x_wconf 80' lang='lat' dir='ltr'>quae</span> <span class='ocrx_word' id='word_1_100' title='bbox 692 546 773 579; x_wconf 89' lang='lat' dir='ltr'>circa</span> <span class='ocrx_word' id='word_1_101' title='bbox 782 544 896 595; x_wconf 86' lang='lat' dir='ltr'>polum</span> <span class='ocrx_word' id='word_1_102' title='bbox 909 544 1005 580; x_wconf 82' lang='lat' dir='ltr'>nobis</span> <span class='ocrx_word' id='word_1_103' title='bbox 1024 544 1230 594; x_wconf 87' lang='lat' dir='ltr'>conspicuum</span> <span class='ocrx_word' id='word_1_104' title='bbox 1242 545 1352 595; x_wconf 77' lang='lat' dir='ltr'>pofitae</span> <span class='ocrx_word' id='word_1_105' title='bbox 1368 559 1536 595; x_wconf 77' lang='lat' dir='ltr'>nunquam</span> <span class='ocrx_word' id='word_1_106' title='bbox 1547 550 1697 585; x_wconf 87' lang='lat' dir='ltr'>oriuntur</span> <span class='ocrx_word' id='word_1_107' title='bbox 1707 576 1717 588; x_wconf 89' lang='lat'><em>,</em></span> <span class='ocrx_word' id='word_1_108' title='bbox 1726 548 1791 584; x_wconf 84' lang='lat' dir='ltr'>-vel</span> 
     </span>
     <span class='ocr_line' id='line_1_11' title="bbox 398 591 1792 645; baseline -0.001 -12"><span class='ocrx_word' id='word_1_109' title='bbox 398 595 555 633; x_wconf 82' lang='lat' dir='ltr'>occidunt</span> <span class='ocrx_word' id='word_1_110' title='bbox 568 623 579 638; x_wconf 90' lang='lat'>,</span> <span class='ocrx_word' id='word_1_111' title='bbox 589 599 623 631; x_wconf 90' lang='lat'>&amp;</span> <span class='ocrx_word' id='word_1_112' title='bbox 636 592 703 642; x_wconf 73' lang='lat' dir='ltr'>quo</span> <span class='ocrx_word' id='word_1_113' title='bbox 717 596 820 644; x_wconf 84' lang='lat' dir='ltr'>magis</span> <span class='ocrx_word' id='word_1_114' title='bbox 839 593 860 630; x_wconf 72' lang='grc' dir='ltr'>ἐι</span> <span class='ocrx_word' id='word_1_115' title='bbox 872 593 950 643; x_wconf 88' lang='lat' dir='ltr'>polo</span> <span class='ocrx_word' id='word_1_116' title='bbox 962 594 1077 630; x_wconf 80' lang='lat' dir='ltr'>distant</span> <span class='ocrx_word' id='word_1_117' title='bbox 1086 625 1096 639; x_wconf 88' lang='lat'>‚</span> <span class='ocrx_word' id='word_1_118' title='bbox 1117 594 1158 631; x_wconf 79' lang='grc' dir='ltr'>εὸ</span> <span class='ocrx_word' id='word_1_119' title='bbox 1171 595 1306 631; x_wconf 82' lang='lat' dir='ltr'>circulos</span> <span class='ocrx_word' id='word_1_120' title='bbox 1318 596 1494 645; x_wconf 65' lang='lat' dir='ltr'>ampliores</span> <span class='ocrx_word' id='word_1_121' title='bbox 1501 591 1596 633; x_wconf 76' lang='lat' dir='ltr'>vmotu</span> <span class='ocrx_word' id='word_1_122' title='bbox 1606 598 1721 634; x_wconf 84' lang='lat' dir='ltr'>diurno</span> <span class='ocrx_word' id='word_1_123' title='bbox 1732 599 1792 633; x_wconf 88' lang='lat' dir='ltr'>de—</span> 
     </span>
     <span class='ocr_line' id='line_1_12' title="bbox 400 642 1793 696; baseline -0.001 -14"><span class='ocrx_word' id='word_1_124' title='bbox 400 645 548 688; x_wconf 78' lang='lat' dir='ltr'>eribant,</span> <span class='ocrx_word' id='word_1_125' title='bbox 559 642 730 693; x_wconf 77' lang='lat' dir='ltr'>globosam</span> <span class='ocrx_word' id='word_1_126' title='bbox 743 644 805 679; x_wconf 83' lang='lat' dir='ltr'>coel</span> <span class='ocrx_word' id='word_1_127' title='bbox 815 646 863 681; x_wconf 74' lang='lat' dir='ltr'>i&amp;</span> <span class='ocrx_word' id='word_1_128' title='bbox 879 655 969 679; x_wconf 87' lang='lat' dir='ltr'>terrae</span> <span class='ocrx_word' id='word_1_129' title='bbox 983 643 1118 693; x_wconf 83' lang='lat' dir='ltr'>figuram</span> <span class='ocrx_word' id='word_1_130' title='bbox 1127 645 1368 682; x_wconf 77' lang='lat' dir='ltr'>demonstrant:</span> <span class='ocrx_word' id='word_1_131' title='bbox 1391 647 1476 681; x_wconf 89' lang='lat' dir='ltr'>unde</span> <span class='ocrx_word' id='word_1_132' title='bbox 1485 649 1541 694; x_wconf 89' lang='lat' dir='ltr'>qui</span> <span class='ocrx_word' id='word_1_133' title='bbox 1552 648 1574 682; x_wconf 72' lang='grc' dir='ltr'>ξι</span> <span class='ocrx_word' id='word_1_134' title='bbox 1586 649 1793 696; x_wconf 83' lang='lat' dir='ltr'>Septentrio-</span> 
     </span>
     <span class='ocr_line' id='line_1_13' title="bbox 401 692 1794 744; baseline 0.001 -14"><span class='ocrx_word' id='word_1_135' title='bbox 401 708 443 732; x_wconf 90' lang='lat' dir='ltr'>ne</span> <span class='ocrx_word' id='word_1_136' title='bbox 454 698 488 730; x_wconf 88' lang='lat' dir='ltr'>in</span> <span class='ocrx_word' id='word_1_137' title='bbox 498 694 643 730; x_wconf 86' lang='lat' dir='ltr'>Austrum</span> <span class='ocrx_word' id='word_1_138' title='bbox 651 695 712 727; x_wconf 87' lang='lat' dir='ltr'>iter</span> <span class='ocrx_word' id='word_1_139' title='bbox 726 692 869 737; x_wconf 85' lang='lat' dir='ltr'>faciunt,</span> <span class='ocrx_word' id='word_1_140' title='bbox 880 705 982 728; x_wconf 84' lang='lat' dir='ltr'>novas</span> <span class='ocrx_word' id='word_1_141' title='bbox 1001 693 1106 729; x_wconf 88' lang='lat' dir='ltr'>stellas</span> <span class='ocrx_word' id='word_1_142' title='bbox 1118 694 1193 729; x_wconf 69' lang='lat' dir='ltr'>ante</span> <span class='ocrx_word' id='word_1_143' title='bbox 1211 696 1389 744; x_wconf 80' lang='lat' dir='ltr'>incognitas</span> <span class='ocrx_word' id='word_1_144' title='bbox 1405 695 1654 744; x_wconf 84' lang='lat' dir='ltr'>deprehendunt</span> <span class='ocrx_word' id='word_1_145' title='bbox 1675 711 1684 732; x_wconf 71' lang='grc' dir='ltr'><em>ε</em></span> <span class='ocrx_word' id='word_1_146' title='bbox 1703 696 1794 744; x_wconf 83' lang='lat' dir='ltr'>quod</span> 
     </span>
     <span class='ocr_line' id='line_1_14' title="bbox 401 741 1794 793; baseline 0 -13"><span class='ocrx_word' id='word_1_147' title='bbox 401 747 516 792; x_wconf 87' lang='lat' dir='ltr'>utique</span> <span class='ocrx_word' id='word_1_148' title='bbox 531 756 598 778; x_wconf 91' lang='lat' dir='ltr'>non</span> <span class='ocrx_word' id='word_1_149' title='bbox 608 742 771 777; x_wconf 86' lang='lat' dir='ltr'>accideret</span> <span class='ocrx_word' id='word_1_150' title='bbox 781 771 791 786; x_wconf 90' lang='lat'>‚</span> <span class='ocrx_word' id='word_1_151' title='bbox 803 742 859 778; x_wconf 86' lang='lat' dir='ltr'>nifi</span> <span class='ocrx_word' id='word_1_152' title='bbox 869 753 903 778; x_wconf 86' lang='lat' dir='ltr'>ut</span> <span class='ocrx_word' id='word_1_153' title='bbox 913 742 990 777; x_wconf 85' lang='lat' dir='ltr'>coeli</span> <span class='ocrx_word' id='word_1_154' title='bbox 1002 771 1011 786; x_wconf 82' lang='lat'>,</span> <span class='ocrx_word' id='word_1_155' title='bbox 1020 741 1060 777; x_wconf 85' lang='lat' dir='ltr'>fic</span> <span class='ocrx_word' id='word_1_156' title='bbox 1073 755 1162 778; x_wconf 84' lang='lat' dir='ltr'>terrae</span> <span class='ocrx_word' id='word_1_157' title='bbox 1174 742 1325 792; x_wconf 66' lang='lat' dir='ltr'>sphaerica</span> <span class='ocrx_word' id='word_1_158' title='bbox 1337 741 1412 779; x_wconf 85' lang='lat' dir='ltr'>esset</span> <span class='ocrx_word' id='word_1_159' title='bbox 1421 742 1524 793; x_wconf 82' lang='lat' dir='ltr'>figura</span> <span class='ocrx_word' id='word_1_160' title='bbox 1536 757 1667 793; x_wconf 79' lang='lat' dir='ltr'>:neque</span> <span class='ocrx_word' id='word_1_161' title='bbox 1681 747 1720 780; x_wconf 83' lang='lat' dir='ltr'>iis</span> <span class='ocrx_word' id='word_1_162' title='bbox 1736 746 1794 793; x_wconf 86' lang='lat' dir='ltr'>qui</span> 
     </span>
     <span class='ocr_line' id='line_1_15' title="bbox 401 790 1232 830; baseline -0.006 0"><span class='ocrx_word' id='word_1_163' title='bbox 401 796 444 830; x_wconf 80' lang='lat' dir='ltr'>ad</span> <span class='ocrx_word' id='word_1_164' title='bbox 453 795 613 828; x_wconf 78' lang='lat' dir='ltr'>orientem</span> <span class='ocrx_word' id='word_1_165' title='bbox 625 791 698 828; x_wconf 88' lang='lat' dir='ltr'>sunt</span> <span class='ocrx_word' id='word_1_166' title='bbox 711 793 875 827; x_wconf 83' lang='lat' dir='ltr'>constituti</span> <span class='ocrx_word' id='word_1_167' title='bbox 888 790 984 827; x_wconf 67' lang='lat' dir='ltr'>citius</span> <span class='ocrx_word' id='word_1_168' title='bbox 998 792 1044 827; x_wconf 87' lang='lat' dir='ltr'>sol</span> <span class='ocrx_word' id='word_1_169' title='bbox 1059 793 1232 828; x_wconf 85' lang='lat' dir='ltr'>occideret.</span> 
     </span>
    </p>
   </div>
   <div class='ocr_carea' id='block_1_2' title="bbox 442 840 1793 891">
    <p class='ocr_par' dir='ltr' id='par_1_6' title="bbox 442 840 1793 891">
     <span class='ocr_line' id='line_1_16' title="bbox 442 840 1793 891; baseline 0.001 -17"><span class='ocrx_word' id='word_1_170' title='bbox 442 856 489 889; x_wconf 74' lang='lat'>30,</span> <span class='ocrx_word' id='word_1_171' title='bbox 504 844 578 878; x_wconf 85' lang='lat' dir='ltr'>Nec</span> <span class='ocrx_word' id='word_1_172' title='bbox 586 844 697 891; x_wconf 83' lang='lat' dir='ltr'>gravia</span> <span class='ocrx_word' id='word_1_173' title='bbox 707 844 742 876; x_wconf 85' lang='lat' dir='ltr'>in</span> <span class='ocrx_word' id='word_1_174' title='bbox 753 853 872 877; x_wconf 86' lang='lat' dir='ltr'>terram</span> <span class='ocrx_word' id='word_1_175' title='bbox 882 842 922 876; x_wconf 85' lang='lat' dir='ltr'>ad</span> <span class='ocrx_word' id='word_1_176' title='bbox 938 842 1204 890; x_wconf 84' lang='lat' dir='ltr'>perpendiculum</span> <span class='ocrx_word' id='word_1_177' title='bbox 1221 841 1399 877; x_wconf 71' lang='lat' dir='ltr'>inciderent</span> <span class='ocrx_word' id='word_1_178' title='bbox 1413 871 1423 885; x_wconf 92' lang='lat'>,</span> <span class='ocrx_word' id='word_1_179' title='bbox 1438 841 1493 878; x_wconf 75' lang='lat' dir='ltr'>nisi</span> <span class='ocrx_word' id='word_1_180' title='bbox 1510 854 1594 878; x_wconf 81' lang='lat' dir='ltr'>terra</span> <span class='ocrx_word' id='word_1_181' title='bbox 1605 841 1681 878; x_wconf 78' lang='lat' dir='ltr'>effer</span> <span class='ocrx_word' id='word_1_182' title='bbox 1691 840 1793 891; x_wconf 83' lang='lat' dir='ltr'>sphae-</span> 
     </span>
    </p>
   </div>
   <div class='ocr_carea' id='block_1_3' title="bbox 404 888 1873 940">
    <p class='ocr_par' dir='ltr' id='par_1_7' title="bbox 404 888 1873 940">
     <span class='ocr_line' id='line_1_17' title="bbox 404 888 1873 940; baseline -0.002 -11"><span class='ocrx_word' id='word_1_183' title='bbox 404 895 478 929; x_wconf 88' lang='lat' dir='ltr'>ricae</span> <span class='ocrx_word' id='word_1_184' title='bbox 489 891 593 940; x_wconf 82' lang='lat' dir='ltr'>figurae</span> <span class='ocrx_word' id='word_1_185' title='bbox 616 903 711 926; x_wconf 81' lang='lat' dir='ltr'>:nam</span> <span class='ocrx_word' id='word_1_186' title='bbox 723 890 799 925; x_wconf 83' lang='lat' dir='ltr'>huic</span> <span class='ocrx_word' id='word_1_187' title='bbox 810 890 917 940; x_wconf 64' lang='lat' dir='ltr'>figurat¹</span> <span class='ocrx_word' id='word_1_188' title='bbox 927 891 959 925; x_wconf 90' lang='lat' dir='ltr'>id</span> <span class='ocrx_word' id='word_1_189' title='bbox 977 893 1143 939; x_wconf 79' lang='lat' dir='ltr'>proprium</span> <span class='ocrx_word' id='word_1_190' title='bbox 1153 891 1200 925; x_wconf 82' lang='lat' dir='ltr'>est</span> <span class='ocrx_word' id='word_1_191' title='bbox 1212 919 1221 933; x_wconf 87' lang='lat'><strong>,</strong></span> <span class='ocrx_word' id='word_1_192' title='bbox 1236 902 1272 926; x_wconf 88' lang='lat' dir='ltr'>ut</span> <span class='ocrx_word' id='word_1_193' title='bbox 1287 891 1378 926; x_wconf 83' lang='lat' dir='ltr'>lineae</span> <span class='ocrx_word' id='word_1_194' title='bbox 1394 904 1465 939; x_wconf 87' lang='lat' dir='ltr'>quae</span> <span class='ocrx_word' id='word_1_195' title='bbox 1483 893 1523 927; x_wconf 85' lang='lat' dir='ltr'>ad</span> <span class='ocrx_word' id='word_1_196' title='bbox 1545 891 1629 928; x_wconf 87' lang='lat' dir='ltr'>illius</span> <span class='ocrx_word' id='word_1_197' title='bbox 1648 902 1796 926; x_wconf 81' lang='lat' dir='ltr'>centrum</span> <span class='ocrx_word' id='word_1_198' title='bbox 1810 895 1814 897; x_wconf 66' lang='grc'>“</span> <span class='ocrx_word' id='word_1_199' title='bbox 1863 888 1873 891; x_wconf 40' lang='lat'>‘-</span> 
     </span>
    </p>
   </div>
   <div class='ocr_carea' id='block_1_4' title="bbox 400 938 1813 2264">
    <p class='ocr_par' dir='ltr' id='par_1_8' title="bbox 405 938 1802 1320">
     <span class='ocr_line' id='line_1_18' title="bbox 405 938 1798 989; baseline -0.002 -11"><span class='ocrx_word' id='word_1_200' title='bbox 405 942 545 978; x_wconf 81' lang='lat' dir='ltr'>tendunt</span> <span class='ocrx_word' id='word_1_201' title='bbox 554 969 564 984; x_wconf 95' lang='lat'>,</span> <span class='ocrx_word' id='word_1_202' title='bbox 576 942 611 975; x_wconf 89' lang='lat' dir='ltr'>in</span> <span class='ocrx_word' id='word_1_203' title='bbox 622 938 822 988; x_wconf 79' lang='lat' dir='ltr'>superficiem</span> <span class='ocrx_word' id='word_1_204' title='bbox 830 940 946 975; x_wconf 86' lang='lat' dir='ltr'>cadant</span> <span class='ocrx_word' id='word_1_205' title='bbox 954 941 997 975; x_wconf 85' lang='lat' dir='ltr'>ad</span> <span class='ocrx_word' id='word_1_206' title='bbox 1009 939 1282 989; x_wconf 74' lang='lat' dir='ltr'>perpendiculum.</span> <span class='ocrx_word' id='word_1_207' title='bbox 1303 942 1428 975; x_wconf 83' lang='lat' dir='ltr'>Omnia</span> <span class='ocrx_word' id='word_1_208' title='bbox 1442 953 1574 989; x_wconf 85' lang='lat' dir='ltr'>quoque</span> <span class='ocrx_word' id='word_1_209' title='bbox 1588 942 1798 977; x_wconf 78' lang='lat' dir='ltr'>instrumenta</span> 
     </span>
     <span class='ocr_line' id='line_1_19' title="bbox 407 985 1797 1040; baseline -0.002 -14"><span class='ocrx_word' id='word_1_210' title='bbox 407 990 524 1040; x_wconf 84' lang='lat' dir='ltr'>quibus</span> <span class='ocrx_word' id='word_1_211' title='bbox 542 1001 650 1025; x_wconf 87' lang='lat' dir='ltr'>motus</span> <span class='ocrx_word' id='word_1_212' title='bbox 664 988 811 1025; x_wconf 82' lang='lat' dir='ltr'>coelestes</span> <span class='ocrx_word' id='word_1_213' title='bbox 831 988 1050 1038; x_wconf 83' lang='lat' dir='ltr'>explicantur,</span> <span class='ocrx_word' id='word_1_214' title='bbox 1068 1000 1123 1024; x_wconf 81' lang='lat' dir='ltr'>aut</span> <span class='ocrx_word' id='word_1_215' title='bbox 1146 989 1308 1038; x_wconf 69' lang='lat' dir='ltr'>perspeffl·</span> <span class='ocrx_word' id='word_1_216' title='bbox 1317 988 1499 1033; x_wconf 82' lang='lat' dir='ltr'>habentur,</span> <span class='ocrx_word' id='word_1_217' title='bbox 1510 985 1648 1024; x_wconf 74' lang='lat' dir='ltr'>¹rotunda</span> <span class='ocrx_word' id='word_1_218' title='bbox 1662 988 1746 1032; x_wconf 88' lang='lat' dir='ltr'>sunt;</span> <span class='ocrx_word' id='word_1_219' title='bbox 1758 1001 1797 1023; x_wconf 89' lang='lat' dir='ltr'>ac</span> 
     </span>
     <span class='ocr_line' id='line_1_20' title="bbox 407 1036 1798 1087; baseline -0.003 -11"><span class='ocrx_word' id='word_1_220' title='bbox 407 1043 540 1076; x_wconf 85' lang='lat' dir='ltr'>demum</span> <span class='ocrx_word' id='word_1_221' title='bbox 550 1051 630 1074; x_wconf 87' lang='lat' dir='ltr'>unus</span> <span class='ocrx_word' id='word_1_222' title='bbox 640 1050 729 1073; x_wconf 78' lang='lat' dir='ltr'>terrae</span> <span class='ocrx_word' id='word_1_223' title='bbox 736 1038 854 1087; x_wconf 83' lang='lat' dir='ltr'>gradus</span> <span class='ocrx_word' id='word_1_224' title='bbox 870 1040 926 1074; x_wconf 89' lang='lat' dir='ltr'>uni</span> <span class='ocrx_word' id='word_1_225' title='bbox 936 1038 1051 1074; x_wconf 85' lang='lat' dir='ltr'>itidem</span> <span class='ocrx_word' id='word_1_226' title='bbox 1071 1038 1146 1073; x_wconf 83' lang='lat' dir='ltr'>coeli</span> <span class='ocrx_word' id='word_1_227' title='bbox 1154 1037 1460 1087; x_wconf 79' lang='lat' dir='ltr'>graduirespondet.</span> <span class='ocrx_word' id='word_1_228' title='bbox 1484 1041 1558 1075; x_wconf 90' lang='lat' dir='ltr'>Nec</span> <span class='ocrx_word' id='word_1_229' title='bbox 1569 1038 1701 1073; x_wconf 83' lang='lat' dir='ltr'>demum</span> <span class='ocrx_word' id='word_1_230' title='bbox 1710 1036 1798 1073; x_wconf 64' lang='lat' dir='ltr'>fide-</span> 
     </span>
     <span class='ocr_line' id='line_1_21' title="bbox 407 1086 1800 1138; baseline -0.004 -13"><span class='ocrx_word' id='word_1_231' title='bbox 407 1102 479 1126; x_wconf 84' lang='lat' dir='ltr'>rum</span> <span class='ocrx_word' id='word_1_232' title='bbox 487 1089 722 1138; x_wconf 84' lang='lat' dir='ltr'>phaenomena‚</span> <span class='ocrx_word' id='word_1_233' title='bbox 738 1089 863 1122; x_wconf 84' lang='lat' dir='ltr'>dierum</span> <span class='ocrx_word' id='word_1_234' title='bbox 873 1093 908 1125; x_wconf 86' lang='lat'>&amp;</span> <span class='ocrx_word' id='word_1_235' title='bbox 920 1088 1066 1123; x_wconf 67' lang='lat' dir='ltr'>noctium</span> <span class='ocrx_word' id='word_1_236' title='bbox 1081 1086 1242 1122; x_wconf 76' lang='lat' dir='ltr'>diversitas</span> <span class='ocrx_word' id='word_1_237' title='bbox 1258 1117 1267 1132; x_wconf 87' lang='lat'>,</span> <span class='ocrx_word' id='word_1_238' title='bbox 1283 1087 1414 1136; x_wconf 84' lang='lat' dir='ltr'>eclipses</span> <span class='ocrx_word' id='word_1_239' title='bbox 1434 1115 1444 1131; x_wconf 86' lang='lat'>,</span> <span class='ocrx_word' id='word_1_240' title='bbox 1467 1087 1638 1136; x_wconf 79' lang='lat' dir='ltr'>horologia</span> <span class='ocrx_word' id='word_1_241' title='bbox 1654 1086 1800 1121; x_wconf 59' lang='lat' dir='ltr'>scioteri0</span> 
     </span>
     <span class='ocr_line' id='line_1_22' title="bbox 407 1135 1800 1186; baseline -0.005 -12"><span class='ocrx_word' id='word_1_242' title='bbox 407 1151 446 1174; x_wconf 82' lang='lat' dir='ltr'>ca</span> <span class='ocrx_word' id='word_1_243' title='bbox 455 1139 525 1174; x_wconf 91' lang='lat' dir='ltr'>ullo</span> <span class='ocrx_word' id='word_1_244' title='bbox 543 1137 644 1173; x_wconf 89' lang='lat' dir='ltr'>modo</span> <span class='ocrx_word' id='word_1_245' title='bbox 658 1136 812 1184; x_wconf 85' lang='lat' dir='ltr'>explicari</span> <span class='ocrx_word' id='word_1_246' title='bbox 833 1136 984 1185; x_wconf 75' lang='lat' dir='ltr'>possunt,</span> <span class='ocrx_word' id='word_1_247' title='bbox 1004 1135 1061 1173; x_wconf 74' lang='lat' dir='ltr'>nist</span> <span class='ocrx_word' id='word_1_248' title='bbox 1081 1136 1188 1181; x_wconf 78' lang='lat' dir='ltr'>coelo,</span> <span class='ocrx_word' id='word_1_249' title='bbox 1208 1142 1245 1174; x_wconf 84' lang='lat'>&amp;</span> <span class='ocrx_word' id='word_1_250' title='bbox 1263 1135 1369 1172; x_wconf 86' lang='lat' dir='ltr'>telluri</span> <span class='ocrx_word' id='word_1_251' title='bbox 1387 1136 1522 1186; x_wconf 80' lang='lat' dir='ltr'>figuram</span> <span class='ocrx_word' id='word_1_252' title='bbox 1538 1135 1721 1186; x_wconf 82' lang='lat' dir='ltr'>sphaericam</span> <span class='ocrx_word' id='word_1_253' title='bbox 1742 1137 1800 1170; x_wconf 88' lang='lat' dir='ltr'>tri-</span> 
     </span>
     <span class='ocr_line' id='line_1_23' title="bbox 409 1184 1799 1233; baseline -0.002 -10"><span class='ocrx_word' id='word_1_254' title='bbox 409 1188 556 1223; x_wconf 84' lang='lat' dir='ltr'>buamus.</span> <span class='ocrx_word' id='word_1_255' title='bbox 566 1188 686 1233; x_wconf 89' lang='lat' dir='ltr'>Neque</span> <span class='ocrx_word' id='word_1_256' title='bbox 698 1185 778 1220; x_wconf 85' lang='lat' dir='ltr'>illud</span> <span class='ocrx_word' id='word_1_257' title='bbox 787 1186 1032 1221; x_wconf 87' lang='lat' dir='ltr'>concedendum</span> <span class='ocrx_word' id='word_1_258' title='bbox 1041 1188 1214 1222; x_wconf 76' lang='lat' dir='ltr'>Oceanum</span> <span class='ocrx_word' id='word_1_259' title='bbox 1235 1184 1296 1220; x_wconf 78' lang='lat' dir='ltr'>esse</span> <span class='ocrx_word' id='word_1_260' title='bbox 1319 1196 1404 1220; x_wconf 86' lang='lat' dir='ltr'>terra</span> <span class='ocrx_word' id='word_1_261' title='bbox 1421 1185 1574 1222; x_wconf 74' lang='lat' dir='ltr'>altiorem</span> <span class='ocrx_word' id='word_1_262' title='bbox 1589 1200 1597 1221; x_wconf 90' lang='lat'>:</span> <span class='ocrx_word' id='word_1_263' title='bbox 1619 1198 1692 1220; x_wconf 87' lang='lat' dir='ltr'>cum</span> <span class='ocrx_word' id='word_1_264' title='bbox 1709 1186 1799 1220; x_wconf 86' lang='lat' dir='ltr'>enim</span> 
     </span>
     <span class='ocr_line' id='line_1_24' title="bbox 410 1233 1802 1283; baseline -0.001 -12"><span class='ocrx_word' id='word_1_265' title='bbox 410 1249 495 1283; x_wconf 79' lang='lat' dir='ltr'>aqua</span> <span class='ocrx_word' id='word_1_266' title='bbox 507 1235 632 1282; x_wconf 87' lang='lat' dir='ltr'>semper</span> <span class='ocrx_word' id='word_1_267' title='bbox 640 1233 900 1269; x_wconf 81' lang='lat' dir='ltr'>declivioraloca</span> <span class='ocrx_word' id='word_1_268' title='bbox 909 1245 1025 1282; x_wconf 84' lang='lat' dir='ltr'>petat,</span> <span class='ocrx_word' id='word_1_269' title='bbox 1041 1233 1064 1269; x_wconf 78' lang='lat' dir='ltr'>fi</span> <span class='ocrx_word' id='word_1_270' title='bbox 1082 1246 1168 1270; x_wconf 80' lang='lat' dir='ltr'>terta</span> <span class='ocrx_word' id='word_1_271' title='bbox 1185 1233 1261 1270; x_wconf 83' lang='lat' dir='ltr'>effer</span> <span class='ocrx_word' id='word_1_272' title='bbox 1272 1237 1353 1269; x_wconf 79' lang='lat' dir='ltr'>mati</span> <span class='ocrx_word' id='word_1_273' title='bbox 1368 1233 1542 1282; x_wconf 85' lang='lat' dir='ltr'>depreffior</span> <span class='ocrx_word' id='word_1_274' title='bbox 1556 1263 1567 1278; x_wconf 89' lang='lat'>‚</span> <span class='ocrx_word' id='word_1_275' title='bbox 1586 1246 1671 1283; x_wconf 84' lang='lat' dir='ltr'>aqua</span> <span class='ocrx_word' id='word_1_276' title='bbox 1683 1244 1802 1269; x_wconf 85' lang='lat' dir='ltr'>terram</span> 
     </span>
     <span class='ocr_line' id='line_1_25' title="bbox 410 1284 591 1320; baseline -0.022 0"><span class='ocrx_word' id='word_1_277' title='bbox 410 1284 591 1320; x_wconf 85' lang='lat' dir='ltr'>inundaret.</span> 
     </span>
    </p>

    <p class='ocr_par' dir='ltr' id='par_1_9' title="bbox 400 1330 1813 1527">
     <span class='ocr_line' id='line_1_26' title="bbox 448 1330 1802 1381; baseline 0 -14"><span class='ocrx_word' id='word_1_278' title='bbox 448 1333 530 1368; x_wconf 78' lang='lat' dir='ltr'>Illud.</span> <span class='ocrx_word' id='word_1_279' title='bbox 539 1342 672 1381; x_wconf 88' lang='lat' dir='ltr'>quoque</span> <span class='ocrx_word' id='word_1_280' title='bbox 683 1333 832 1380; x_wconf 79' lang='lat' dir='ltr'>principii</span> <span class='ocrx_word' id='word_1_281' title='bbox 842 1331 934 1367; x_wconf 80' lang='lat' dir='ltr'>instar</span> <span class='ocrx_word' id='word_1_282' title='bbox 947 1332 1135 1380; x_wconf 77' lang='lat' dir='ltr'>ponendum</span> <span class='ocrx_word' id='word_1_283' title='bbox 1147 1360 1157 1376; x_wconf 84' lang='lat'>‚</span> <span class='ocrx_word' id='word_1_284' title='bbox 1177 1342 1294 1366; x_wconf 85' lang='lat' dir='ltr'>terram</span> <span class='ocrx_word' id='word_1_285' title='bbox 1308 1332 1347 1366; x_wconf 88' lang='lat' dir='ltr'>ad</span> <span class='ocrx_word' id='word_1_286' title='bbox 1363 1330 1576 1374; x_wconf 84' lang='lat' dir='ltr'>firmamenti,</span> <span class='ocrx_word' id='word_1_287' title='bbox 1597 1333 1664 1366; x_wconf 88' lang='lat' dir='ltr'>imo</span> <span class='ocrx_word' id='word_1_288' title='bbox 1677 1331 1718 1366; x_wconf 89' lang='lat' dir='ltr'>ad</span> <span class='ocrx_word' id='word_1_289' title='bbox 1730 1343 1802 1376; x_wconf 63' lang='grc' dir='ltr'>εφ-</span> 
     </span>
     <span class='ocr_line' id='line_1_27' title="bbox 400 1379 1803 1430; baseline 0 -13"><span class='ocrx_word' id='word_1_290' title='bbox 400 1382 436 1418; x_wconf 74' lang='lat' dir='ltr'>vli</span> <span class='ocrx_word' id='word_1_291' title='bbox 449 1380 556 1417; x_wconf 81' lang='lat' dir='ltr'>solaris</span> <span class='ocrx_word' id='word_1_292' title='bbox 567 1380 779 1430; x_wconf 85' lang='lat' dir='ltr'>complexum</span> <span class='ocrx_word' id='word_1_293' title='bbox 788 1392 1009 1429; x_wconf 75' lang='lat' dir='ltr'>comparatam</span> <span class='ocrx_word' id='word_1_294' title='bbox 1029 1382 1141 1430; x_wconf 65' lang='lat' dir='ltr'>puncti</span> <span class='ocrx_word' id='word_1_295' title='bbox 1159 1381 1250 1415; x_wconf 78' lang='lat' dir='ltr'>instar</span> <span class='ocrx_word' id='word_1_296' title='bbox 1267 1379 1432 1417; x_wconf 87' lang='lat' dir='ltr'>obtinete.</span> <span class='ocrx_word' id='word_1_297' title='bbox 1445 1383 1534 1418; x_wconf 81' lang='lat' dir='ltr'>Nam</span> <span class='ocrx_word' id='word_1_298' title='bbox 1553 1381 1721 1416; x_wconf 89' lang='lat' dir='ltr'>dimidium</span> <span class='ocrx_word' id='word_1_299' title='bbox 1735 1393 1803 1417; x_wconf 85' lang='lat' dir='ltr'>coe-</span> 
     </span>
     <span class='ocr_line' id='line_1_28' title="bbox 413 1428 1803 1479; baseline -0.001 -13"><span class='ocrx_word' id='word_1_300' title='bbox 413 1431 481 1466; x_wconf 85' lang='lat' dir='ltr'>lum</span> <span class='ocrx_word' id='word_1_301' title='bbox 493 1430 677 1478; x_wconf 66' lang='lat' dir='ltr'>conspectui</span> <span class='ocrx_word' id='word_1_302' title='bbox 689 1430 801 1465; x_wconf 88' lang='lat' dir='ltr'>nostro</span> <span class='ocrx_word' id='word_1_303' title='bbox 814 1440 904 1478; x_wconf 87' lang='lat' dir='ltr'>patet</span> <span class='ocrx_word' id='word_1_304' title='bbox 919 1441 1038 1478; x_wconf 81' lang='lat' dir='ltr'>3atque</span> <span class='ocrx_word' id='word_1_305' title='bbox 1052 1441 1095 1466; x_wconf 85' lang='lat' dir='ltr'>ex</span> <span class='ocrx_word' id='word_1_306' title='bbox 1109 1430 1290 1466; x_wconf 71' lang='lat' dir='ltr'>1220diaci</span> <span class='ocrx_word' id='word_1_307' title='bbox 1304 1428 1396 1479; x_wconf 77' lang='lat' dir='ltr'>signis</span> <span class='ocrx_word' id='word_1_308' title='bbox 1406 1460 1416 1475; x_wconf 88' lang='lat'>,</span> <span class='ocrx_word' id='word_1_309' title='bbox 1431 1429 1482 1465; x_wconf 87' lang='lat' dir='ltr'>sex</span> <span class='ocrx_word' id='word_1_310' title='bbox 1491 1429 1582 1479; x_wconf 73' lang='lat' dir='ltr'>supra</span> <span class='ocrx_word' id='word_1_311' title='bbox 1593 1429 1803 1466; x_wconf 84' lang='lat' dir='ltr'>horizontem</span> 
     </span>
     <span class='ocr_line' id='line_1_29' title="bbox 414 1479 1813 1527; baseline -0.001 -12"><span class='ocrx_word' id='word_1_312' title='bbox 414 1480 630 1523; x_wconf 82' lang='lat' dir='ltr'>attolluntur,</span> <span class='ocrx_word' id='word_1_313' title='bbox 648 1479 772 1526; x_wconf 81' lang='lat' dir='ltr'>reliqua</span> <span class='ocrx_word' id='word_1_314' title='bbox 792 1479 1026 1527; x_wconf 85' lang='lat' dir='ltr'>deprimuntur.</span> <span class='ocrx_word' id='word_1_315' title='bbox 1273 1482 1277 1485; x_wconf 78' lang='grc'><em>“</em></span> <span class='ocrx_word' id='word_1_316' title='bbox 1712 1482 1714 1484; x_wconf 81' lang='grc'><strong>’</strong></span> <span class='ocrx_word' id='word_1_317' title='bbox 1811 1513 1813 1515; x_wconf 86' lang='grc'><strong>,</strong></span> 
     </span>
    </p>

    <p class='ocr_par' dir='ltr' id='par_1_10' title="bbox 403 1526 1810 2264">
     <span class='ocr_line' id='line_1_30' title="bbox 461 1526 1804 1579; baseline -0.002 -16"><span class='ocrx_word' id='word_1_318' title='bbox 461 1532 596 1579; x_wconf 79' lang='lat' dir='ltr'>Qianta</span> <span class='ocrx_word' id='word_1_319' title='bbox 607 1526 685 1564; x_wconf 73' lang='lat' dir='ltr'>vero</span> <span class='ocrx_word' id='word_1_320' title='bbox 700 1526 736 1562; x_wconf 82' lang='lat' dir='ltr'>[it</span> <span class='ocrx_word' id='word_1_321' title='bbox 755 1539 844 1563; x_wconf 86' lang='lat' dir='ltr'>terrae</span> <span class='ocrx_word' id='word_1_322' title='bbox 857 1527 1009 1572; x_wconf 78' lang='lat' dir='ltr'>moles,&amp;</span> <span class='ocrx_word' id='word_1_323' title='bbox 1021 1539 1102 1576; x_wconf 85' lang='lat' dir='ltr'>quot</span> <span class='ocrx_word' id='word_1_324' title='bbox 1111 1527 1258 1564; x_wconf 81' lang='lat' dir='ltr'>miliiaria</span> <span class='ocrx_word' id='word_1_325' title='bbox 1269 1527 1350 1562; x_wconf 83' lang='lat' dir='ltr'>illius</span> <span class='ocrx_word' id='word_1_326' title='bbox 1367 1527 1523 1564; x_wconf 84' lang='lat' dir='ltr'>diameter</span> <span class='ocrx_word' id='word_1_327' title='bbox 1537 1528 1706 1562; x_wconf 84' lang='lat' dir='ltr'>contineat</span> <span class='ocrx_word' id='word_1_328' title='bbox 1719 1555 1729 1570; x_wconf 86' lang='lat'>,</span> <span class='ocrx_word' id='word_1_329' title='bbox 1746 1526 1804 1560; x_wconf 86' lang='lat' dir='ltr'>de-</span> 
     </span>
     <span class='ocr_line' id='line_1_31' title="bbox 416 1575 1803 1626; baseline -0.002 -13"><span class='ocrx_word' id='word_1_330' title='bbox 416 1578 500 1613; x_wconf 82' lang='lat' dir='ltr'>finiri</span> <span class='ocrx_word' id='word_1_331' title='bbox 516 1577 611 1613; x_wconf 70' lang='lat' dir='ltr'>facile</span> <span class='ocrx_word' id='word_1_332' title='bbox 620 1576 719 1626; x_wconf 78' lang='lat' dir='ltr'>posset</span> <span class='ocrx_word' id='word_1_333' title='bbox 730 1606 740 1620; x_wconf 86' lang='lat'>‚</span> <span class='ocrx_word' id='word_1_334' title='bbox 751 1576 875 1613; x_wconf 82' lang='lat' dir='ltr'>finobis</span> <span class='ocrx_word' id='word_1_335' title='bbox 886 1576 1042 1625; x_wconf 82' lang='lat' dir='ltr'>liqueret,</span> <span class='ocrx_word' id='word_1_336' title='bbox 1059 1590 1219 1625; x_wconf 86' lang='lat' dir='ltr'>quantum</span> <span class='ocrx_word' id='word_1_337' title='bbox 1233 1588 1344 1625; x_wconf 74' lang='lat' dir='ltr'>pateat</span> <span class='ocrx_word' id='word_1_338' title='bbox 1356 1588 1445 1626; x_wconf 21' lang='lat' dir='ltr'>unus*</span> <span class='ocrx_word' id='word_1_339' title='bbox 1457 1575 1545 1611; x_wconf 84' lang='lat' dir='ltr'>orbis</span> <span class='ocrx_word' id='word_1_340' title='bbox 1570 1588 1661 1611; x_wconf 78' lang='lat' dir='ltr'>terrae</span> <span class='ocrx_word' id='word_1_341' title='bbox 1678 1575 1803 1625; x_wconf 80' lang='lat' dir='ltr'>gradus.</span> 
     </span>
     <span class='ocr_line' id='line_1_32' title="bbox 403 1624 1805 1677; baseline -0.001 -16"><span class='ocrx_word' id='word_1_342' title='bbox 403 1629 484 1677; x_wconf 65' lang='lat' dir='ltr'>jam</span> <span class='ocrx_word' id='word_1_343' title='bbox 497 1638 533 1663; x_wconf 86' lang='lat' dir='ltr'>ut</span> <span class='ocrx_word' id='word_1_344' title='bbox 546 1629 698 1663; x_wconf 77' lang='lat' dir='ltr'>omittam</span> <span class='ocrx_word' id='word_1_345' title='bbox 706 1630 868 1662; x_wconf 83' lang='lat' dir='ltr'>&#39;Veterum</span> <span class='ocrx_word' id='word_1_346' title='bbox 880 1625 940 1661; x_wconf 80' lang='lat' dir='ltr'>hac</span> <span class='ocrx_word' id='word_1_347' title='bbox 958 1627 1041 1661; x_wconf 90' lang='lat' dir='ltr'>dere</span> <span class='ocrx_word' id='word_1_348' title='bbox 1050 1626 1223 1662; x_wconf 73' lang='lat' dir='ltr'>sententias</span> <span class='ocrx_word' id='word_1_349' title='bbox 1237 1638 1309 1674; x_wconf 80' lang='lat' dir='ltr'>quae</span> <span class='ocrx_word' id='word_1_350' title='bbox 1322 1627 1459 1661; x_wconf 86' lang='lat' dir='ltr'>nimium</span> <span class='ocrx_word' id='word_1_351' title='bbox 1470 1627 1553 1660; x_wconf 83' lang='lat' dir='ltr'>inter</span> <span class='ocrx_word' id='word_1_352' title='bbox 1564 1624 1594 1659; x_wconf 89' lang='lat' dir='ltr'>se</span> <span class='ocrx_word' id='word_1_353' title='bbox 1607 1625 1805 1667; x_wconf 81' lang='lat' dir='ltr'>diffentiunt,</span> 
     </span>
     <span class='ocr_line' id='line_1_33' title="bbox 415 1673 1806 1723; baseline -0.003 -11"><span class='ocrx_word' id='word_1_354' title='bbox 415 1677 572 1713; x_wconf 83' lang='lat' dir='ltr'>Fernelius</span> <span class='ocrx_word' id='word_1_355' title='bbox 591 1689 629 1712; x_wconf 85' lang='lat' dir='ltr'>ex</span> <span class='ocrx_word' id='word_1_356' title='bbox 646 1675 707 1710; x_wconf 83' lang='lat' dir='ltr'>suis</span> <span class='ocrx_word' id='word_1_357' title='bbox 727 1675 1010 1711; x_wconf 85' lang='lat' dir='ltr'>observationibus</span> <span class='ocrx_word' id='word_1_358' title='bbox 1024 1675 1159 1723; x_wconf 77' lang='lat' dir='ltr'>collegit</span> <span class='ocrx_word' id='word_1_359' title='bbox 1173 1688 1272 1711; x_wconf 82' lang='lat' dir='ltr'>unum</span> <span class='ocrx_word' id='word_1_360' title='bbox 1285 1687 1377 1709; x_wconf 65' lang='lat' dir='ltr'>terrae</span> <span class='ocrx_word' id='word_1_361' title='bbox 1393 1674 1530 1723; x_wconf 85' lang='lat' dir='ltr'>gradum</span> <span class='ocrx_word' id='word_1_362' title='bbox 1544 1703 1553 1718; x_wconf 88' lang='lat'>‚</span> <span class='ocrx_word' id='word_1_363' title='bbox 1573 1673 1624 1708; x_wconf 84' lang='lat' dir='ltr'>seu</span> <span class='ocrx_word' id='word_1_364' title='bbox 1641 1684 1806 1708; x_wconf 82' lang='lat' dir='ltr'>trecente-</span> 
     </span>
     <span class='ocr_line' id='line_1_34' title="bbox 413 1722 1808 1774; baseline -0.005 -14"><span class='ocrx_word' id='word_1_365' title='bbox 413 1726 526 1772; x_wconf 58' lang='lat' dir='ltr'>simam</span> <span class='ocrx_word' id='word_1_366' title='bbox 536 1723 760 1774; x_wconf 78' lang='lat' dir='ltr'>sexagesimam</span> <span class='ocrx_word' id='word_1_367' title='bbox 772 1724 1041 1759; x_wconf 76' lang='lat' dir='ltr'>circumferenriae</span> <span class='ocrx_word' id='word_1_368' title='bbox 1057 1736 1183 1771; x_wconf 81' lang='lat' dir='ltr'>partem</span> <span class='ocrx_word' id='word_1_369' title='bbox 1199 1724 1260 1758; x_wconf 80' lang='lat' dir='ltr'>effe</span> <span class='ocrx_word' id='word_1_370' title='bbox 1279 1726 1380 1764; x_wconf 74' lang='lat'>68096</span> <span class='ocrx_word' id='word_1_371' title='bbox 1395 1722 1537 1770; x_wconf 79' lang='lat' dir='ltr'>paffuum</span> <span class='ocrx_word' id='word_1_372' title='bbox 1555 1726 1612 1770; x_wconf 73' lang='lat' dir='ltr'>qui</span> <span class='ocrx_word' id='word_1_373' title='bbox 1631 1724 1808 1768; x_wconf 67' lang='lat' dir='ltr'>geometri-</span> 
     </span>
     <span class='ocr_line' id='line_1_35' title="bbox 418 1769 1805 1821; baseline -0.003 -13"><span class='ocrx_word' id='word_1_374' title='bbox 418 1777 447 1808; x_wconf 75' lang='lat' dir='ltr'>ci</span> <span class='ocrx_word' id='word_1_375' title='bbox 465 1776 611 1809; x_wconf 76' lang='lat' dir='ltr'>dicuntur</span> <span class='ocrx_word' id='word_1_376' title='bbox 624 1802 634 1815; x_wconf 86' lang='lat'>‚</span> <span class='ocrx_word' id='word_1_377' title='bbox 652 1785 791 1819; x_wconf 78' lang='lat' dir='ltr'>quorum</span> <span class='ocrx_word' id='word_1_378' title='bbox 805 1774 956 1807; x_wconf 81' lang='lat' dir='ltr'>nimirum</span> <span class='ocrx_word' id='word_1_379' title='bbox 971 1771 1082 1821; x_wconf 73' lang='lat' dir='ltr'>singuli</span> <span class='ocrx_word' id='word_1_380' title='bbox 1094 1771 1165 1806; x_wconf 87' lang='lat' dir='ltr'>sunt</span> <span class='ocrx_word' id='word_1_381' title='bbox 1185 1785 1197 1817; x_wconf 74' lang='grc' dir='ltr'><strong>ς</strong></span> <span class='ocrx_word' id='word_1_382' title='bbox 1217 1772 1347 1819; x_wconf 85' lang='lat' dir='ltr'>pedum.</span> <span class='ocrx_word' id='word_1_383' title='bbox 1363 1773 1449 1819; x_wconf 83' lang='lat' dir='ltr'>Qae</span> <span class='ocrx_word' id='word_1_384' title='bbox 1462 1770 1584 1805; x_wconf 81' lang='lat' dir='ltr'>summa</span> <span class='ocrx_word' id='word_1_385' title='bbox 1601 1769 1705 1807; x_wconf 83' lang='lat' dir='ltr'>efficit</span> <span class='ocrx_word' id='word_1_386' title='bbox 1714 1774 1805 1817; x_wconf 86' lang='lat'>5646</span> 
     </span>
     <span class='ocr_line' id='line_1_36' title="bbox 416 1820 1807 1872; baseline -0.002 -15"><span class='ocrx_word' id='word_1_387' title='bbox 416 1820 879 1872; x_wconf 58' lang='lat' dir='ltr'>hexapedaspanfiensewost</span> <span class='ocrx_word' id='word_1_388' title='bbox 889 1820 1069 1856; x_wconf 75' lang='lat' dir='ltr'>Pernelium</span> <span class='ocrx_word' id='word_1_389' title='bbox 1079 1820 1219 1855; x_wconf 80' lang='lat' dir='ltr'>Snellius</span> <span class='ocrx_word' id='word_1_390' title='bbox 1232 1823 1368 1854; x_wconf 78' lang='lat' dir='ltr'>Batavus</span> <span class='ocrx_word' id='word_1_391' title='bbox 1379 1820 1515 1867; x_wconf 77' lang='lat' dir='ltr'>gradum</span> <span class='ocrx_word' id='word_1_392' title='bbox 1524 1822 1688 1853; x_wconf 84' lang='lat' dir='ltr'>continere</span> <span class='ocrx_word' id='word_1_393' title='bbox 1703 1822 1807 1864; x_wconf 81' lang='lat'>28500</span> 
     </span>
     <span class='ocr_line' id='line_1_37' title="bbox 419 1867 1809 1920; baseline -0.004 -13"><span class='ocrx_word' id='word_1_394' title='bbox 419 1875 555 1919; x_wconf 83' lang='lat' dir='ltr'>perticas</span> <span class='ocrx_word' id='word_1_395' title='bbox 569 1868 759 1907; x_wconf 79' lang='lat' dir='ltr'>Rhenenses</span> <span class='ocrx_word' id='word_1_396' title='bbox 771 1899 780 1913; x_wconf 88' lang='lat'>‚</span> <span class='ocrx_word' id='word_1_397' title='bbox 794 1869 845 1905; x_wconf 86' lang='lat' dir='ltr'>seu</span> <span class='ocrx_word' id='word_1_398' title='bbox 854 1882 940 1920; x_wconf 68' lang='lat'><em>§50²³</em></span> <span class='ocrx_word' id='word_1_399' title='bbox 959 1870 1141 1918; x_wconf 66' lang='lat' dir='ltr'>hexapedus</span> <span class='ocrx_word' id='word_1_400' title='bbox 1163 1871 1333 1915; x_wconf 84' lang='lat' dir='ltr'>comperit.</span> <span class='ocrx_word' id='word_1_401' title='bbox 1344 1871 1440 1904; x_wconf 83' lang='lat' dir='ltr'>Pater</span> <span class='ocrx_word' id='word_1_402' title='bbox 1451 1867 1590 1902; x_wconf 82' lang='lat' dir='ltr'>Riccioli</span> <span class='ocrx_word' id='word_1_403' title='bbox 1603 1880 1677 1902; x_wconf 84' lang='lat' dir='ltr'>eum</span> <span class='ocrx_word' id='word_1_404' title='bbox 1688 1867 1809 1902; x_wconf 82' lang='lat' dir='ltr'>defini-</span> 
     </span>
     <span class='ocr_line' id='line_1_38' title="bbox 421 1914 1808 1968; baseline -0.004 -13"><span class='ocrx_word' id='word_1_405' title='bbox 421 1924 469 1955; x_wconf 80' lang='lat' dir='ltr'>vit</span> <span class='ocrx_word' id='word_1_406' title='bbox 489 1929 507 1957; x_wconf 85' lang='lat'><strong>6</strong></span> <span class='ocrx_word' id='word_1_407' title='bbox 517 1935 563 1967; x_wconf 84' lang='lat'>43</span> <span class='ocrx_word' id='word_1_408' title='bbox 578 1928 596 1956; x_wconf 87' lang='lat'>6</span> <span class='ocrx_word' id='word_1_409' title='bbox 610 1934 622 1962; x_wconf 84' lang='lat'>3</span> <span class='ocrx_word' id='word_1_410' title='bbox 645 1918 788 1968; x_wconf 66' lang='lat' dir='ltr'>passuum</span> <span class='ocrx_word' id='word_1_411' title='bbox 800 1918 1051 1955; x_wconf 81' lang='lat' dir='ltr'>Bononiensium</span> <span class='ocrx_word' id='word_1_412' title='bbox 1064 1921 1119 1966; x_wconf 87' lang='lat' dir='ltr'>qui</span> <span class='ocrx_word' id='word_1_413' title='bbox 1134 1919 1172 1952; x_wconf 90' lang='lat' dir='ltr'>ad</span> <span class='ocrx_word' id='word_1_414' title='bbox 1188 1918 1368 1965; x_wconf 81' lang='lat' dir='ltr'>hexapcdas</span> <span class='ocrx_word' id='word_1_415' title='bbox 1382 1917 1504 1952; x_wconf 64' lang='lat' dir='ltr'>redacti</span> <span class='ocrx_word' id='word_1_416' title='bbox 1519 1925 1582 1959; x_wconf 78' lang='lat'>629</span> <span class='ocrx_word' id='word_1_417' title='bbox 1592 1930 1640 1951; x_wconf 93' lang='lat'>00</span> <span class='ocrx_word' id='word_1_418' title='bbox 1655 1914 1808 1951; x_wconf 74' lang='lat' dir='ltr'>efficiunt.</span> 
     </span>
     <span class='ocr_line' id='line_1_39' title="bbox 423 1964 1806 2017; baseline -0.004 -13"><span class='ocrx_word' id='word_1_419' title='bbox 423 1973 468 2004; x_wconf 90' lang='lat' dir='ltr'>D.</span> <span class='ocrx_word' id='word_1_420' title='bbox 485 1972 606 2005; x_wconf 71' lang='lat' dir='ltr'>Picard</span> <span class='ocrx_word' id='word_1_421' title='bbox 621 1972 654 2005; x_wconf 87' lang='lat' dir='ltr'>in</span> <span class='ocrx_word' id='word_1_422' title='bbox 668 1970 776 2017; x_wconf 79' lang='lat' dir='ltr'>Regia</span> <span class='ocrx_word' id='word_1_423' title='bbox 800 1968 976 2003; x_wconf 76' lang='lat' dir='ltr'>Academia</span> <span class='ocrx_word' id='word_1_424' title='bbox 1003 1981 1041 2002; x_wconf 90' lang='lat' dir='ltr'>ex</span> <span class='ocrx_word' id='word_1_425' title='bbox 1068 1967 1177 2002; x_wconf 82' lang='lat' dir='ltr'>multis</span> <span class='ocrx_word' id='word_1_426' title='bbox 1198 1965 1433 2002; x_wconf 78' lang='lat' dir='ltr'>accuratiffimis</span> <span class='ocrx_word' id='word_1_427' title='bbox 1446 1995 1455 2010; x_wconf 86' lang='lat'>,</span> <span class='ocrx_word' id='word_1_428' title='bbox 1477 1978 1515 2000; x_wconf 87' lang='lat' dir='ltr'>ac</span> <span class='ocrx_word' id='word_1_429' title='bbox 1537 1964 1646 2014; x_wconf 64' lang='lat' dir='ltr'>saepitis</span> <span class='ocrx_word' id='word_1_430' title='bbox 1659 1967 1806 2014; x_wconf 82' lang='lat' dir='ltr'>repetitis</span> 
     </span>
     <span class='ocr_line' id='line_1_40' title="bbox 421 2012 1808 2063; baseline -0.004 -11"><span class='ocrx_word' id='word_1_431' title='bbox 421 2017 706 2053; x_wconf 81' lang='lat' dir='ltr'>observationibus</span> <span class='ocrx_word' id='word_1_432' title='bbox 718 2030 792 2052; x_wconf 88' lang='lat' dir='ltr'>com</span> <span class='ocrx_word' id='word_1_433' title='bbox 820 2020 880 2050; x_wconf 88' lang='lat' dir='ltr'>erit</span> <span class='ocrx_word' id='word_1_434' title='bbox 891 2018 1131 2051; x_wconf 82' lang='lat' dir='ltr'>unummaximi</span> <span class='ocrx_word' id='word_1_435' title='bbox 1152 2015 1262 2050; x_wconf 78' lang='lat' dir='ltr'>circuli</span> <span class='ocrx_word' id='word_1_436' title='bbox 1286 2017 1318 2050; x_wconf 78' lang='lat' dir='ltr'>in</span> <span class='ocrx_word' id='word_1_437' title='bbox 1337 2026 1421 2050; x_wconf 83' lang='lat' dir='ltr'>terra</span> <span class='ocrx_word' id='word_1_438' title='bbox 1435 2015 1583 2063; x_wconf 82' lang='lat' dir='ltr'>descripti</span> <span class='ocrx_word' id='word_1_439' title='bbox 1598 2015 1732 2063; x_wconf 81' lang='lat' dir='ltr'>gradum</span> <span class='ocrx_word' id='word_1_440' title='bbox 1747 2012 1808 2048; x_wconf 79' lang='lat' dir='ltr'>effe</span> 
     </span>
     <span class='ocr_line' id='line_1_41' title="bbox 413 2030 1807 2115; baseline -0.007 -10"><span class='ocrx_word' id='word_1_441' title='bbox 413 2075 525 2115; x_wconf 56' lang='lat'>57060</span> <span class='ocrx_word' id='word_1_442' title='bbox 542 2067 697 2114; x_wconf 85' lang='lat' dir='ltr'>hexaped.</span> <span class='ocrx_word' id='word_1_443' title='bbox 715 2030 929 2101; x_wconf 57' lang='lat' dir='ltr'>varisienfium</span> <span class='ocrx_word' id='word_1_444' title='bbox 941 2078 948 2099; x_wconf 90' lang='lat'>:</span> <span class='ocrx_word' id='word_1_445' title='bbox 962 2065 1045 2099; x_wconf 82' lang='lat' dir='ltr'>adeo</span> <span class='ocrx_word' id='word_1_446' title='bbox 1055 2076 1089 2099; x_wconf 87' lang='lat' dir='ltr'>ut</span> <span class='ocrx_word' id='word_1_447' title='bbox 1100 2076 1188 2100; x_wconf 82' lang='lat' dir='ltr'>terrae</span> <span class='ocrx_word' id='word_1_448' title='bbox 1201 2063 1463 2100; x_wconf 76' lang='lat' dir='ltr'>circumferentia</span> <span class='ocrx_word' id='word_1_449' title='bbox 1473 2063 1508 2098; x_wconf 87' lang='lat' dir='ltr'>sit</span> <span class='ocrx_word' id='word_1_450' title='bbox 1523 2077 1619 2107; x_wconf 78' lang='lat'>10270</span> <span class='ocrx_word' id='word_1_451' title='bbox 1635 2063 1807 2104; x_wconf 83' lang='lat' dir='ltr'>leucarum,</span> 
     </span>
     <span class='ocr_line' id='line_1_42' title="bbox 422 2110 1807 2162; baseline -0.006 -10"><span class='ocrx_word' id='word_1_452' title='bbox 422 2130 496 2152; x_wconf 90' lang='lat' dir='ltr'>cum</span> <span class='ocrx_word' id='word_1_453' title='bbox 512 2116 612 2152; x_wconf 89' lang='lat' dir='ltr'>tribus</span> <span class='ocrx_word' id='word_1_454' title='bbox 631 2115 727 2150; x_wconf 83' lang='lat' dir='ltr'>leucae</span> <span class='ocrx_word' id='word_1_455' title='bbox 743 2112 995 2162; x_wconf 77' lang='lat' dir='ltr'>quadrantibus,</span> <span class='ocrx_word' id='word_1_456' title='bbox 1022 2112 1122 2162; x_wconf 77' lang='lat' dir='ltr'>posita</span> <span class='ocrx_word' id='word_1_457' title='bbox 1145 2114 1236 2149; x_wconf 82' lang='lat' dir='ltr'>leuca</span> <span class='ocrx_word' id='word_1_458' title='bbox 1259 2116 1422 2149; x_wconf 81' lang='lat' dir='ltr'>communi</span> <span class='ocrx_word' id='word_1_459' title='bbox 1443 2126 1528 2149; x_wconf 77' lang='lat'>2000</span> <span class='ocrx_word' id='word_1_460' title='bbox 1557 2110 1807 2158; x_wconf 71' lang='lat' dir='ltr'>hexapcdamm.</span> 
     </span>
     <span class='ocr_line' id='line_1_43' title="bbox 424 2159 1810 2213; baseline -0.007 -11"><span class='ocrx_word' id='word_1_461' title='bbox 424 2167 535 2213; x_wconf 77' lang='lat' dir='ltr'>Qiam</span> <span class='ocrx_word' id='word_1_462' title='bbox 556 2176 667 2200; x_wconf 85' lang='lat' dir='ltr'>autern</span> <span class='ocrx_word' id='word_1_463' title='bbox 683 2166 791 2199; x_wconf 79' lang='lat' dir='ltr'>inierit</span> <span class='ocrx_word' id='word_1_464' title='bbox 809 2166 900 2200; x_wconf 79' lang='lat' dir='ltr'>viam</span> <span class='ocrx_word' id='word_1_465' title='bbox 917 2162 1071 2212; x_wconf 82' lang='lat' dir='ltr'>peculiari</span> <span class='ocrx_word' id='word_1_466' title='bbox 1094 2165 1227 2199; x_wconf 55' lang='lat' dir='ltr'>tractatu</span> <span class='ocrx_word' id='word_1_467' title='bbox 1247 2161 1388 2211; x_wconf 75' lang='lat' dir='ltr'>explicat</span> <span class='ocrx_word' id='word_1_468' title='bbox 1401 2191 1410 2206; x_wconf 92' lang='lat'>,</span> <span class='ocrx_word' id='word_1_469' title='bbox 1439 2161 1494 2197; x_wconf 90' lang='lat' dir='ltr'>ubi</span> <span class='ocrx_word' id='word_1_470' title='bbox 1521 2160 1715 2194; x_wconf 84' lang='lat' dir='ltr'>demonstrat</span> <span class='ocrx_word' id='word_1_471' title='bbox 1735 2159 1810 2194; x_wconf 85' lang='lat' dir='ltr'>huic</span> 
     </span>
     <span class='ocr_line' id='line_1_44' title="bbox 423 2210 1805 2264; baseline -0.009 -13"><span class='ocrx_word' id='word_1_472' title='bbox 423 2226 514 2251; x_wconf 82' lang='lat' dir='ltr'>terrae</span> <span class='ocrx_word' id='word_1_473' title='bbox 538 2213 752 2264; x_wconf 75' lang='lat' dir='ltr'>magnitudini</span> <span class='ocrx_word' id='word_1_474' title='bbox 782 2214 919 2248; x_wconf 87' lang='lat' dir='ltr'>omnino</span> <span class='ocrx_word' id='word_1_475' title='bbox 938 2210 998 2247; x_wconf 77' lang='lat' dir='ltr'>esse</span> <span class='ocrx_word' id='word_1_476' title='bbox 1010 2212 1295 2260; x_wconf 49' lang='lat' dir='ltr'>acquiescendum,</span> <span class='ocrx_word' id='word_1_477' title='bbox 1315 2223 1413 2258; x_wconf 77' lang='lat' dir='ltr'>atque</span> <span class='ocrx_word' id='word_1_478' title='bbox 1430 2222 1500 2244; x_wconf 83' lang='lat' dir='ltr'>eam</span> <span class='ocrx_word' id='word_1_479' title='bbox 1522 2210 1679 2243; x_wconf 78' lang='lat' dir='ltr'>metiendi</span> <span class='ocrx_word' id='word_1_480' title='bbox 1704 2210 1805 2242; x_wconf 83' lang='lat' dir='ltr'>ratio-</span> 
     </span>
    </p>
   </div>
   <div class='ocr_carea' id='block_1_5' title="bbox 423 2254 1802 2352">
    <p class='ocr_par' dir='ltr' id='par_1_11' title="bbox 423 2254 1802 2352">
     <span class='ocr_line' id='line_1_45' title="bbox 423 2254 1802 2312; baseline -0.007 -11"><span class='ocrx_word' id='word_1_481' title='bbox 423 2278 501 2301; x_wconf 84' lang='lat' dir='ltr'>nem</span> <span class='ocrx_word' id='word_1_482' title='bbox 521 2277 618 2312; x_wconf 85' lang='lat' dir='ltr'>quam</span> <span class='ocrx_word' id='word_1_483' title='bbox 630 2263 754 2298; x_wconf 81' lang='lat' dir='ltr'>secutus</span> <span class='ocrx_word' id='word_1_484' title='bbox 775 2262 818 2297; x_wconf 82' lang='lat' dir='ltr'>est</span> <span class='ocrx_word' id='word_1_485' title='bbox 829 2290 838 2305; x_wconf 90' lang='lat'>‚</span> <span class='ocrx_word' id='word_1_486' title='bbox 861 2263 1010 2296; x_wconf 77' lang='lat' dir='ltr'>omnium</span> <span class='ocrx_word' id='word_1_487' title='bbox 1026 2275 1097 2310; x_wconf 71' lang='lat' dir='ltr'>qux</span> <span class='ocrx_word' id='word_1_488' title='bbox 1114 2263 1190 2298; x_wconf 66' lang='lat' dir='ltr'>ante</span> <span class='ocrx_word' id='word_1_489' title='bbox 1199 2261 1291 2296; x_wconf 63' lang='lat' dir='ltr'>fache</span> <span class='ocrx_word' id='word_1_490' title='bbox 1314 2259 1384 2295; x_wconf 75' lang='lat' dir='ltr'>snm</span> <span class='ocrx_word' id='word_1_491' title='bbox 1396 2288 1406 2302; x_wconf 92' lang='lat'>,</span> <span class='ocrx_word' id='word_1_492' title='bbox 1420 2258 1516 2306; x_wconf 85' lang='lat' dir='ltr'>longe</span> <span class='ocrx_word' id='word_1_493' title='bbox 1531 2256 1591 2293; x_wconf 71' lang='lat' dir='ltr'>effe</span> <span class='ocrx_word' id='word_1_494' title='bbox 1611 2254 1802 2292; x_wconf 82' lang='lat' dir='ltr'>accuratiffi-</span> 
     </span>
     <span class='ocr_line' id='line_1_46' title="bbox 426 2328 514 2352; baseline -0.023 -2"><span class='ocrx_word' id='word_1_495' title='bbox 426 2328 514 2352; x_wconf 79' lang='lat' dir='ltr'>mam</span> 
     </span>
    </p>
   </div>
   <div class='ocr_carea' id='block_1_6' title="bbox 459 2352 1809 2409">
    <p class='ocr_par' dir='ltr' id='par_1_12' title="bbox 459 2352 1809 2409">
     <span class='ocr_line' id='line_1_47' title="bbox 459 2352 1809 2409; baseline -0.01 -9"><span class='ocrx_word' id='word_1_496' title='bbox 459 2375 503 2408; x_wconf 78' lang='lat'>30.</span> <span class='ocrx_word' id='word_1_497' title='bbox 518 2364 644 2399; x_wconf 80' lang='lat' dir='ltr'>Omnes</span> <span class='ocrx_word' id='word_1_498' title='bbox 655 2361 843 2397; x_wconf 64' lang='lat' dir='ltr'>astronomi</span> <span class='ocrx_word' id='word_1_499' title='bbox 860 2358 936 2396; x_wconf 84' lang='lat' dir='ltr'>illud</span> <span class='ocrx_word' id='word_1_500' title='bbox 944 2372 1077 2409; x_wconf 82' lang='lat' dir='ltr'>quoque</span> <span class='ocrx_word' id='word_1_501' title='bbox 1088 2359 1238 2409; x_wconf 81' lang='lat' dir='ltr'>principii</span> <span class='ocrx_word' id='word_1_502' title='bbox 1259 2358 1332 2392; x_wconf 93' lang='lat' dir='ltr'>loco</span> <span class='ocrx_word' id='word_1_503' title='bbox 1363 2354 1497 2389; x_wconf 82' lang='lat' dir='ltr'>statuunt</span> <span class='ocrx_word' id='word_1_504' title='bbox 1509 2384 1519 2399; x_wconf 93' lang='lat'>‚</span> <span class='ocrx_word' id='word_1_505' title='bbox 1549 2366 1655 2390; x_wconf 81' lang='lat' dir='ltr'>motus</span> <span class='ocrx_word' id='word_1_506' title='bbox 1670 2352 1809 2389; x_wconf 71' lang='lat' dir='ltr'>caelestes</span> 
     </span>
    </p>
   </div>
  </div>
 </body>
</html>
