1878 2724
388 157 449 190 194
773 138 1411 176 PHYSIGAEGE-N-ER‘A-Lrs

390 195 455 230 sola
465 194 604 243 partium
616 192 795 239 agitatione
805 188 843 223 fit
858 188 992 223 candida
1007 190 1222 237 :quodrvariae
1239 188 1322 225 illius
1335 186 1516 236 superficies
1535 186 1645 227 lumen
1661 187 1777 231 fortius‘

388 255 549 293 [egerant.
566 243 618 275 Sic
627 240 736 273 clavus
749 237 811 272 sola
827 237 936 272 mallei
952 237 1152 286 percussione
1166 236 1330 274 incalescit.
1368 238 1460 285 Qd
1471 267 1481 281 ,
1502 251 1575 273 cum
1599 249 1639 271 ex
1655 230 1776 285 per-nii-

391 294 493 328 stione
504 291 579 326 flavi
593 293 627 325 &
638 287 764 323 caerulei
774 286 811 322 fit
821 287 931 322 viridis
948 286 1055 332 color,
1075 299 1115 323 an
1131 286 1217 322 forte
1227 287 1267 321 ad
1290 286 1430 322 formam
1442 285 1776 322 substantialemcon-

389 342 502 389 fugere
512 337 634 373 neceffe
644 338 690 372 est
702 346 712 373 Ξ
728 349 806 385 ergo
818 336 838 372 si
849 339 953 372 minus
963 349 1078 372 omnes
1089 365 1099 380 ‚
1114 342 1204 374 certe
1214 334 1358 384 plurimae
1374 336 1544 383 qualitates
1555 348 1594 370 ex
1607 334 1776 372 mechani-

388 394 433 425 cis
454 386 684 424 affectionibus
695 398 831 422 manant
843 387 950 435 potius
971 386 1069 434 quam
1080 398 1120 421 ex
1129 385 1236 420 forma
1254 383 1463 422 substantiali.

424 437 582 483 Confirm.
598 439 712 472 Forma
736 433 945 476 substantialis
969 437 1002 474 in
1023 434 1118 471 rebus
1134 436 1211 474 vitae
1230 431 1416 482 expertibus
1441 443 1495 468 aut
1518 432 1600 474 nihil
1627 434 1673 468 est
1690 434 1776 472 aliud

387 487 489 537 quam
507 487 651 535 quaedam
673 484 867 533 qualitatum
886 487 1076 534 conger-ies,
1097 495 1133 519 ut
1156 483 1212 519 suo
1224 482 1299 521 loco
1313 482 1525 525 ostendimusj
1544 494 1599 517 aut
1610 483 1775 523 obscurius

387 537 542 586 quiddam
555 536 602 571 est
613 564 621 579 ‚
641 535 742 584 quam
758 545 792 570 ut
811 533 1008 583 explicandis
1025 532 1238 582 qualitatibus
1260 531 1296 567 fit
1310 530 1551 572 adhibendum:
1565 532 1739 579 praesertim
1753 531 1777 573 si

384 599 432 623 eae
447 586 620 634 qualitates
635 598 690 641 per
704 584 904 620 mechanicas
919 588 952 620 δε
962 583 1129 633 generales
1141 581 1331 619 affectiones
1347 580 1417 617 satis
1439 579 1615 620 commode
1635 581 1777 631 explica-⁴

384 639 411 671 ri
428 634 544 685 possint
561 662 571 681 ‚
585 647 621 672 ut
634 634 719 671 infra
732 633 845 670 dicturi
856 632 969 675 sumus.

877 731 1067 781 Solvuntur:
1077 730 1278 777 dbjemonesss

386 835 391 838 ’
406 838 508 886 Ὡρρ.
519 835 669 874 10-multas
683 836 746 873 esse
755 836 837 872 vires
846 863 856 878 ,
873 844 928 869 aut
935 831 1129 881 qualitates,
1144 845 1215 881 quae
1229 830 1381 880 specificae
1391 831 1537 867 dicuntur
1546 859 1563 874 ‚.
1577 829 1777 878 quoda‘for:

385 900 437 922 ma
447 884 594 935 specifica
607 887 797 922 dimanent:
813 896 848 920 ut
860 886 909 918 vis
927 884 1109 930 magnetica
1120 911 1130 926 ,
1147 884 1234 922 vires
1252 881 1366 915 itidem
1379 881 1632 916 medicaminum
1648 879 1778 929 specifi-

385 949 429 975 cae
447 965 457 979 ,
477 947 513 970 ut
531 937 578 970 vis
588 947 660 982 quae
672 936 716 971 est
730 931 950 976 thabathae,
962 930 1038 966 bilis
1048 931 1263 979 expurgandae
1280 944 1288 966 :
1307 941 1387 978 ergo
1403 942 1470 967 non
1490 929 1626 968 aliunde.
1639 929 1780 978 qualita7,

385 998 434 1021 tes
446 987 595 1021 oriuntur
606 1013 617 1027 ,
630 984 732 1032 quam
748 983 769 1020 ὲ
783 983 891 1019 forma
902 979 1049 1030 cujusque
1060 983 1106 1015 rei
1124 982 1266 1029 propria⁴
1773 1006 1777 1010 .

427 1035 612 1083 Resp.vires
630 1034 703 1069 illas
719 1046 791 1081 quae
802 1030 957 1081 specificae
968 1030 1134 1073 dicuntur,
1152 1029 1242 1077 quod
1256 1029 1384 1066 cuidam
1402 1029 1449 1064 rei
1472 1026 1532 1063 sint
1556 1029 1713 1076 propriae,
1735 1033 1777 1063 eit

385 1094 473 1120 certa
484 1085 621 1132 partium
630 1079 1073 1129 textura&config.uratione
1090 1082 1196 1127 potius
1213 1080 1291 1113 oriri
1308 1106 1318 1121 ,
1331 1079 1432 1125 quam
1445 1076 1466 1112 ὲ.
1481 1076 1587 1112 forma
1601 1104 1611 1120 ‚
1635 1076 1676 1111 de
1691 1080 1779 1125 cujus

383 1132 555 1172 existentia
566 1144 700 1181 magnus
715 1131 758 1167 est
766 1129 939 1169 dubitandi
949 1127 1051 1164 iocus.
1067 1128 1153 1162 Cum
1164 1141 1196 1163 v.
1207 1140 1253 1176 gr.
1270 1128 1392 1163 ferrum
1409 1129 1443 1162 vi
1462 1126 1646 1173 magnetica
1659 1123 1781 1160 imbui-

385 1193 454 1225 tur,
466 1187 501 1219 &
510 1181 616 1217 statim
631 1194 705 1217 earn
719 1182 828 1223 exuit,
839 1177 947 1228 palam
957 1177 1000 1212 est
1016 1179 1083 1213 vim
1096 1175 1184 1212 illam
1197 1176 1216 1212 a
1229 1176 1335 1212 forma
1349 1174 1557 1218 substantiali,
1573 1186 1647 1222 quae
1661 1173 1778 1209 eadem

384 1231 509 1279 semper
522 1241 635 1265 manet
645 1259 655 1274 ,
675 1242 741 1265 non
753 1227 931 1278 proficisci:
949 1226 1065 1262 eadem
1081 1227 1124 1262 est
1138 1227 1222 1261 ratio
1233 1226 1497 1269 medicaminum,
1506 1224 1546 1259 de
1556 1222 1676 1273 quibus
1689 1234 1777 1260 nunc

385 1293 454 1315 non
477 1278 524 1313 est
540 1279 669 1314 dicendi
682 1278 784 1316 locus.
993 1290 995 1292 ·
1777 1271 1782 1283 ³

430 1330 519 1377 Opp-
530 1340 547 1362 2
556 1355 564 1363 .
580 1326 659 1362 illud-
671 1325 897 1376 pervulgatum
906 1354 917 1369 ,
930 1336 1051 1372 aquam
1064 1322 1259 1361 calefaeram
1269 1322 1441 1372 pristinum
1458 1321 1548 1357 suum
1569 1319 1668 1369 frigus
1686 1330 1781 1356 tecua

387 1389 500 1427 perare
517 1391 525 1412 :
544 1377 633 1425 quod
644 1376 789 1426 ,intelligi¹
801 1388 869 1412 non
886 1374 994 1424 potest
1007 1401 1018 1417 ,
1044 1371 1108 1410 nisi„
1115 1372 1215 1423 frigus
1238 1372 1260 1409 a
1278 1372 1386 1408 forma
1405 1369 1606 1409 substantiali
1618 1368 1779 1418 proficisci

385 1427 559 1463 fateamur.
1779 1422 1787 1431 “’

420 1472 607 1524 Respanfiam
618 1474 771 1525 jamalibi
781 1474 868 1519 ‘fu-it,
881 1486 1000 1522 aquam
1012 1471 1062 1507 sua
1070 1469 1185 1521 sponte
1197 1470 1368 1520 frigescere
1377 1500 1388 1516 ,
1402 1471 1494 1518 quod
1508 1468 1616 1504 calore
1629 1469 1778 1503 imminu-

389 1538 424 1562 to
436 1554 445 1568 ,
459 1524 510 1559 seu
527 1527 610 1574 ignis
630 1523 792 1574 particulis
807 1529 874 1574 jam
890 1521 1021 1558 difflatis
1033 1550 1043 1565 ,
1071 1531 1177 1570 partes
1194 1533 1286 1568 aquae
1300 1519 1495 1556 insensibiles
1505 1519 1623 1554 eodem
1640 1530 1708 1564 quo
1718 1529 1779 1553 an-

390 1587 442 1611 tea
452 1585 544 1609 motu
558 1602 568 1617 ,
584 1574 634 1609 sed
650 1574 790 1609 tardiore
805 1584 1010 1612 moveantur.
1024 1573 1115 1607 Nam
1132 1580 1169 1604 ut
1182 1569 1269 1604 calor
1279 1573 1313 1606 in
1328 1581 1421 1605 motu
1436 1567 1553 1617 pofitus
1565 1567 1607 1602 est
1620 1595 1630 1610 ‚
1654 1564 1695 1600 fic
1719 1564 1778 1600 fri.

388 1636 447 1674 gus
458 1626 492 1659 in
503 1623 588 1658 illius
601 1634 709 1660 motus
721 1622 774 1657 vel
783 1624 983 1662 extincstione
993 1649 1002 1665 ,
1019 1619 1073 1655 vel
1090 1618 1320 1655 imminutione
1329 1617 1480 1655 confistit.

422 1673 547 1722 Oppon.
562 1687 583 1718 3.
603 1671 772 1708 facultates
786 1700 795 1710 ‚
815 1683 872 1707 aut
890 1672 1055 1720 potentias
1071 1670 1265 1718 operatrices
1279 1667 1304 1706 ,ἐι
1325 1669 1436 1704 ,forma
1455 1665 1526 1717 ipsa
1540 1695 1550 1710 ‚
1573 1673 1779 1713 quaecunque

389 1722 426 1757 sit
436 1721 490 1757 illa
501 1750 510 1765 ‚
530 1722 659 1770 prodire
675 1738 684 1766 3
697 1733 737 1760 ¹ut
754 1732 868 1757 omnes
886 1721 1032 1756 fatentur
1048 1733 1057 1754 ε
1074 1730 1150 1766 ergo
1172 1716 1472 1766 multaequalitates
1495 1723 1516 1753 a
1531 1715 1637 1751 forma
1661 1725 1778 1750 oriun-

390 1783 451 1813 tur.

422 1820 510 1868 Resp.
523 1832 581 1854 nos
593 1819 707 1867 utique
722 1832 792 1855 non
802 1815 938 1854 inficiari
957 1814 1116 1852 naturales
1127 1826 1231 1849 rerum
1250 1816 1335 1850 -vires
1354 1812 1505 1848 {t'formis
1519 1813 1705 1856 dimanare,;
1719 1823 1777 1849 ant

386 1871 493 1919 potius
509 1869 650 1904 formam
664 1866 762 1916 ipsam
776 1870 855 1904 exiis
867 1864 1114 1915 quodammodo
1126 1874 1339 1912 emergere‚ut
1352 1861 1506 1910 saepeauri
1519 1860 1610 1910 ipsius
1623 1875 1634 1895 t
1643 1861 1777 1908 xemplo

386 1918 590 1954 ostendimus.
603 1918 802 1964 Qianquam
811 1946 820 1961 ,
830 1928 866 1952 ut
875 1915 1052 1962 identidem
1065 1915 1244 1947 monuimus
1255 1942 1262 1956 ,
1273 1911 1386 1947 diversi
1396 1909 1529 1946 effeetus
1542 1940 1551 1954 ,
1568 1916 1599 1946 &
1614 1913 1706 1944 variae
1715 1922 1777 1958 po-

388 1969 496 2002 tentiae
513 1969 707 2015 operatrices
726 1979 764 2001 ex
781 1965 882 2011 figura
899 1960 1277 2013 partiuminsensibilium
1289 1991 1297 2004 ,
1316 1973 1371 1995 aut
1389 1972 1480 1994 motu
1492 1989 1499 2000 ,
1521 1971 1575 1993 aut
1589 1970 1751 1993 contextu
1764 1986 1775 2001 ,

386 2028 441 2051 aut
451 2016 676 2064 magnitudine
696 2006 888 2062 plerumque
902 2014 1081 2048 dimanant.
1097 2013 1169 2045 lmo
1183 2011 1299 2046 relatio
1319 2009 1384 2058 ipsa
1397 2021 1451 2046 aut
1466 2009 1548 2043 ordo
1566 2010 1649 2043 inter
1669 2009 1776 2042 vicina

384 2077 518 2113 corpora
532 2065 562 2098 id
578 2063 656 2113 saepe
671 2061 773 2099 efficit
783 2093 793 2107 ,
807 2063 894 2112 quod
909 2063 1091 2110 potentiam
1105 2063 1318 2106 operatricem
1330 2058 1539 2107 appellamus,
1553 2059 1689 2094 Namut
1702 2068 1784 2091 cor:-⁴

386 2126 466 2163 pora
483 2113 551 2148 sunt
561 2115 646 2148 inter
658 2112 688 2147 se
701 2113 869 2162 colligata,
887 2111 928 2147 fic
944 2121 1070 2145 mutuas
1091 2109 1235 2144 aditiones
1254 2120 1308 2144 aut
1337 2111 1420 2142 vires
1437 2107 1490 2142 vel
1505 2117 1702 2155 promovent
1719 2102 1783 2140 velv

385 2164 587 2211 impediunt:
606 2163 689 2197 adeo
700 2173 735 2196 ut
746 2164 894 2210 potentia
904 2159 1093 2209 plerumque
1104 2158 1182 2195 nihil
1197 2158 1233 2194 sit
1242 2158 1265 2194 a
1278 2157 1374 2192 rebus
1389 2156 1458 2205 ipsis
1472 2159 1555 2190 inter
1570 2153 1600 2189 se
1619 2155 1775 2189 connexis

386 2213 642 2247 distintssisssic'in
649 2211 825 2259 horologio
835 2208 982 2259 portatili
996 2237 1004 2250 ,
1019 2207 1184 2242 convoluti
1201 2207 1346 2252 chalybis
1364 2213 1403 2243 -&
1424 2217 1566 2240 rotarum
1580 2214 1692 2249 coapta
1699 2204 1775 2243 tio„

386 2260 527 2310 &figura
537 2273 604 2296 tam
615 2260 798 2295 constantes
808 2271 916 2295 motus
935 2255 1082 2293 efficiunt
1100 2270 1108 2292 ι
1122 2269 1182 2292 nee
1197 2254 1319 2290 neceffe
1341 2256 1388 2290 est
1405 2257 1471 2288 vim
1483 2281 1493 2295 ‚
1509 2263 1564 2285 aut
1583 2250 1774 2286 facultatem

386 2309 532 2346 sonoram
545 2339 553 2353 ,
565 2309 716 2345 authorae
731 2310 950 2345 indicatricem
965 2306 1175 2341 comminisci.
1196 2306 1286 2340 Idem
1295 2305 1431 2339 diximus
1446 2302 1486 2335 de
1498 2303 1545 2343 vi,
1563 2302 1777 2347 :impotentia

387 2371 451 2405 qua
469 2359 571 2394 clavis·
581 2359 816 2408 seramaperit‚
836 2357 889 2392 vel
899 2356 1037 2396 claudit,
1058 2367 1197 2402 quaeque
1216 2352 1377 2389 nihilestii
1392 2352 1526 2385 materia
1546 2348 1644 2383 clavis
1657 2378 1666 2391 ,
1682 2354 1715 2385 &
1735 2348 1774 2383 fi-

386 2419 463 2454 gura
474 2409 656 2444 distinctum
668 2438 676 2450 ‚
687 2420 722 2443 ut
736 2407 802 2443 fuse
815 2405 1016 2442 demonstrat
1027 2403 1154 2440 illustris
1167 2403 1281 2439 author
1296 2404 1336 2438 D.
1351 2401 1449 2449 Boyle
1465 2400 1592 2434 trastat.
1605 2397 1777 2437 deforma-

388 2468 455 2490 tum
474 2462 505 2493 ἃ
526 2458 717 2504 qualitatum
732 2459 868 2506 origiue.
