1878 2724
475 130 845 169 TRACTATUS
891 130 1120 169 PRIMUS.
1468 143 1488 172 6

159 187 249 224 Hinc
269 185 350 220 aeris
363 195 431 220 non
439 193 479 219 ut
489 194 583 231 aqua:
597 211 608 227 ,
623 182 786 231 particulae
794 181 989 231 corporibus
1002 182 1217 219 adhaerescunt
1229 196 1236 218 ε
1250 182 1301 218 sed
1313 183 1416 220 statim
1430 154 1512 223 avo?

113 235 194 274 lant.
218 234 321 272 Unde
338 232 484 271 &facile
508 235 766 282 comprimuntur
780 261 789 277 ,
813 232 904 281 quod
925 232 1093 280 disjunche
1115 235 1201 269 tertii
1222 232 1378 269 elementi
1403 246 1510 283 partes

113 283 324 336 globulorum
342 282 522 319 celestium
539 311 550 327 ,
574 295 627 319 aut
649 281 779 318 secundi
793 282 955 318 elementi
983 282 1130 319 motibus
1151 282 1389 330 obsequantur,
1411 284 1512 333 iisque

114 333 258 384 globulis
274 332 405 382 expulsis
417 332 599 369 densentur.
620 332 685 367 Sed
709 344 817 368 tamen
831 331 907 367 cum
924 332 977 366 illa
992 334 1074 367 aeris
1084 333 1175 369 velut
1187 331 1413 382 capillamenta
1423 363 1435 378 ,
1447 335 1513 371 sese

112 396 231 422 mutuo
252 384 484 432 impediant&
500 382 690 431 expellant,
719 393 819 430 atque
844 381 865 418 ὲ,
880 380 988 416 subtili
1022 395 1161 431 corpore
1188 381 1326 419 laceffita
1353 384 1513 420 intestinis

113 435 262 470 eioantut
276 432 422 469 motibus
440 461 454 476 ,.
469 432 545 468 hinc
556 430 594 467 fit
610 443 647 466 ut
658 434 742 467 vires
754 431 826 467 suas⁴
836 432 1010 466 intendant
1024 461 1033 475 ‚
1055 444 1123 480 quo
1147 437 1249 480 majus
1272 444 1432 480 occupent
1444 432 1517 483 spa-

116 485 208 520 tium.
223 484 276 518 Sic
285 494 340 516 aer
352 480 489 532 preffiis,
501 493 536 517 ut
551 482 674 516 dietum
685 480 747 522 est,
772 492 873 526 aquas
887 479 999 514 sursum
1016 482 1176 528 jaculatur
1191 511 1200 526 ,
1215 487 1249 518 &
1260 480 1378 530 globos
1396 486 1429 518 in
1445 494 1515 518 tor-

113 535 235 569 mentis
244 533 462 580 pneumaticis
472 542 589 579 magna
599 530 631 564 vi
641 530 963 576 emittit..Utcunque
976 540 1013 562 ea
1024 541 1072 562 res
1087 528 1142 573 sit,
1168 532 1200 566 id
1220 531 1350 567 viderur
1369 533 1514 568 manife-

114 582 195 620 stum
207 611 218 626 ‚
236 592 345 616 aerem
369 592 442 614 cum
461 577 637 627 vaporibus
653 583 686 615 &
701 577 802 614 fumis
819 577 979 614 confundi
1000 591 1068 614 non
1083 591 1246 628 oportere.

151 631 216 666 Sed
235 626 520 676 meritoquaeritur
541 641 584 663 an
599 638 712 674 praeter
729 641 806 664 eum
834 640 935 676 quem
957 626 1111 676 spiramus
1131 641 1205 664 aera
1227 641 1317 665 terrae
1340 629 1517 665 circumfu-

112 680 200 724 ssim,
221 682 257 715 δε
281 680 316 713 vi
341 676 672 716 elasticainstruCtum
685 706 698 723 ,
718 690 836 728 corpus
856 677 964 715 adhuc
981 675 1128 714 subtilius
1154 678 1209 716 seu
1237 679 1356 715 aethera
1382 678 1516 717 admitti

111 737 279 778 oporteat.
298 728 469 778 Sitigitu:

642 824 790 862 Secunda
803 825 835 858 C
837 826 994 875 onclufio„

150 931 271 966 Praeter
281 938 356 964 aera
370 922 498 962 necesse
514 924 646 962 videtur
665 926 841 963 admittere
856 928 1022 977 puriorem
1044 923 1164 962 zthera
1180 954 1191 970 ,
1215 925 1268 961 seu
1282 937 1398 975 corpus
1415 925 1519 963 subti-

115 978 266 1017 liffimum
285 976 374 1026 quod
390 976 506 1011 cuneta
552 988 693 1011 ermeat..

165 1031 249 1065 Haec
263 1023 425 1063 conclusio
440 1028 509 1074 jam
533 1027 684 1075 uperiore
695 1024 914 1075 disputatione
922 1039 1040 1077 magna
1051 1037 1193 1076 ex-patte
1207 1024 1269 1060 fuit
1283 1025 1518 1062 demonstrata:

115 1091 204 1116 nunc
218 1076 351 1114 vero-ex
368 1077 400 1109 vi
420 1073 513 1123 ipsius
531 1077 614 1111 aeris
628 1074 754 1111 clastica
765 1076 812 1111 est
823 1076 1057 1114 confirmanda.
1069 1079 1135 1112 Vix
1153 1077 1242 1111 enim
1257 1075 1352 1110 aliter
1362 1088 1399 1111 ea
1412 1075 1520 1124 expli-

115 1129 184 1163 cari
195 1156 205 1171 ,
217 1138 271 1162 aut
280 1123 420 1172 intelligi
436 1124 542 1172 potest
552 1151 564 1167 ,
575 1127 657 1160 utin
676 1127 773 1159 tertio
785 1127 922 1161 tractatu
934 1125 1029 1162 fufius
1052 1126 1272 1161 ostendemus.
1291 1125 1342 1160 1³.st
1357 1128 1457 1160 etiam
1475 1127 1519 1160 in.

118 1175 277 1212 credibile
289 1172 413 1224 prorsus
426 1184 535 1209 totum
548 1172 626 1209 illud
644 1171 798 1222 spatium,
821 1175 911 1222 quod
931 1175 1051 1210 coelum
1071 1175 1206 1210 dicimus
1224 1201 1234 1216 ‚
1259 1174 1416 1221 quodque
1436 1173 1519 1208 ultra

117 1224 336 1260 nraffurnaera
349 1252 359 1268 ,
380 1223 436 1269 qui
452 1236 520 1258 non
533 1221 631 1272 longe
648 1225 809 1266 excurrit,
850 1235 936 1267 atet,
957 1225 1093 1259 omnino
1116 1235 1254 1258 vacuum
1275 1221 1336 1257 effe
1359 1239 1368 1265 ς
1397 1234 1453 1257 aut
1468 1234 1519 1257 to-

120 1284 191 1310 tum
201 1272 283 1309 illud
296 1285 336 1308 eir
361 1270 489 1315 ansum,
511 1273 544 1306 in
553 1283 621 1318 quo
633 1283 810 1306 moventur
822 1236 933 1320 &deta
951 1302 961 1316 ,
980 1275 1071 1308 omni
1090 1283 1206 1307 vacare
1224 1283 1370 1319 corpore.

155 1323 294 1359 Accedit
309 1321 333 1356 il
348 1321 391 1356 ud
400 1332 532 1369 quoque
541 1319 652 1355 multis
671 1323 904 1369 experimentis
917 1322 1043 1358 ostendi
1055 1320 1247 1357 interfusum
1260 1320 1335 1354 huic
1345 1323 1408 1354 aeri
1419 1321 1520 1356 aethe-

119 1385 156 1409 ta
179 1372 237 1408 ubi
263 1384 304 1406 ue
318 1382 451 1417 regnare
474 1387 484 1413 i
515 1381 687 1418 corporum
700 1382 828 1406 meatus
843 1371 980 1420 implere
995 1390 1004 1416 3
1021 1383 1129 1406 motus
1147 1370 1214 1405 fere
1227 1382 1341 1404 omnes
1360 1372 1393 1404 in
1411 1369 1519 1404 fluidis

120 1385 311 1470 corporibus
325 1417 559 1456 efficere..Nec
570 1419 717 1463 aliunde,
742 1431 778 1455 ut
788 1425 856 1469 jam
869 1423 1052 1463 innuimus,
1071 1419 1239 1455 discrimen
1254 1421 1339 1454 inter
1360 1419 1436 1454 dura
1451 1448 1461 1462 ,
1485 1426 1521 1456 ες

120 1470 221 1507 fluida
237 1482 374 1520 corpora
386 1471 513 1513 oritur,
527 1467 631 1516 qu‘am
641 1469 730 1517 quod
746 1467 919 1506 fluidorum
932 1482 1106 1520 corporum
1120 1479 1225 1517 partes
1241 1465 1461 1503 minutiffimae
1476 1467 1521 1503 ab

122 1520 263 1557 aetherea
276 1520 332 1556 illa
340 1518 514 1556 substantia
532 1520 740 1554 continenter
752 1531 949 1556 moveantur
963 1534 971 1556 :
985 1532 1060 1554 cum
1070 1521 1101 1554 in
1114 1519 1197 1553 duris
1212 1516 1400 1566 corporibus
1417 1518 1522 1566 quies-

121 1582 208 1607 cant.
225 1572 272 1606 Ac
283 1581 370 1605 certe
383 1570 522 1604 omnino
534 1565 661 1603 necelse
671 1568 716 1602 est
733 1581 872 1603 vacuum
883 1582 952 1604 non
966 1568 1205 1604 diffeminarum
1215 1566 1316 1602 niodo
1327 1596 1336 1610 ‚
1353 1566 1404 1601 sed
1417 1569 1520 1602 etiam

123 1630 355 1654 coacervatum
364 1618 559 1658 admittere,
585 1626 643 1649 aut
662 1615 703 1649 ad
721 1615 811 1651 illam
826 1619 997 1652 materiam
1015 1614 1249 1651 subtilissimam
1268 1616 1464 1664 confugere,
1483 1628 1519 1651 ut

123 1680 165 1704 eit
183 1668 294 1705 multis
305 1666 538 1718 experimentis
549 1676 618 1713 quae
631 1666 714 1699 circa
729 1666 827 1701 inane
841 1664 912 1702 fieri
935 1666 1039 1702 solent
1051 1694 1063 1710 ,
1089 1665 1141 1699 est
1159 1663 1388 1701 manifestum„

615 1764 804 1800 Dilmmtur
823 1761 1031 1809 objec‘liones»

164 1868 252 1917 Opp.
268 1880 290 1903 1.
305 1864 392 1901 hunc
405 1864 524 1900 aetliera
535 1863 626 1899 nullo
636 1861 983 1913 argumentopofitivo
996 1862 1128 1911 probari
1144 1892 1154 1906 ,
1175 1874 1211 1897 ac
1226 1861 1310 1898 nihil
1325 1860 1386 1896 esse
1403 1874 1518 1908 praeter

124 1919 293 1966 puriorem
307 1927 381 1950 aera
400 1914 473 1950 huic
484 1925 585 1961 quem
597 1913 748 1962 spiramus
761 1915 950 1949 immixtum
963 1942 973 1957 ‚
1003 1925 1060 1949 aut
1073 1913 1213 1963 superius
1227 1915 1307 1946 aeris
1327 1910 1472 1961 spatium,
1484 1914 1519 1947 in

126 1978 195 2014 quo
220 1967 365 2002 feruntur
380 1962 505 2013 sydera.

162 2016 255 2061 R‘fi’·
268 2027 320 2050 tot
329 2014 526 2062 argumentis
543 2013 755 2050 demonstrari
772 2012 859 2049 hunc
874 2012 1014 2057 aethera,
1028 2024 1112 2061 quot
1131 2012 1200 2047 fere
1217 2009 1352 2046 effeetus
1370 2009 1451 2046 fiunt
1466 2011 1518 2046 vel

130 2066 164 2099 in
176 2061 354 2110 liquoribus
365 2091 374 2104 ,
388 2062 442 2097 vel
451 2074 484 2097 in
494 2065 688 2110 aere‚quiad
699 2063 801 2112 ipsum
813 2075 887 2098 aera
896 2062 1008 2098 referri
1019 2076 1085 2098 nou
1100 2060 1231 2110 possunt.
1249 2063 1339 2097 Nam
1355 2073 1409 2094 aer
1418 2073 1518 2107 quem

130 2113 282 2159 spiramus
295 2141 304 2155 ,
322 2110 476 2146 admulta
491 2111 642 2147 milliaria
650 2126 716 2148 non
732 2113 939 2157 extenditur,
955 2125 1029 2148 cum
1042 2115 1087 2148 28.
1098 2112 1138 2146 ad
1157 2110 1315 2146 summum
1334 2110 1443 2158 digitis
1456 2109 1519 2158 hy.

130 2161 276 2210 dramyri
295 2160 348 2196 seu
371 2162 520 2194 mercurii
536 2163 795 2210 aequiponderet..
818 2163 907 2213 Qd
928 2175 1005 2211 ergo
1021 2162 1164 2197 futurum
1185 2160 1229 2193 est
1245 2160 1285 2193 de
1304 2158 1406 2206 spatio
1427 2161 1519 2193 omni

133 2213 167 2247 in
181 2224 246 2259 quo
259 2210 324 2249 sol,
351 2215 385 2246 Sc
407 2208 500 2243 stellae
527 2223 726 2256 moventur,
744 2225 786 2247 an
802 2214 834 2246 in
856 2224 959 2247 vacuo
985 2222 1120 2246 manent
1133 2208 1294 2258 pensiles?
1320 2207 1381 2242 Sed
1404 2207 1443 2241 de
1468 2208 1518 2241 his

132 2260 199 2295 alio
219 2260 292 2295 loco
308 2259 418 2307 plura,
445 2257 501 2293 ubi
520 2259 726 2295 ostendemus
752 2261 841 2310 hujus
861 2261 988 2296 aetheris
1012 2260 1136 2297 nullam
1157 2256 1218 2293 else
1243 2259 1310 2291 vim
1332 2255 1491 2290 elasticam
1508 2270 1516 2290 ε

134 2322 208 2344 cum
229 2321 337 2344 tamen
353 2320 460 2357 neque
473 2309 506 2343 in
517 2316 590 2343 aere
605 2338 614 2352 ,
633 2321 740 2356 neque
757 2311 790 2344 iu
809 2309 875 2345 ullo
897 2323 1034 2359 corpore
1051 2312 1100 2343 vis
1123 2307 1177 2342 illa
1200 2305 1261 2341 effe
1282 2303 1527 2353 kioffithublato-

135 2361 229 2395 omni
256 2359 387 2394 aethere.

169 2408 292 2458 Opp.2.
313 2410 383 2457 Qi
399 2407 541 2444 aethereae
557 2407 603 2444 illi
620 2407 796 2445 substantiae
815 2407 999 2444 tribuuntur
1018 2406 1152 2444 effeetus
1163 2434 1175 2451 ,
1196 2417 1232 2440 ac
1249 2403 1447 2453 potiffimum
1466 2407 1516 2443 vis

1292 2457 1305 2491 l
1326 2455 1348 2503 ij
