1878 2724
391 133 454 175 408
691 132 953 167 PHYSICAE-
993 131 1133 167 PARS
1172 131 1479 168 SECUNDA.

388 191 456 213 rem
475 177 560 214 snum
572 182 604 213 vi
617 179 728 214 caloris
743 179 836 215 latius
849 180 1006 229 spargunt.
1025 182 1097 216 Nec
1107 191 1215 215 tamen
1229 179 1376 216 confusus
1388 185 1420 216 &
1436 177 1642 227 perturbatus
1661 178 1777 215 caloris

388 238 494 262 motus
507 228 681 262 excitandae
690 227 890 263 vielcffiicae
910 230 1045 264 omnino
1059 226 1194 271 sufficit,
1214 228 1269 263 nisi
1287 231 1320 264 in
1342 230 1435 263 certis
1455 227 1664 276 corporibus,
1686 239 1720 262 ut
1741 241 1776 264 m

390 276 558 310 adamante
580 274 678 310 bruto
689 277 849 311 interdum
870 280 998 320 evenit,
1017 279 1073 325 qui
1098 276 1270 311 calefactus
1298 279 1376 312 citra
1394 276 1580 312 frictionem
1601 277 1777 322 aliquando

390 323 470 358 levia
480 324 518 356 ad
532 323 562 357 se
579 326 818 372 rapitcorpora.
835 326 941 360 Multa
957 326 1079 361 inhnnc
1090 337 1158 360 rem
1173 326 1324 374 exempla
1349 323 1442 360 affert
1461 328 1499 360 D.
1518 327 1629 371 Boyle.
1652 327 1720 359 Fuit
1731 325 1778 360 illi

388 371 515 405 adamas
531 373 636 416 rudis,
653 375 710 420 qui
721 373 775 418 vel
791 374 895 423 digito
908 374 1023 422 press'us
1035 403 1043 415 ‚
1071 379 1103 409 δι
1118 374 1186 409 levi
1199 387 1292 409 motu
1309 372 1450 409 affi-ietus
1465 401 1475 415 ,
1501 373 1576 420 saepe
1591 376 1690 408 etiam
1703 385 1777 410 cum

390 422 406 455 ὲ
419 431 493 466 peta
513 419 737 456 siibduceretur
748 450 757 464 ,
783 424 861 456 citra
878 423 976 457 ullam
998 421 1213 458 affiictionem
1223 425 1290 457 vim
1308 423 1391 457 suam
1404 421 1590 456 electricam
1610 434 1780 469 exprome·

391 467 456 503 bat.
473 469 533 502 Sed
546 474 578 504 δέ
590 469 751 505 succinum
769 469 823 504 soli
835 472 940 506 aestivo
949 470 1126 519 expositum
1138 500 1145 513 ‚
1158 484 1229 505 curn
1243 483 1331 506 cetto
1350 471 1462 505 caloris
1475 470 1575 518 gradu
1584 470 1760 506 incaluisset
1769 499 1785 514 r

390 516 568 551 leviusculis
580 518 747 552 admotum
764 519 954 568 corporibus
968 532 1004 554 ea
1014 520 1053 553 ad
1065 519 1094 553 se
1105 519 1254 567 rapiebat
1272 534 1279 556 ε
1298 518 1382 566 quasi
1396 518 1440 554 sol
1458 521 1514 565 qui
1526 531 1661 566 vapores
1678 520 1782 555 attol-

391 565 428 599 lit
440 593 449 606 ‚
471 571 503 601 ὃ(
523 566 765 613 atniosphaeram
781 570 863 602 circa
875 568 993 603 telluris
1012 567 1127 602 orbem
1142 568 1268 611 fundit,
1288 570 1437 604 eledlffica
1451 570 1552 602 etiarn
1565 579 1699 615 corpora
1721 567 1790 603 suis

391 613 505 648 itidem
524 615 737 662 atmosphaeris
750 617 863 651 vestiat
891 620 942 652 Sic
970 616 1097 651 solidius
1126 619 1244 651 vitrum
1265 616 1307 651 ab
1321 620 1396 660 igne
1419 618 1484 650 vim
1501 615 1686 651 elearicam
1705 616 1783 652 hau-

389 659 453 698 siff‘:
467 691 476 706 ,
499 675 571 698 cum
593 664 634 698 ad
646 675 767 699 certum
784 665 896 700 caloris
917 666 1051 714 gradum
1069 667 1258 714 perdustum
1276 664 1382 701 fuisset
1396 694 1405 709 ,
1423 665 1510 699 idem
1531 665 1659 700 Author
1685 665 1783 700 testa-

392 722 453 746 tur.

438 760 472 793 ld
490 771 598 808 tamen
625 761 729 810 liquet
747 777 813 799 non
840 776 972 801 omnem
997 764 1138 800 calorem
1151 793 1160 808 ‚
1175 764 1226 799 sed
1251 776 1336 799 certa
1363 765 1487 798 ratione
1511 762 1734 800 modificatum
1751 768 1798 801 vi-

393 807 549 844 eledkricae
564 808 743 847 excitandae
760 811 820 847 esse
835 815 1000 850 idoneum.
1013 815 1110 850 Unde
1122 814 1281 848 succinum
1298 825 1364 848 non
1379 813 1496 846 eodem
1509 813 1609 848 modo
1625 815 1759 849 attrahit
1776 844 1786 858 ,

395 870 469 892 cum
488 860 553 906 igni
567 860 734 896 admotum
760 863 898 896 eundern
914 862 1027 896 caloris
1044 863 1178 910 gradum
1194 861 1374 910 adipiscitur
1385 890 1394 903 ,
1419 873 1456 895 ac
1469 862 1538 907 post
1550 864 1687 909 partium
1698 862 1786 898 affii-

399 907 500 942 etum.
524 909 653 942 Deinde
664 920 700 943 ut
716 913 829 944 attritu
847 911 988 957 quodam
1001 939 1010 953 ,
1029 910 1070 945 sic
1086 909 1219 945 tersione
1232 913 1280 943 vis
1302 909 1450 943 electi-ica
1465 909 1502 944 fit
1515 911 1677 947 validior..
1697 914 1795 948 Nam-

395 957 482 1002 poris
500 954 520 990 {a
538 955 682 991 sordibus
697 959 897 1005 autpulvere
911 961 1071 1007 expeditis
1087 959 1203 993 halitus
1222 957 1348 992 facilius
1368 970 1552 1006 erumpunt.
1592 962 1644 994 Sic
1673 959 1785 996 sereno

395 1015 543 1051 tempore
567 1008 712 1053 vegetior
724 1007 770 1041 est
783 1009 829 1041 vis
845 1008 1127 1055 eledrrica‚qui³.m
1145 1006 1302 1042 nebuloso
1318 1034 1326 1049 ,
1341 1018 1396 1041 aut
1411 1006 1523 1054 pluvio
1536 1007 1630 1044 coelo.
1641 1010 1713 1044 Nec
1729 1009 1787 1043 ha-

397 1051 468 1086 litus
486 1052 635 1087 -elestrici
646 1054 744 1089 obvia
761 1067 895 1103 quaeqae
909 1068 1042 1105 corpora
1055 1067 1243 1104 penetrant,
1261 1067 1294 1090 ut
1309 1057 1481 1103 magnerici
1498 1055 1632 1092 cffluxus
1647 1070 1654 1091 ε
1670 1057 1722 1092 sed
1733 1057 1820 1108 vel-x

397 1099 519 1135 subtilis
537 1101 607 1136 telae
617 1102 804 1151 interpositu
820 1116 976 1138 arcentur.
994 1106 1042 1139 Ac
1058 1107 1190 1139 demum
1203 1117 1273 1151 quae
1288 1103 1477 1151 copiosiores
1497 1104 1612 1141 halitus
1626 1105 1788 1151 fundunt,

399 1160 435 1184 ut
451 1149 604 1197 pleraque
618 1155 742 1199 gummi
756 1180 764 1194 ,
782 1164 837 1187 aut
853 1152 956 1188 resinae
968 1182 977 1196 ,
997 1152 1095 1188 sulfur
1110 1153 1210 1202 ipsum
1222 1182 1231 1196 ‚
1246 1153 1418 1194 bitumina,
1441 1165 1572 1200 quaeque
1585 1153 1690 1189 multo
1705 1155 1790 1189 odo·-

401 1210 435 1232 re
454 1198 483 1232 se
497 1201 646 1246 produnt,
664 1201 778 1234 eadem
791 1200 859 1235 fere
875 1201 1251 1250 simtele&rica:magno
1267 1202 1399 1248 quidem
1414 1202 1535 1236 indicio
1550 1204 1616 1237 vim
1631 1214 1742 1238 eorum
1754 1206 1789 1239 in

403 1246 505 1282 halitu
519 1250 676 1296 pingui&
688 1249 808 1283 viscoso
819 1248 879 1284 esse
893 1249 1034 1298 positam.
1046 1252 1120 1296 Qa
1134 1262 1243 1285 autern
1257 1252 1381 1284 ratione
1396 1251 1524 1297 pingues
1538 1251 1587 1285 illi
1603 1251 1718 1286 halitus
1728 1250 1789 1287 ob·
1829 1262 1834 1271 ·

404 1297 457 1331 via
470 1308 606 1343 qumque
617 1297 797 1345 corpuscula
815 1298 854 1332 ad
873 1297 902 1332 se
918 1301 1043 1347 rapiant
1054 1329 1062 1342 ,
1075 1312 1140 1334 non
1154 1301 1199 1332 ita
1212 1300 1254 1333 est
1265 1299 1424 1345 explicatu
1435 1297 1543 1334 facile.

463 1344 542 1378 lllud
557 1357 664 1380 tamen
683 1345 854 1380 verisimile
867 1348 993 1382 videtui·
1007 1347 1192 1383 electa-icam
1213 1349 1442 1382 attractionem
1455 1359 1497 1382 ex
1516 1347 1672 1384 balituum
1687 1349 1790 1385 visco·

403 1391 493 1426 sitate
507 1398 538 1429 δέ
552 1393 694 1429 tensione
704 1396 796 1430 duci:
812 1396 898 1442 quod
912 1399 1023 1444 utique
1039 1409 1080 1432 ex-
1094 1395 1244 1431 omnibus
1260 1396 1478 1443 phaenomenis
1494 1395 1649 1432 elestricis
1659 1411 1728 1446 quae
1743 1398 1799 1434 sum*

404 1440 510 1490 periris
522 1442 684 1477 attulimus
699 1471 708 1485 ,
732 1444 827 1478 facile
840 1444 1013 1492 colligitur.
1030 1444 1205 1481 Probatum
1224 1444 1287 1479 fuit
1306 1444 1424 1480 halitus
1443 1443 1581 1480 viscosos
1596 1458 1764 1496 erumpere
1778 1477 1788 1492 ‚

406 1490 475 1524 fere
491 1501 525 1525 ut
537 1491 650 1526 odores
665 1503 703 1526 ex
715 1493 984 1536 aromatis‚calore
996 1506 1050 1527 eos
1062 1496 1239 1536 excitari,&
1252 1492 1336 1540 quasi
1348 1492 1475 1529 vibrari.
1486 1494 1548 1528 Sed
1559 1497 1610 1528 vix
1623 1496 1793 1531 aliter-con·

406 1541 515 1587 cipere
525 1539 683 1587 possumus
696 1570 704 1581 ,
722 1541 887 1588 quomoda
899 1541 1013 1577 viscosa
1035 1542 1088 1577 illa
1105 1543 1235 1577 stamina
1250 1554 1322 1576 cum
1343 1540 1391 1576 sua
1402 1541 1489 1576 velut
1508 1544 1792 1590 praedalrevertan·

410 1599 460 1622 tur
476 1617 484 1629 ,
501 1587 558 1623 nisi
575 1589 613 1623 ad
630 1589 802 1624 tensionem
814 1589 914 1637 ipsam
926 1591 1160 1639 confugiamus.
1180 1592 1269 1625 Idem
1288 1592 1374 1626 enim
1393 1591 1460 1625 fere
1481 1593 1619 1635 accidit,
1640 1605 1740 1641 atque
1757 1597 1799 1630 in*

409 1637 517 1671 musici
528 1637 728 1673 instrumenti
743 1637 858 1673 fidibus
875 1667 884 1680 ,
898 1651 968 1686 quae
979 1652 1051 1673 cum
1064 1642 1232 1687 praenimici
1254 1638 1396 1674 tensione
1407 1637 1656 1687 disrumpuntur,
1678 1645 1710 1677 in
1728 1641 1800 1677 sesev

410 1686 553 1720 redeunt.
571 1687 622 1720 Sic
632 1685 687 1720 ubi
698 1687 930 1723 vehementior
942 1691 1070 1735 eruptio
1081 1687 1186 1723 calore
1200 1690 1338 1723 excitata
1349 1686 1461 1722 desinit
1470 1717 1479 1730 ,
1491 1694 1523 1724 &
1533 1687 1595 1724 sese
1603 1689 1721 1726 remisit
1730 1693 1792 1727 im-

411 1746 504 1779 petus
520 1763 528 1777 ‚
546 1745 612 1769 tum
623 1736 827 1770 retrahuntur
847 1735 900 1769 illa
915 1735 1004 1770 velut
1019 1736 1194 1772 tenuissima
1204 1736 1257 1771 fila
1269 1765 1277 1778 ‚
1289 1749 1422 1783 quaeque
1433 1739 1614 1784 corripuere
1627 1740 1798 1787 corpuscu-

411 1782 441 1816 la
451 1811 460 1825 ‚
471 1782 575 1817 secum
586 1784 761 1819 advehunt.
777 1785 876 1831 quue
891 1787 1049 1819 cernimus
1074 1788 1106 1820 in
1121 1783 1230 1819 oleoso
1241 1813 1250 1828 ,
1267 1791 1300 1821 δε
1312 1784 1428 1819 viscoso
1440 1787 1574 1820 humore
1584 1815 1592 1829 ‚
1607 1790 1715 1833 quiex
1728 1790 1792 1824 vir-

411 1844 458 1878 gae
472 1843 620 1866 extremo
631 1832 745 1867 filatim
757 1831 796 1867 sic
808 1833 947 1875 decidit,
965 1845 1000 1867 ut
1018 1833 1206 1880 plerumque
1220 1835 1253 1867 in
1273 1831 1303 1866 se
1318 1845 1466 1869 recurrat.
1497 1836 1608 1880 ltaque
1633 1835 1792 1872 halituum

413 1882 541 1926 eruptio
551 1908 560 1921 ,
573 1885 606 1915 &
617 1880 792 1915 vehemens
805 1879 904 1914 tensio
917 1881 1039 1914 viscidae
1057 1880 1232 1915 substantiae
1243 1882 1275 1915 in
1289 1881 1376 1915 causi
1391 1881 1436 1914 est
1447 1893 1500 1916 cur
1510 1882 1614 1929 pulvis
1633 1883 1738 1920 oleosa
1752 1885 1797 1921 il-

410 1926 442 1961 la
455 1928 648 1975 pinguedine
659 1930 798 1963 irretitus
809 1939 877 1961 ruat
891 1930 927 1963 in
942 1928 1099 1964 succinum
1111 1945 1121 1973 ·‚
1136 1943 1200 1964 non
1215 1932 1266 1965 vi<
1279 1928 1403 1964 occulta
1415 1934 1446 1965 &
1457 1933 1590 1978 magica,
1601 1944 1700 1979 quarn
1708 1932 1794 1982 sym-

413 1976 558 2022 pathiam
571 1988 688 2010 vocant
704 1990 711 2010 ι
729 1976 779 2010 secl
796 1977 827 2010 id
839 1975 874 2010 fit
886 1989 921 2010 ea
933 1979 1081 2012 motione
1095 2006 1104 2020 ,
1135 1990 1202 2024 quae
1218 1978 1308 2013 tenfis
1329 1977 1514 2024 corporibus
1536 1984 1714 2016 communis
1732 1981 1799 2028 est,

413 2036 483 2071 quae
493 2023 594 2058 solent
607 2024 636 2058 se
649 2025 832 2065 restituere,
849 2023 902 2059 ubi
915 2025 1199 2074 reseditimpetus‚
1215 2030 1291 2062 utin
1310 2027 1398 2061 tenso
1411 2026 1488 2061 fune
1510 2031 1679 2066 cernimus.

450 2071 606 2107 Probatur
618 2075 715 2107 etiam
733 2087 770 2107 ex
785 2072 973 2109 discussione
988 2103 996 2116 ,
1013 2080 1044 2111 ὃ(
1061 2078 1208 2110 examine
1223 2076 1353 2110 aliarum
1371 2078 1571 2123 opinionum.
1584 2077 1693 2114 Primo
1705 2082 1798 2116 enirn·

415 2123 470 2168 qui
481 2120 521 2154 ad
536 2122 696 2156 occultam
713 2122 901 2168 qualitatem
915 2152 923 2164 ‚
945 2136 998 2158 aut
1014 2122 1152 2158 formirn
1164 2124 1398 2158 substartialem
1411 2125 1618 2172 confugiunt,
1646 2139 1716 2163 rem
1734 2128 1794 2163 ob-

414 2170 533 2204 scuram
550 2183 607 2216 pet
625 2169 840 2205 obscuriorem
853 2171 1017 2219 explicant
1034 2187 1042 2207 :
1059 2185 1162 2219 neque
1173 2173 1204 2207 id
1225 2172 1393 2207 verisimile
1403 2173 1446 2206 est
1459 2201 1467 2213 ,
1484 2171 1608 2208 succino
1619 2203 1627 2215 ‚
1645 2188 1701 2211 aut
1718 2177 1795 2211 ada-

416 2221 516 2252 manti
532 2217 585 2264 ipsi
595 2217 656 2252 esse
666 2223 910 2262 coemtionem,
935 2232 988 2255 aut
1007 2221 1218 2268 sympathiam
1237 2235 1308 2256 cum
1329 2223 1416 2255 omni
1437 2221 1575 2265 pulveris
1594 2236 1712 2268 genere
1725 2253 1736 2268 ,
1757 2231 1793 2262 &

416 2266 589 2301 levioribus
601 2266 776 2311 quibusque
788 2268 975 2314 corporibus
990 2283 997 2303 :
1012 2269 1130 2303 nullum
1149 2283 1174 2304 e¹
1184 2272 1236 2305 im
1251 2271 1294 2304 est
1308 2270 1396 2318 quod
1410 2268 1570 2304 affriCtum
1584 2269 1741 2309 succinum
1751 2273 1793 2308 ad

415 2315 447 2350 se
459 2328 523 2349 nou
539 2316 643 2350 trahat
654 2346 662 2356 ,
682 2315 702 2350 si
719 2316 881 2352 flammam
894 2318 992 2364 ipsam
1018 2321 1192 2365 excvperis.

451 2377 469 2398 2
479 2366 548 2401 .Ne
561 2365 695 2401 Cartesii
705 2366 836 2414 quidem
844 2369 925 2403 ratio
937 2365 1201 2416 probaripotest,
1225 2368 1240 2405 ὲ
1255 2367 1382 2406 succino
1396 2368 1546 2406 nimirum
1560 2373 1672 2405 attrito
1697 2371 1801 2415 primif

1636 2417 1792 2455 elementi
