1930 2766
542 143 955 181 TRACTATUS
1003 144 1268 182 PRIMUS.

179 197 260 233 tiam
272 194 314 231 ab
329 192 482 231 omnibus
499 194 568 229 aliis
580 194 783 230 discriminat·
795 192 894 229 Nulla
908 194 995 229 enim
1009 192 1173 243 disciplina
1184 206 1299 244 praeter
1319 192 1484 243 Phylicam
1501 174 1572 231 cor?

179 258 238 295 pus
257 242 407 281 naturale
419 272 429 287 ‚
458 255 494 279 ut
512 245 659 280 naturale
680 244 722 279 <st
734 272 744 286 ,
765 243 1004 291 contemplatur
1020 261 1029 288 3
1054 245 1094 277 ad
1112 244 1144 278 id
1162 244 1348 280 referuntur
1366 248 1474 279 omnia
1499 258 1570 293 qua:

178 297 214 332 in
223 295 283 330 hac
294 293 424 330 scientia
444 293 612 329 traduntur
626 323 636 338 ,
661 292 723 328 sive
738 305 775 327 ea
790 291 847 327 lint
861 293 1040 340 principia,
1065 291 1129 328 five
1148 292 1266 342 species
1280 322 1290 337 ,
1314 292 1378 329 sive
1393 297 1572 342 proprieta-

179 355 235 383 tes.
258 345 342 394 Ergo
362 357 430 378 non
452 343 539 378 aliud
561 344 608 378 est
623 344 791 394 objectum
812 344 975 390 integrum
995 371 1006 386 ‚
1038 347 1072 380 &
1091 343 1294 391 adaequatum
1322 343 1415 389 huius
1432 343 1570 379 scientiae

177 405 295 442 praeter
316 405 430 441 corpus
448 393 600 428 naturale.
627 393 730 443 Qd
756 390 856 427 etiam
881 404 914 426 ut
931 390 1016 427 sensu
1061 394 1213 442 excipitur
1229 404 1284 427 aut
1306 393 1431 427 mobile
1449 393 1495 427 est
1517 422 1527 438 ,
1551 394 1571 430 a

177 441 312 490 Physica
331 441 530 492 potissimum
553 440 723 490 speetatur.
751 440 855 487 Qiod
875 443 963 476 enim
980 405 1081 477 sensus
1101 454 1215 479 omnes
1236 442 1319 491 fugit
1334 471 1344 486 ,
1363 444 1416 477 vix
1432 443 1471 477 ad
1489 442 1573 478 hanc

178 490 381 541 disciplinam
406 493 558 539 pertinet.
592 531 595 533 ,

215 540 366 586 Confirm.
393 543 518 577 Natura
534 539 577 574 est
593 541 734 586 primum
764 534 866 571 motis
883 537 922 572 6⁹
937 539 1055 583 quien's
1074 541 1267 587 prinprium
1287 543 1356 583 ejus
1371 541 1405 574 in
1424 555 1482 588 quo
1504 541 1545 587 est
1561 558 1572 577 .-

177 589 230 629 sed
241 591 271 624 id
287 592 427 625 maxime
444 587 576 636 Phyfica
594 587 763 636 investigat
775 614 784 629 ,
808 586 896 633 quod
910 586 957 622 est
972 588 1165 636 principium
1181 588 1294 624 motfis
1313 592 1488 637 unicuique
1503 604 1570 626 cor-

201 641 251 674 ori
263 641 425 674 intimum.
439 637 526 672 Cum
540 639 631 672 enim
643 648 751 672 motus
761 637 904 685 corporis
915 635 1046 671 aliunde
1056 637 1202 682 accedit,
1227 649 1282 673 aut
1292 637 1333 672 ab
1347 638 1486 676 humana
1499 654 1571 688 pro.

177 653 489 725 ficisciturindustria
503 701 510 723 :
527 691 538 732 (
557 698 594 722 ut
611 687 645 722 in
655 685 834 735 horologiis
853 691 885 722 ἃ
897 685 967 722 aliis
980 685 1137 723 machinis
1149 716 1161 732 ,
1187 697 1259 737 quoe
1273 699 1442 723 automata
1458 689 1573 726 dicun-

176 748 247 780 tur,
265 734 352 784 quod
366 735 458 771 velut
475 734 526 771 sua
540 735 653 785 sponte
670 747 863 772 moveantur
880 748 887 770 :
918 741 928 779 )
954 735 1019 772 haec
1031 765 1040 780 ,
1069 738 1202 784 inquam
1217 765 1227 776 ‚
1260 751 1326 773 non
1341 739 1497 783 naturali,
1519 737 1574 774 scd

175 783 337 821 artificiali
349 797 441 820 motu
453 785 601 821 feruntur
614 815 624 830 ‚
641 798 700 821 nec
710 786 906 835 principium
921 785 1015 834 hujus
1031 786 1141 822 morsis
1160 786 1206 820 est
1231 788 1263 822 in
1283 785 1354 835 ipsis
1374 788 1574 836 corporibus.

178 836 268 870 Cum
278 847 387 870 autem
396 848 505 871 motus
515 835 556 871 ab
573 835 724 871 industria
736 835 877 870 humana
891 848 956 871 non
968 837 1070 870 oritur
1084 864 1094 879 ,
1111 834 1161 870 sed
1177 852 1182 868 ι
1195 836 1220 871 st
1230 838 1262 871 in
1275 835 1376 885 reipsa
1386 865 1395 880 ,
1414 849 1480 872 tuni
1491 838 1575 887 phy..

177 883 254 921 ficus
269 884 360 935 hujus
371 886 416 919 rei
426 897 595 930 naturam,
612 884 666 920 seu
678 885 872 933 principium
891 884 974 920 illius
993 897 1100 920 motus
1122 887 1266 933 inquirit.
1289 889 1373 935 Ergo
1388 886 1463 922 licet
1488 889 1575 923 idem

177 932 212 969 sit
224 934 414 971 naturale&
425 934 554 970 mobile
571 963 581 979 ,
606 947 716 970 tamen
733 933 877 983 physicus
894 936 975 969 circa
995 947 1145 971 naturam
1155 938 1264 988 potius
1275 964 1284 979 ‚
1301 935 1493 983 quamcirca
1505 951 1576 972 mo-

177 993 248 1019 tum
264 995 462 1033 occupatur:
489 986 683 1034 principium
708 985 796 1020 enim
814 982 897 1019 illius
913 982 1024 1019 motus
1048 986 1256 1020 intrinsecum
1279 986 1450 1034 investigat
1473 1001 1481 1023 ε
1508 989 1575 1023 imo

175 1044 230 1069 cur
243 1044 292 1067 res
336 1032 454 1068 uiescat
465 1051 474 1077 3
485 1047 540 1069 cur
552 1047 652 1083 grave
665 1046 717 1070 ex.
731 1047 778 1083 gr.
797 1035 849 1068 vix
865 1032 884 1069 ὲ.
907 1032 961 1069 suo
976 1029 1051 1068 loco
1064 1034 1268 1070 dimoveatur
1284 1063 1294 1078 ‚
1316 1037 1482 1084 expendit.

211 1084 257 1118 Ex
269 1046 423 1130 iisiiqtiet
439 1095 588 1119 naturam
601 1082 644 1118 ab
661 1095 731 1118 arte
752 1086 783 1119 in
798 1082 861 1118 hoc
882 1082 943 1118 esse
960 1082 1140 1127 diversam,
1164 1082 1254 1132 quod
1269 1096 1381 1120 natura
1399 1083 1434 1120 sit
1456 1089 1502 1121 rei
1525 1089 1576 1123 in-

178 1133 259 1167 tima
269 1129 443 1168 substantia
457 1161 467 1176 ‚
480 1145 584 1180 eaque
607 1133 784 1176 foecunda,
805 1144 878 1178 quae
905 1131 1002 1167 aliam
1017 1131 1218 1169 consimilem
1237 1146 1384 1182 procreat
1406 1148 1414 1168 :
1435 1147 1483 1170 ars
1497 1136 1577 1171 vcro

177 1179 215 1217 sit
230 1182 276 1214 rei
286 1179 341 1229 ipsi
355 1183 492 1216 extraria
509 1211 518 1225 ,
538 1194 609 1229 quae
620 1181 704 1216 illius
715 1180 918 1230 superficiem
933 1192 1081 1224 tantum,
1103 1195 1169 1218 non
1188 1181 1365 1231 penetralia
1383 1183 1448 1231 ipsa
1462 1198 1577 1233 perva-

177 1229 250 1272 dit;
265 1229 405 1265 formam
419 1231 669 1265 accidentariam
686 1260 696 1274 ‚
720 1244 785 1266 non
805 1231 849 1264 rei
876 1229 1083 1265 substantiam
1102 1229 1201 1266 efficit
1217 1248 1226 1273 3
1244 1236 1331 1279 cujus
1347 1232 1481 1269 demum
1495 1247 1577 1283 opus

178 1277 288 1325 sterile
303 1279 360 1316 est.
372 1280 434 1314 Ars
444 1282 568 1329 quippe
579 1281 735 1329 imagines
747 1279 915 1323 duntaxat,
926 1291 995 1314 non
1010 1290 1060 1314 res
1078 1277 1158 1328 ipsas
1172 1277 1290 1323 efficit,
1308 1280 1419 1329 dirigit
1433 1293 1576 1319 tantum-

179 1327 281 1363 inodo
298 1356 308 1372 ,
328 1341 396 1365 non
409 1329 590 1377 quidquam
612 1340 755 1378 generat-

213 1379 254 1413 ln
282 1379 321 1412 iis
346 1389 456 1413 tamen
483 1381 686 1414 conveniunt
714 1390 828 1414 natura
840 1408 850 1423 ‚
884 1384 918 1416 ὅ(
946 1389 1011 1422 ars,
1041 1377 1131 1425 quod
1152 1389 1289 1426 utraque
1311 1393 1377 1415 non
1401 1392 1523 1415 temere
1541 1387 1575 1418 ἂν

179 1420 390 1463 {umultuario
401 1457 410 1471 ,
431 1425 483 1462 sed
501 1428 650 1464 ordinate
660 1457 670 1472 ,
680 1426 826 1476 disposite
845 1457 854 1473 ‚
869 1433 903 1465 δε
915 1440 989 1462 cum
1003 1429 1128 1463 ratione
1140 1439 1308 1476 operetur3
1326 1441 1463 1477 utraque
1475 1433 1575 1465 etiarn

178 1475 335 1512 effedhim
351 1476 408 1512 sibi
421 1475 556 1512 similem
575 1476 727 1514 molitur:
744 1475 796 1512 sed
809 1490 921 1513 natura
932 1475 1097 1526 physicam
1110 1505 1121 1520 ,
1142 1489 1190 1526 ars
1205 1477 1345 1513 idealem
1367 1479 1523 1514 duntaxat
1539 1478 1576 1515 si-

180 1525 400 1569 militudinem
422 1527 557 1562 inducit.
573 1528 662 1563 Hinc
675 1539 787 1563 natura
807 1527 940 1575 pulchre
960 1525 980 1562 ὲ
995 1526 1170 1562 Platonicis
1191 1525 1343 1563 definitur
1357 1557 1367 1572 ‚
1387 1541 1442 1563 ars
1456 1529 1524 1562 Dei
1542 1532 1576 1563 in

178 1579 329 1611 materia.
345 1576 398 1611 Est
413 1577 502 1611 enim
518 1589 568 1610 ars
582 1604 592 1620 ,
615 1575 744 1620 ut‘alibi
757 1578 894 1612 diximus
907 1605 917 1620 ,
945 1577 1046 1611 virtus
1072 1577 1209 1619 mentis,
1229 1577 1269 1611 ad
1289 1582 1378 1626 cujus
1398 1576 1484 1625 leges
1499 1581 1574 1627 opi-

178 1621 236 1659 fex
258 1636 296 1659 ea
310 1625 421 1672 dirigit
436 1653 446 1667 ,
463 1637 534 1672 quae
549 1637 701 1673 operatur
720 1625 924 1660 extrinsecus.
946 1623 1179 1671 Qamobrem
1194 1637 1307 1660 natura
1321 1639 1388 1662 non
1410 1627 1456 1660 est
1471 1626 1573 1671 aliud,

178 1671 280 1719 quam
298 1685 348 1707 ars
360 1674 493 1717 divina,
510 1678 601 1721 juxta
617 1686 716 1721 quam
729 1675 838 1708 omnia
861 1672 931 1708 sunt
948 1671 1189 1708 ordinatissima.
1223 1676 1302 1720 Qo
1316 1675 1448 1720 quidem
1471 1677 1573 1711 modo

179 1721 245 1755 dici
254 1720 336 1757 solet
346 1734 427 1770 opus
440 1733 562 1757 naturae
578 1721 640 1757 effe
656 1735 736 1772 opus
746 1721 987 1771 intelligentiae,
1009 1726 1044 1758 δε
1056 1732 1202 1756 naturam
1219 1722 1299 1757 nihil
1322 1722 1436 1758 frustra
1457 1724 1574 1762 moliri.

179 1771 306 1809 Natura
319 1769 398 1806 vero
411 1769 492 1806 solet
501 1770 657 1820 appellari
667 1784 773 1807 rerum
784 1783 864 1818 quas
882 1771 943 1806 hoc
956 1768 1140 1806 universum
1162 1770 1392 1820 complefflrur
1404 1801 1413 1815 ‚
1433 1771 1529 1808 series
1541 1780 1576 1811 &

179 1831 269 1856 certa
282 1822 444 1855 connexio
455 1849 465 1864 ,
487 1833 550 1868 qua
561 1823 606 1856 ita
618 1819 688 1857 sunt
701 1819 854 1870 dispositae
867 1825 900 1858 &
910 1818 967 1855 fibi
982 1832 1097 1855 mutuo
1113 1831 1230 1869 aptatae
1242 1849 1252 1864 ,
1277 1832 1312 1856 ut
1327 1833 1382 1857 eos
1406 1834 1488 1870 quos
1507 1836 1577 1858 cer-

180 1871 287 1905 nimus
302 1868 436 1905 effictus
449 1899 459 1914 ‚
479 1875 513 1907 &
532 1881 640 1905 motus
658 1871 777 1906 eodem
799 1870 923 1919 semper
942 1881 1056 1904 tenore
1077 1874 1111 1906 ὃς
1133 1869 1234 1904 modo
1251 1882 1307 1905 aut
1328 1869 1470 1906 efficiant
1486 1901 1496 1914 ,
1518 1885 1574 1907 aut

181 1920 253 1954 exci
279 1921 357 1956 iant.
385 1919 554 1955 Siccalore
569 1918 643 1954 solis
656 1923 784 1969 aquain
795 1931 933 1968 vapores
949 1918 1129 1962 attollitur,
1152 1931 1288 1968 vapores
1311 1919 1431 1970 frigore
1450 1921 1572 1956 densati

182 1969 216 2002 in
233 1932 379 2016 pluviam
398 1969 542 2004 recidunt
558 1998 568 2014 ,
589 1981 628 2005 ex
650 1982 713 2017 qua
732 1969 841 2006 herbae
870 1968 1038 2005 nascuntur
1054 1997 1064 2011 ,
1090 1979 1129 2003 ex
1149 1970 1187 2002 iis
1211 1968 1362 2004 animalia
1378 1972 1570 2008 nutriuntur.

183 2018 265 2053 Haec
280 2016 442 2054 causarum
462 2018 557 2054 series
570 2019 722 2054 naturalis
742 2020 857 2055 dicitur
870 2048 880 2063 ‚
907 2029 944 2054 ut
968 2017 1102 2066 pulchre
1120 2016 1272 2053 observat
1289 2020 1337 2053 vir
1359 2018 1572 2058 doctissimus.

184 2066 286 2112 Qod
300 2079 411 2102 aurem
422 2069 617 2111 recentiores
629 2069 763 2117 quidam
775 2079 899 2118 negant
922 2080 971 2102 res
992 2067 1012 2102 ‘a
1028 2079 1140 2103 natura
1160 2066 1322 2116 profestas
1344 2067 1387 2103 ab
1405 2068 1573 2105 artefaffis

184 2113 316 2151 differre
326 2144 337 2159 ‚
347 2115 402 2151 nifi
415 2117 506 2163 quod
520 2117 572 2152 vel
590 2119 623 2152 in
637 2117 859 2167 abJefflffimis
878 2117 975 2167 longe
993 2119 1313 2165 maximumnzaturae
1328 2116 1453 2152 eluceat
1470 2118 1575 2154 artifi-

183 2165 271 2199 cium
285 2179 292 2201 :
308 2177 383 2206 cun)
392 2177 504 2201 tamen
524 2178 664 2214 utraeque
679 2167 711 2202 id
733 2167 877 2204 habeant
893 2179 1065 2202 commuue
1079 2195 1088 2211 ,
1107 2166 1195 2214 quod
1219 2164 1261 2201 ab
1277 2169 1396 2202 intimo
1412 2169 1572 2215 principio

184 2225 392 2250 moveantur.
426 2214 646 2264 Horologium
674 2220 761 2252 enim
778 2246 788 2261 ,
817 2219 988 2265 inquiunt,
1007 2215 1066 2251 suis
1095 2218 1173 2250 rotis
1191 2227 1228 2249 ac
1243 2214 1440 2264 ponderibus
1461 2217 1574 2252 instru„

187 2264 276 2299 &um
287 2276 354 2300 non
367 2266 473 2300 minus
488 2277 525 2299 ex
538 2263 638 2314 seipso
652 2279 822 2312 movetur,
842 2265 942 2314 quam
955 2268 1065 2315 gravia
1081 2277 1228 2314 corpora.
1239 2267 1359 2313 Neque
1372 2267 1458 2300 enim
1475 2267 1573 2312 quid-

185 2312 284 2361 quain
298 2311 353 2348 nisi
366 2315 496 2362 proprio
506 2326 599 2350 motu
609 2316 746 2362 agitatur
756 2345 766 2359 ,
783 2316 858 2352 licet
868 2315 999 2351 aliunde
1009 2317 1036 2349 is
1050 2314 1229 2351 advenerit.
1249 2315 1303 2349 Sic
1316 2312 1431 2362 globus
1446 2316 1502 2361 qui
1516 2327 1571 2350 an—

188 2364 221 2398 te
238 2373 308 2398 erat
333 2361 534 2409 immobilis,
552 2362 594 2400 ab
613 2363 677 2400 alio
684 2363 837 2414 pellitur,
864 2376 971 2413 neque
990 2363 1100 2401 alieno
1116 2392 1126 2408 ‚
1151 2362 1211 2399 sed
1231 2365 1366 2412 proprio
1393 2375 1490 2404 motu
1506 2363 1571 2399 fer—

187 2421 249 2447 tur.

1339 2461 1417 2510 ai,-
