1878 2724
40 171 41 174 *
73 155 210 192 externis
221 150 372 188 tribuitur
381 179 391 194 ,
401 162 519 200 nempe
530 163 566 188 ut
575 151 712 202 globum
721 153 806 187 oculi
818 164 942 188 tueatur
954 182 964 197 ,
980 151 1115 188 humore
1127 152 1182 189 suo
1198 164 1299 201 quem
1314 125 1451 204 glangla?

72 205 110 240 1ae
131 205 201 240 huic
218 202 421 250 suppeditant
434 229 443 245 ‚
461 202 655 237 idemtidem
669 201 843 250 perfundat
861 231 870 245 ,
887 214 929 236 ne
950 203 1040 237 citius
1063 201 1182 238 arescat
1197 206 1262 238 aeri
1278 205 1450 254 expofirus3

71 255 212 301 denique
225 252 259 285 id
282 250 426 298 praestat‚
446 251 533 297 quod
551 251 698 286 homines
713 263 811 286 manu
836 249 998 294 efficiunt,
1013 263 1048 286 ut
1068 250 1088 286 fi
1103 253 1182 299 quid
1202 253 1341 301 pulveris
1364 257 1451 291 oculi

69 301 173 351 globo
197 299 358 334 adhaerent
378 327 388 341 ,
416 299 502 334 illius
524 299 722 335 membranae
746 313 811 348 ope
831 300 1028 347 detergatur.
1057 304 1092 336 ln
1117 300 1202 335 fimia
1218 304 1275 350 qui
1285 303 1370 350 quafi
1380 318 1450 340 ma-

71 349 334 387 iubusinsttuetus
345 349 405 391 est,
420 350 552 383 interior
575 348 729 398 palpebra
744 362 810 384 nori
824 350 997 392 invenitur,
1013 351 1060 384 uti
1078 352 1179 385 necin
1192 350 1328 399 piscibus
1346 356 1452 400 quiea

70 412 137 436 non
148 397 386 446 indigent.Illud
400 398 542 432 advertit
555 402 706 434 Vernaeus
723 400 805 432 circa
818 396 1007 446 palpebram
1020 399 1180 434 internam
1196 401 1451 449 quadrupedum,

71 459 144 482 eam
157 461 224 483 non
238 448 374 482 moveri.
402 448 521 493 Neque
538 448 627 483 enirn
644 448 675 481 id
691 458 770 495 opus
787 446 849 481 fuit
863 474 872 488 ,
890 457 951 480 nec
973 446 1076 482 facilis
1098 459 1165 482 erat
1183 461 1288 484 motus
1303 478 1312 492 ‚
1327 463 1400 485 cum
1414 464 1451 486 ea

70 495 106 532 fit
118 508 186 532 tota
195 496 398 544 cartilaginea
410 524 418 539 ‚
438 501 471 532 &
484 494 580 543 usque
592 496 632 530 ad
642 508 764 531 corneae
776 495 980 530 altitudinem
990 498 1109 532 erecta.
1129 499 1243 544 ltaque
1261 498 1330 533 satis
1346 501 1376 533 id
1391 500 1453 535 fuit

69 543 216 594 siglobus
237 547 323 580 oculi
339 545 517 579 identidem
542 545 683 581 affristus
700 543 896 580 membranae
917 543 1099 593 glandulis,
1123 557 1180 581 aut
1202 546 1338 583 humore
1358 560 1396 585 ex
1414 550 1453 584 iis

69 595 263 629 idemtidem
289 605 441 629 manante
467 593 722 642 perfunderetur.

104 645 228 678 Mirum
251 643 296 678 est
312 655 430 678 naturae
448 642 618 678 artificium
642 646 675 679 in
703 644 794 693 hujus
813 641 1013 678 membranae
1039 655 1110 691 quae
1131 643 1247 678 avibus
1264 648 1392 694 propria
1411 648 1455 683 est

69 691 240 728 strudkura:
267 692 354 739 quod
375 689 510 739 positum
537 692 583 726 est
594 694 730 727 maxime
761 695 794 727 in
811 691 954 726 funiculo
988 694 1044 739 qui
1066 705 1122 740 per
1141 692 1339 738 trochleam,
1356 695 1454 744 vulgo

67 753 131 774 une
144 741 249 790 paulic
261 742 374 776 duetus
392 739 616 776 membranam
635 742 731 777 instar
745 740 810 776 veli
830 740 978 775 fenestris
1000 740 1129 788 appensi
1144 753 1200 776 aut
1214 744 1366 778 extendit
1377 773 1386 787 ‚
1399 757 1454 781 aut

69 789 212 825 adducit.
224 793 267 826 Ea
285 788 472 824 membrana
492 790 534 824 est
554 790 752 839 triangularis
769 789 890 837 figurat,
909 794 993 838 cujus
1018 790 1100 824 latus
1117 803 1213 825 unum
1237 794 1381 826 interiori
1401 793 1453 829 seu

69 841 184 886 majori
197 838 282 874 oculi
296 838 415 887 angulo
429 838 613 873 adhaerescit
628 855 637 881 3
651 839 774 886 reliqua
786 840 849 873 duo
863 838 963 872 latera
978 837 998 873 ὰ
1012 839 1122 873 dextra
1138 842 1171 874 in
1182 838 1333 875 sinistram
1352 841 1454 879 libere

68 886 280 923 deducuntur.
298 888 333 921 Id
346 899 424 922 vero
447 885 483 920 fit
503 886 664 922 beneficio
678 887 828 929 musculi,
844 891 887 920 cu'
897 898 929 920 us
954 887 1054 921 tendo
1072 887 1163 921 instar
1181 887 1314 924 funiculi
1333 891 1452 939 angulo

66 935 266 971 membranae
279 934 399 970 mobili
418 933 576 983 affigitur:
597 935 650 970 hic
663 936 782 979 tendo,
797 947 852 969 aut
885 935 1025 969 uniculus
1043 934 1200 971 summam
1217 937 1302 972 oculi
1327 952 1451 986 partem

67 982 293 1032 pertransiens,
314 989 349 1021 δε
359 986 391 1019 in
403 984 614 1032 posteriorem
626 984 770 1032 delapsus
786 996 886 1032 prope
897 995 1034 1018 nervum
1048 987 1193 1032 opticum
1211 987 1388 1022 trochleam
1399 989 1452 1023 of.

67 1032 176 1068 fendit
187 1063 195 1077 ,
211 1046 283 1080 quae
296 1034 343 1067 est
353 1034 451 1068 tendo
464 1031 592 1067 alterius
607 1031 739 1068 musculi
748 1045 788 1067 ex
800 1036 928 1067 minore
939 1031 1024 1066 oculi
1039 1033 1158 1081 angulo
1172 1035 1310 1073 oriundi.
1325 1040 1450 1072 Verum

68 1093 105 1116 ut
114 1082 181 1116 haec
194 1082 317 1117 facilius
329 1081 546 1129 intelligantur
557 1094 654 1116 unam
662 1081 924 1125 item‚&.altemm
935 1093 972 1115 ex
987 1080 1095 1129 figuris
1105 1094 1184 1128 quas
1190 1084 1390 1119 D.Perrault
1398 1086 1452 1120 de-

67 1129 613 1177 lineavit‚adhibeanius‚vid.tab.4.
628 1129 998 1174 HIKL,nobisexhibeat
1014 1128 1151 1177 globum
1167 1130 1278 1166 oculia
1292 1133 1449 1180 posterio-

68 1179 204 1226 reiparte
216 1179 406 1222 visum,cum
416 1177 607 1214 membrana
621 1192 691 1226 quae
709 1181 905 1215 anteriorem
919 1178 1001 1213 illius
1014 1190 1138 1225 partem
1150 1182 1449 1228 tegit.Pun<stum,H

68 1226 211 1276 defiguat
229 1239 414 1263 extremum
433 1228 571 1262 tendinis
585 1256 593 1270 ,
609 1230 665 1275 qui
676 1226 873 1262 membranae
888 1225 1082 1268 adhaerescit,
1098 1232 1131 1264 &
1147 1240 1217 1262 eam
1234 1229 1381 1265 distendit
1395 1260 1404 1274 ‚
1422 1233 1448 1266 L

69 1276 117 1310 est
134 1279 226 1325 origo
245 1276 377 1311 musculi
392 1306 402 1320 ,
425 1281 512 1324 cujus
533 1277 632 1311 tendo
649 1289 705 1325 per
717 1279 747 1313 K
760 1305 769 1319 ‚
787 1275 888 1311 fertur
910 1278 943 1311 in
962 1277 994 1309 Η
1010 1290 1017 1311 :
1034 1279 1045 1309 l
1061 1278 1089 1310 1<
1108 1276 1152 1310 est
1166 1276 1248 1311 alter
1272 1279 1447 1323 musculus;

67 1329 150 1372 quus
166 1325 268 1360 tendo
285 1328 316 1360 in
329 1328 356 1360 K
366 1325 601 1373 perforatur,&
614 1325 764 1360 trochleae
779 1337 894 1360 munus
906 1324 989 1368 obit,
1009 1325 1086 1359 dum
1104 1327 1217 1373 prioris
1236 1327 1364 1363 musculi
1377 1340 1447 1364 ten-

67 1374 176 1408 diuem
189 1376 321 1421 excipit.
341 1375 428 1410 Cum
438 1385 574 1420 uterque
595 1373 751 1409 musculus
766 1377 799 1417 1,
817 1380 849 1410 δε
865 1375 892 1408 L
903 1402 912 1416 ,
929 1373 1126 1408 contrahitur
1142 1402 1151 1416 ,
1170 1386 1236 1410 tum
1256 1376 1448 1413 membrana

67 1422 160 1457 instar
172 1423 235 1457 veli
247 1424 404 1458 diducitur
415 1451 424 1465 ‚
438 1424 526 1465 &H‚
539 1420 642 1457 versus
656 1425 696 1457 M
708 1452 718 1465 ‚
739 1424 886 1458 excurrit.
905 1425 927 1457 B
946 1424 974 1457 A
996 1424 1026 1456 D
1049 1423 1187 1457 eandem
1201 1424 1426 1461 membranam
1438 1456 1448 1471 ,

69 1469 121 1505 seu
157 1470 344 1519 palpebram
384 1473 575 1506 interiorem
607 1473 756 1519 exprimit
773 1501 782 1514 ,
826 1484 899 1505 cum
923 1473 954 1505 in
985 1470 1069 1504 oculi
1097 1476 1254 1519 majorem
1294 1475 1446 1523 angulum

68 1518 98 1554 se
117 1522 284 1569 recipit2B
298 1521 343 1554 est
359 1523 542 1555 extremitas
557 1520 695 1555 tendinis
708 1519 858 1562 musculi,
876 1532 974 1567 quem
994 1521 1025 1552 in
1040 1522 1138 1566 priori
1157 1520 1254 1569 figura
1279 1521 1385 1557 littera
1409 1526 1442 1559 Η

65 1567 226 1616 designat:
245 1581 315 1617 pars
327 1568 522 1604 membranae
536 1570 673 1603 immota
689 1569 734 1603 est
754 1570 782 1604 A
794 1571 848 1604 D:
869 1567 1056 1603 membrana
1068 1571 1270 1614 extenditur,
1285 1584 1356 1607 curn
1375 1584 1445 1608 ten-

66 1617 110 1651 do
125 1619 149 1652 B
166 1618 268 1654 versus
291 1618 321 1652 C
332 1647 341 1661 ,
356 1629 585 1666 promovetur.

99 1675 138 1701 2⁰-
165 1670 200 1701 In
210 1667 322 1701 avibus
333 1668 502 1715 postquam
512 1678 625 1701 nervus
639 1667 761 1714 opticus
771 1664 907 1715 globum
926 1665 1011 1701 oculi
1024 1666 1121 1703 subiit
1135 1696 1144 1710 ‚
1158 1669 1240 1702 circa
1263 1667 1292 1702 se
1307 1668 1445 1704 effundit

66 1716 244 1750 rotundum
263 1715 350 1750 velut
372 1716 505 1750 calicem
517 1745 525 1758 ‚
538 1728 574 1750 ex
593 1720 679 1764 cujus
699 1717 843 1762 margine
864 1714 916 1749 fila
929 1715 1064 1762 plurima
1078 1728 1196 1752 exeunt
1207 1717 1307 1751 ciliari
1319 1719 1444 1765 proces-

67 1762 112 1796 sui
127 1775 423 1811 congenei·a‚eaque
437 1764 578 1799 desinunt
592 1777 677 1811 pone
690 1767 826 1799 vitreum
840 1763 1018 1807 humorem,
1030 1769 1078 1799 cui
1091 1764 1318 1808 adhaeresctuit3
1330 1779 1366 1800 ac
1377 1767 1444 1801 for-

68 1822 99 1845 te
111 1810 174 1846 haec
185 1809 375 1848 membrana
387 1813 438 1848 sua
451 1813 678 1850 dilatatione&
691 1814 910 1847 contractione
924 1814 1062 1848 vitreum
1073 1815 1243 1849 humorem
1258 1815 1443 1863 crystallino

63 1860 245 1904 admovet,
263 1874 318 1897 aut
336 1861 377 1896 ab
394 1874 434 1896 eo
449 1874 597 1896 removet
609 1891 618 1905 ‚
635 1874 670 1896 ut
686 1862 834 1896 distincta
858 1859 935 1896 visio
955 1862 1098 1910 postulat.

99 1916 138 1954 3⁰.
164 1911 250 1946 Cum
261 1913 367 1946 tunica
381 1910 466 1946 oculi
483 1910 650 1946 versicolor
664 1924 734 1958 quae
753 1913 807 1944 iris
826 1912 1003 1954 vocitatur,
1015 1911 1164 1947 dilatetur
1174 1917 1206 1948 δε
1224 1913 1443 1957 contrahatur,

67 1956 144 1991 licet
157 1958 253 1992 nullae
267 1962 297 1993 in
310 1972 346 1993 ea
362 1958 449 1993 fibrae
462 1959 594 1994 carnosa:
606 1971 778 2008 appareant
795 1974 802 1994 :
818 1959 850 1992 id
865 1972 998 2006 quoque
1008 1974 1072 1996 non
1083 1960 1236 1996 abhorret
1247 1960 1267 1996 ὲι
1281 1974 1359 1997 vero
1369 1975 1444 2009 pro-

65 2005 180 2040 celsum
196 2007 348 2049 ciliarem3
361 2010 416 2053 qui
430 2007 569 2052 ejusdem
582 2009 631 2042 est‘
638 2020 721 2054 pene
731 2020 847 2043 riaturae
864 2020 935 2041 cum
949 2009 1038 2044 iridis
1045 2012 1161 2052 tunica,
1173 2023 1237 2044 uon
1249 2013 1337 2044 omni
1353 2023 1444 2045 motu

65 2054 272 2102 destitui,quo
282 2055 472 2104 crystallinus
481 2055 519 2090 fit
536 2068 590 2091 aut
599 2055 829 2105 globofior,aut
839 2055 976 2103 planior:
988 2056 1040 2092 sed
1052 2059 1091 2092 de
1102 2059 1191 2093 iridis
1203 2059 1357 2094 strueium
1368 2060 1443 2093 dixi.

66 2114 144 2139 mus.

99 2153 211 2199 Atque
227 2152 289 2187 haec
299 2153 338 2187 de
349 2153 432 2187 oculi
451 2152 572 2187 fabrica
587 2182 596 2195 ,
612 2155 646 2188 in
663 2167 725 2202 qua
740 2154 862 2202 opificis
877 2155 975 2191 nostri
991 2156 1226 2204 providentiam
1241 2156 1348 2190 mirari
1368 2154 1441 2189 [itis

63 2213 131 2236 non
152 2201 308 2248 poll'umus
328 2217 335 2238 z
351 2203 403 2236 vel
416 2203 503 2249 quod
520 2204 552 2236 in
568 2205 679 2250 exigua
695 2203 783 2239 mole
798 2216 886 2239 tanta
905 2208 1042 2253 partium
1062 2207 1197 2239 varietas
1209 2232 1218 2246 ,
1246 2203 1346 2245 ordo,
1372 2203 1440 2238 usus

66 2249 210 2296 denique
222 2262 287 2285 tam
302 2251 493 2299 multiplices
506 2250 762 2299 conspiciantur3
781 2253 833 2287 vel
845 2255 934 2301 quod
953 2267 1020 2289 tam
1038 2256 1108 2301 puri
1118 2253 1267 2288 humores
1287 2264 1360 2286 cum
1383 2251 1440 2285 suis

63 2298 291 2333 membranulis
305 2306 336 2336 ὅ(
347 2300 516 2334 involucris
525 2302 605 2335 mira
617 2312 684 2335 arte
693 2304 851 2336 contextis
861 2314 903 2337 ex
913 2302 1043 2337 turbido
1054 2302 1211 2349 sanguine,
1224 2305 1256 2336 δέ
1268 2300 1363 2335 erano
1376 2300 1441 2334 cla-

60 2344 165 2382 borati
178 2360 364 2397 appareant.
380 2354 500 2385 Verum
514 2350 572 2384 ista
592 2349 687 2399 louge
700 2349 778 2386 fient
788 2350 957 2386 illustriora
967 2380 976 2395 ‚
989 2350 1045 2387 ubi
1062 2363 1129 2399 quse
1140 2349 1180 2384 ad
1194 2347 1349 2385 visionem
1369 2361 1441 2399 per-
