1878 2724
379 136 441 163 200
745 112 1373 162 PHYSIGAEf'GENERALIS·
1470 149 1472 153 ,

377 170 438 208 nec
454 183 525 206 cum
546 180 662 218 magna
683 163 950 215 philosophorum
967 175 1079 212 parte,
1100 178 1169 201 non
1187 164 1371 202 invisibiles
1400 163 1500 202 modo
1534 165 1641 202 causas
1660 169 1772 205 conse²

375 224 522 264 diamur,
548 218 599 253 sed
625 218 724 251 etiam
750 226 803 249 eas
817 225 887 260 quae
914 213 1111 262 nullo,„pene
1133 215 1308 252 *intellectu
1329 217 1569 265 percipiuntur,
1592 221 1625 254 δε
1643 228 1777 256 tantum·

376 284 444 307 non
455 270 525 304 sunt
537 266 702 314 spiritales.
715 267 839 299 Verum
850 274 903 297 eas
918 263 1092 310 exquirunt
1107 263 1212 298 causas
1227 292 1238 308 ,
1249 277 1328 312 quas
1346 279 1412 301 non
1425 265 1524 301 oculis
1539 267 1672 313 quidem
1692 295 1703 312 ,
1718 267 1776 303 sed:

376 329 489 356 mente
510 314 757 362 consequimur:
771 310 944 359 cujusmodi
959 310 1263 349 sunt-substantiales
1272 312 1403 350 ‘effluxus
1414 343 1425 359 ,
1441 326 1524 362 quos
1536 328 1604 350 non
1620 318 1772 352 animan-

376 380 424 402 tes
441 365 540 400 modo
555 392 564 408 ,
583 375 640 398 aut
650 363 779 413 plantae,
793 373 850 396 aut
867 361 987 410 liquida
1001 374 1134 410 quaeque
1151 365 1307 397 emittunt
1316 375 1451 412 corpora
1463 376 1471 398 :
1485 363 1537 398 sed
1556 376 1595 399 ex
1609 364 1776 400 solidiori-⁷

374 417 434 451 bus
443 425 579 463 quoque
591 411 807 451 indesinenter
818 411 977 452 ,exhalari
985 417 1118 449 eertum
1130 411 1188 449 est.
1219 411 1356 449 Nullum
1376 414 1496 461 quippe
1513 413 1583 448 fere
1599 414 1641 449 est
1655 427 1770 464 corpus

374 465 460 499 adeo
469 462 606 508 solidum
617 461 736 511 squod·
749 474 816 499 non
834 460 921 501 suam
934 459 1056 499 habeat
1077 460 1169 498 velut
1184 461 1626 511 atmosphaeramv‚qu0dque
1646 466 1728 499 circa
1739 462 1770 500 se

375 511 507 549 effluvia
524 512 671 560 quaedam
689 525 756 547 non
769 511 898 555 mittat,
912 523 982 559 quae
998 522 1036 546 ut
1047 508 1221 559 plurimum
1239 510 1412 557 qualitates
1432 512 1636 547 vocitamus:
1651 524 1688 548 ut
1701 526 1788 548 cer..-

375 562 518 600 nerecst
532 561 739 600 invodoribus
753 590 765 605 ‚
781 563 837 609 qui
857 572 893 596 ut
910 573 1024 597 omnes
1042 559 1185 597 fatentur
1199 589 1208 604 ‚
1224 560 1308 597 nihil
1322 561 1392 596 sunt
1407 572 1519 609 praeter
1537 572 1708 610 corporum
1717 563 1772 598 ef.

373 613 472 650 fluvia
486 626 493 648 :
505 616 538 648 δε
561 608 672 647 tamen
690 609 885 646 incredibile
900 611 944 646 est
964 610 1110 659 quandiu
1127 609 1259 646 subtiles
1273 609 1320 645 illi
1336 609 1471 646 effluxus
1489 612 1522 645 in
1536 610 1681 647 odoratis
1697 624 1781 647 cot-·

374 661 560 712 poribus,ut
571 663 605 696 in
616 656 808 697 chirothecis
826 659 1009 709 Hispanicis
1021 660 1185 708 perstent.-
1196 660 1429 700 Sic-succinum
1439 688 1449 704 ‚
1464 658 1648 708 petroleum
1658 689 1668 703 ,
1683 673 1773 696 cam..

374 711 479 761 phora
490 741 499 756 ,
514 715 705 748 &aromata
721 713 833 746 omnia
844 739 853 754 ,
864 709 1087 757 quaesodorem
1100 708 1199 758 longe
1213 708 1343 757 lateque
1359 708 1508 758 spargunt
1518 737 1528 753 ,
1547 710 1692 757 pondere
1707 712 1786 746 mi--

374 773 538 799 nuuntur:
554 761 643 809 quod
654 772 766 805 tenues
780 759 897 795 halitus
916 757 1134 801 indesinenter
1150 761 1308 795 emittant.
1339 761 1393 793 Sic
1405 761 1463 794 ovi
1483 757 1654 794 substantia
1670 762 1772 795 etiam
1789 777 1793 782 Δ

375 811 495 860 hyeme
522 822 579 860 per
603 809 837 852 membranas,
856 814 890 846 ὄε
912 820 1069 857 putamen
1085 811 1293 844 continenter
1309 806 1496 845 exhalatur:
1525 807 1632 852 sed&
1651 808 1771 856 glacies
1788 830 1791 831 ν

376 860 444 909 ipsa
458 860 510 897 vel
520 860 631 910 gelido
648 862 714 895 a'e'ri
732 857 873 907 expolita
884 860 969 894 intra
978 871 1023 903 24
1039 857 1133 892 h'oras
1147 855 1291 894 sensibile
1305 857 1431 906 pondus
1441 857 1601 907 deperdit.
1616 884 1621 888 -

411 911 501 959 Opp.
513 912 568 947 vix
579 908 721 958 intelligi
735 905 821 957 posse
833 937 843 952 ,
858 906 1255 955 quiplurimae-qualitates
1269 917 1374 942 tantas
1396 905 1542 942 habeant
1559 908 1644 942 vires
1656 923 1671 950 >,
1687 905 1787 943 sinit

378 958 427 995 hil
439 959 504 995 {int
521 958 606 995 aliud
619 971 722 1006 quam>
733 955 867 994 effluxus
882 955 1114 992 substantiales.
1129 956 1231 993 Unde
1241 957 1329 991 enim
1342 954 1395 991 vel
1411 955 1496 991 odor
1508 955 1604 999 rosae,
1620 954 1676 992 vel
1689 955 1774 992 alte-

376 1009 439 1043 rius
455 1008 546 1046 floris
563 1010 597 1044 in
612 1007 722 1044 multis
742 1005 939 1043 mulieribus
957 1016 1008 1041 tot
1021 1005 1242 1043 convulfiones
1253 1034 1262 1049 ,
1282 1010 1316 1042 δέ
1333 1006 1446 1053 capitis
1460 1022 1463 1024 μ
1475 1004 1604 1041 dolores
1615 1033 1626 1048 ,
1643 1009 1676 1041 δι
1694 1018 1776 1040 nau·

375 1056 442 1095 seas
453 1064 602 1107 procreat
614 1067 625 1094 Ξ
635 1057 737 1094 Unde
744 1056 891 1104 quaedam
907 1055 1082 1104 ,pharmaca
1094 1083 1111 1098 ‚,
1123 1054 1176 1091 vel
1196 1058 1228 1090 in
1245 1056 1380 1090 minima
1390 1052 1456 1090 dofi
1475 1065 1542 1090 tam
1558 1053 1786 1090 vehementer--

376 1108 589 1143 concutiunt?
609 1109 678 1141 imo
693 1105 747 1142 vel
757 1106 840 1140 odor
851 1104 1016 1153 pharmaci
1036 1103 1208 1152 plerosque
1225 1114 1340 1152 purgat
1352 1132 1363 1147 ‚
1377 1109 1412 1141 &
1438 1102 1668 1138 vehementius
1693 1115 1784 1138 exa-⁴

374 1157 459 1204 gitat
474 1171 483 1192 z
497 1153 550 1191 hic
567 1165 656 1190 certe
674 1166 736 1190 nec
750 1152 1010 1204 corpusculorum
1025 1152 1211 1198 multitudo,
1226 1165 1286 1190 nec
1298 1152 1418 1189 summa
1429 1163 1540 1188 motus
1559 1151 1707 1188 celeritas
1721 1152 1772 1188 lo.

376 1217 451 1240 cum
468 1203 602 1241 habent,

414 1255 584 1302 Respjcum
602 1252 716 1289 illustri
729 1252 853 1300 Boyl'io·
864 1264 978 1301 praeter
1001 1251 1204 1288 celeritatem
1220 1251 1585 1296 moms‚multitudinem
1602 1248 1770 1300 corpuscw

375 1301 507 1345 lorum,
521 1304 588 1337 vim
612 1313 841 1350 penetrantem
861 1329 870 1344 ,
884 1306 918 1338 δε
938 1312 1104 1340 meatuum
1128 1303 1164 1336 iis
1182 1302 1379 1350 excipiendis
1405 1301 1722 1344 conformationem,
1737 1301 1770 1336 id

375 1353 477 1386 etiam
494 1352 527 1386 in
541 1363 678 1400 corpore
691 1353 817 1398 agitato
836 1353 979 1385 maxime
996 1349 1131 1399 spe&ari
1149 1362 1321 1399 oportere,
1335 1351 1426 1398 quod
1439 1361 1544 1399 partes
1562 1349 1645 1385 illius
1668 1353 1769 1385 inter-

376 1401 452 1435 dum
471 1398 510 1434 lic
527 1402 612 1435 inter
624 1399 654 1434 se
669 1412 789 1448 aptatae
811 1398 946 1442 sinaut
967 1401 1002 1435 in
1020 1399 1163 1447 ejusdem
1178 1411 1283 1435 motus
1301 1400 1491 1435 societatem
1515 1400 1692 1435 trahantur.
1717 1401 1769 1434 Sic

376 1461 492 1496 corpus
508 1448 685 1485 humanum
697 1477 706 1492 ‚
720 1462 786 1485 non
802 1460 836 1484 ut
847 1447 964 1484 offiurn
974 1477 984 1492 ,
999 1454 1034 1486 δι
1049 1452 1152 1483 carnis
1164 1461 1252 1484 mera
1269 1451 1438 1499 congeries
1449 1447 1638 1484 conflictari
1657 1447 1768 1493 debet,

374 1498 427 1533 sed
440 1509 475 1533 ut
489 1499 733 1534 instrumentum
746 1496 901 1546 exquisite
920 1497 1122 1534 elaboratum
1131 1527 1142 1542 ‚
1152 1502 1242 1546 cuj-us
1255 1510 1360 1547 partes
1370 1496 1434 1533 sese
1456 1508 1571 1532 mutuo
1580 1501 1695 1544 juvent
1709 1526 1719 1542 ,
1734 1502 1769 1535 &

374 1550 408 1582 in
419 1547 502 1583 illius
517 1561 587 1596 quae
603 1547 720 1584 afflata
732 1548 779 1582 est
791 1576 800 1590 ,
818 1546 990 1583 subsidium
1007 1548 1111 1583 statim
1129 1550 1284 1583 veniant:
1299 1560 1375 1583 nam
1392 1549 1428 1582 in
1440 1545 1503 1582 sese
1522 1557 1638 1581 mutuo
1655 1557 1767 1595 agunt.

376 1597 480 1641 Qod
494 1596 514 1632 fi
529 1597 710 1640 elaterium,
725 1595 851 1632 utalibi
864 1598 1029 1632 innuimus
1040 1624 1050 1636 ‚
1060 1595 1234 1644 &sclopeto
1250 1596 1393 1637 auulsum
1407 1594 1557 1631 manibus
1574 1597 1769 1640 contrectes,

374 1658 441 1681 non
455 1659 611 1695 magnum
625 1646 759 1694 quidem
773 1657 900 1681 motum
912 1644 1032 1681 efficies
1053 1659 1061 1681 ι
1079 1644 1131 1680 sed
1144 1644 1200 1680 ubi
1217 1646 1248 1680 id
1264 1645 1335 1681 aliis
1359 1644 1524 1696 partibuS,
1545 1657 1616 1692 quae
1634 1645 1674 1680 ad
1696 1651 1792 1687 ean.

374 1696 556 1731 mazhinam
568 1698 755 1745 pertinent,
771 1697 952 1744 aptaveris,
975 1694 996 1729 fi
1019 1693 1074 1730 vel
1099 1694 1204 1743 digito
1216 1695 1248 1729 id
1259 1697 1400 1730 moveris
1412 1724 1422 1739 ,
1441 1705 1510 1729 tum
1535 1699 1570 1730 δε
1586 1692 1706 1729 subitus
1719 1696 1769 1741 ig-

374 1746 424 1778 nis
445 1745 632 1793 perstringet
651 1743 760 1778 oculos
777 1750 810 1780 ὃς
826 1741 943 1791 globus
958 1742 1129 1791 plumbeus
1138 1756 1259 1790 magno
1271 1746 1395 1791 impetu
1407 1753 1565 1790 erumpet.
1584 1745 1664 1779 Non
1682 1742 1768 1778 diss-

373 1792 442 1827 mili
457 1793 591 1840 quidem
604 1794 727 1827 ratione
743 1805 814 1826 cum
835 1803 942 1838 partes
957 1793 1101 1839 corporis
1114 1803 1182 1826 nou
1199 1790 1381 1838 separatim,
1393 1791 1444 1825 sed
1458 1802 1493 1825 ut
1507 1790 1575 1825 aliae
1586 1790 1656 1825 aliis
1676 1790 1767 1827 simul

375 1853 458 1889 aptae
477 1841 595 1884 suntg&
612 1853 766 1877 connexae
776 1840 969 1888 spectantur,
984 1851 1072 1875 tanta
1083 1842 1165 1874 inter
1177 1851 1229 1874 eas
1248 1840 1290 1875 est
1302 1838 1467 1875 consensio
1484 1868 1493 1882 ,
1509 1850 1544 1875 ut
1563 1841 1680 1876 mirum
1697 1854 1766 1877 non

376 1889 411 1925 sit
423 1901 489 1925 tam
500 1892 622 1926 minuta
639 1902 774 1937 corpora
786 1920 795 1934 ,
813 1888 1010 1925 auteffluvia
1027 1901 1135 1924 tantos
1154 1891 1186 1924 in
1204 1901 1244 1924 eo
1257 1901 1363 1924 motus
1384 1900 1568 1938 procreare.
1598 1890 1690 1924 Hinc
1709 1889 1765 1926 vel

374 1939 472 1974 lucidi
491 1941 635 1988 corporis
654 1939 798 1987 aspectus
824 1940 1086 1974 sternutationem
1103 1936 1294 1986 efficit‚qua
1313 1950 1420 1974 totum
1437 1950 1550 1987 corpus
1573 1941 1763 1976 concutitur.

375 1990 426 2022 Sic
441 1991 553 2036 agitati
571 1990 666 2023 maris
682 1988 735 2023 vel
751 1987 832 2023 solus
852 1990 985 2023 intuitus
1001 1990 1162 2024 vomitum
1179 1991 1252 2024 ciet.
1281 1989 1335 2024 Sic
1349 1988 1494 2024 titillatio
1514 1999 1618 2022 totum
1649 1999 1764 2037 corpus

377 2048 442 2071 tam
461 2037 674 2072 vthementer
689 2039 841 2086 exagitat.
855 2039 907 2072 Sic
920 2037 1076 2081 infirmos,
1087 2049 1141 2072 aut
1155 2050 1275 2085 magno
1287 2038 1421 2073 vulnere
1434 2038 1513 2073 olim
1529 2036 1664 2073 affectos
1682 2040 1763 2072 aeris

376 2088 513 2120 mutatio
525 2086 607 2120 adeo
618 2086 749 2129 laedit‚ut
759 2089 985 2122 imminentem
1002 2086 1146 2134 pluviam
1158 2099 1196 2122 ex
1210 2084 1280 2134 ipsis
1290 2086 1455 2122 doloribus
1467 2086 1547 2134 saepe
1562 2084 1759 2135 przesagiant:

375 2135 462 2183 quod
475 2147 579 2178 tonuS,
593 2147 649 2170 aut
659 2138 776 2184 partim
792 2148 962 2170 contextus
979 2134 1062 2171 laesus
1077 2136 1186 2172 fuerit.
1220 2138 1271 2171 Sic
1286 2136 1424 2184 denique
1437 2136 1540 2171 subita
1561 2135 1687 2170 tristitia
1704 2148 1762 2183 ap-

373 2188 513 2231 petitum
543 2185 675 2227 sternit3
692 2187 735 2219 rei
749 2184 977 2220 nauseabunda:
997 2184 1140 2233 aspeetus
1158 2188 1320 2220 vomitum
1334 2189 1472 2229 excitav,
1493 2197 1529 2219 ac
1541 2183 1762 2232 perturbatio-

374 2247 431 2269 nes
441 2236 553 2267 anima:
570 2245 674 2268 tantas
688 2236 718 2269 in
735 2232 922 2280 corporibus
932 2235 1046 2269 nostris
1064 2236 1180 2283 strages
1197 2236 1304 2271 edunt.
1323 2236 1385 2270 Sed
1404 2235 1490 2269 foi-te
1501 2233 1626 2281 longius
1645 2245 1760 2267 excur-

373 2285 470 2317 rimus
491 2285 672 2330 argumenti
683 2282 852 2318 dulcedine
871 2283 997 2332 abrepti
1011 2299 1018 2318 ε
1040 2297 1078 2318 ex
1092 2287 1130 2319 iis
1142 2286 1230 2319 enini
1245 2286 1407 2332 principiis
1421 2283 1526 2331 plures
1542 2294 1657 2317 naturae
1681 2282 1763 2317 effe-

375 2332 441 2364 ‹stus
454 2333 656 2366 commodius
668 2332 863 2381 explicantur
878 2361 886 2374 ‚
899 2346 997 2379 quam
1010 2332 1029 2367 fi
1045 2335 1144 2370 nudas
1160 2340 1192 2370 ἃς
1211 2333 1360 2368 solitarias
1372 2332 1542 2380 qualitates
1552 2330 1733 2367 afferamus.

410 2381 445 2413 ld
464 2393 562 2415 unum
573 2384 725 2418 omittere
739 2395 805 2419 non
815 2382 1057 2431 possimius,vim
1069 2383 1261 2432 qualitatum
1272 2381 1313 2417 ab
1325 2379 1494 2431 agentibus
1508 2383 1759 2463 praecipui5‚{1uae

1649 2443 1681 2465 m
1702 2441 1758 2464 'OC
