1878 2724
386 169 503 207 lutis&
519 166 586 204 sese
600 163 786 202 decussatim
799 163 1068 202 intersecantibus
1083 163 1253 213 compositi
1269 180 1285 208 3.
1292 173 1367 212 quae
1381 163 1515 212 quidem
1538 165 1786 208 fibrae'definum

386 222 421 254 in
429 218 594 254 columnas
607 213 848 252 &scrobiculos
860 243 870 258 ‚
892 216 938 250 uti
954 220 988 251 &
1006 215 1112 249 cordis
1131 213 1314 251 ventriculi.
1336 215 1384 248 Ac
1402 213 1421 249 si
1448 215 1579 251 Borello
1597 219 1759 256 credimus
1771 249 1784 265 ‚

385 269 500 303 itidem
513 277 547 301 ut
564 263 736 300 ventriculi
754 264 849 300 instar
861 263 947 313 praeli
960 263 1147 314 sanguinem
1158 266 1354 313 exprimunt.
1375 265 1463 299 Prius
1474 277 1519 300 eae
1530 267 1664 302 constrin
1690 281 1786 306 untur

386 316 483 364 quani
497 327 552 350 cor
566 313 678 363 ipsum.
697 315 813 362 Itaque
828 313 998 350 constricta
1006 313 1145 349 auricula
1155 312 1296 362 primum
1310 314 1486 362 impeditur
1499 327 1533 349 re
1558 314 1649 351 tessus
1663 281 1787 368 {ngui-

366 371 369 374 ’
384 369 433 402 nis
447 367 481 401 in
495 375 678 408 venas,tum
693 363 814 412 sanguis
826 362 868 399 ab
882 363 1023 399 auricula
1043 362 1185 402 infinum
1197 363 1302 398 cordis
1316 365 1517 410 exprimitur:
1531 328 1616 399 simul
1628 365 1786 403 clauditur

384 414 548 450 orificium
559 414 663 449 cordis
676 412 718 448 ab
729 412 869 449 auricula
880 412 1112 449 c6stri6taaum
1123 413 1279 460 ampliato
1289 413 1394 448 cordis
1414 413 1595 449 ventriculo
1607 413 1652 449 ob
1662 414 1786 465 ingres.

383 463 451 498 sum
463 463 620 513 sanguinis
632 461 832 498 valvularum
845 462 1053 511 tricuspidum
1064 462 1411 511 expaiidtiiiturvela‚ac
1424 463 1557 498 demum
1568 461 1707 512 sequitur
1717 478 1785 501 cor.

384 513 626 556 diseonttaffio
636 541 645 556 ‚
659 524 716 560 per
728 524 827 560 quam
846 511 968 561 sanguis
994 513 1052 559 qui
1063 512 1190 560 regredi
1203 525 1272 548 non
1286 512 1394 560 potest
1404 542 1413 556 ,
1426 525 1483 560 per
1492 514 1623 547 arterias
1638 526 1786 562 patentes

385 564 536 611 erumpit.
554 562 764 599 Valvularum
776 560 843 597 usus
857 562 961 597 nullus
974 562 1029 605 est,
1047 573 1224 609 antequam
1237 574 1292 596 cor
1304 561 1595 605 contrahatur,tum
1609 565 1697 598 enim
1713 563 1787 600 san-

385 614 455 660 guis
473 613 597 661 regredi
608 613 641 647 in
652 623 751 646 venas
759 624 828 647 non
838 611 946 660 potest
957 623 1033 655 3nec
1044 610 1217 659 postquam
1232 623 1287 646 cor
1298 611 1344 646 est
1358 611 1566 647 constricstum
1586 625 1594 646 ε
1612 616 1679 658 jam
1696 615 1785 649 enim

385 662 509 710 sanguis
525 660 620 696 subiit
633 659 784 696 arterias':
799 673 878 710 ergo
888 672 958 696 tum
970 660 1063 695 utiles
1078 659 1293 707 sunt‚quando
1305 672 1359 694 cor
1371 661 1593 697 contrahitur:
1610 673 1678 695 tum
1696 664 1787 698 enim

383 710 540 745 claudunt
553 723 706 746 venarum
719 708 841 744 orificia
853 723 894 745 ne
907 708 1078 745 retrorsum
1089 709 1243 745 abeat.At
1252 709 1273 745 fi
1284 722 1323 745 eo
1338 707 1404 758 ipso
1415 721 1563 758 tempore
1576 710 1787 748 auricularum

387 759 481 795 fieret
504 760 690 796 constrictio
700 789 710 803 ‚
724 758 813 794 simul
826 761 861 794 in
874 758 1072 795 ventriculos
1092 759 1195 793 cordis
1213 757 1400 809 sanguinem
1414 761 1614 802 emitterent,
1626 765 1659 796 &
1672 760 1788 796 valvu-

386 808 432 844 las
453 807 637 858 tricuspides
649 808 874 845 recluderent:
895 807 998 856 sicque
1013 808 1132 844 eodem
1147 819 1295 858 tempore
1312 807 1435 857 sanguis
1450 811 1484 844 in
1506 821 1561 844 cor
1579 808 1790 855 illaberetur,

388 863 422 894 &
436 857 477 892 ab
492 870 533 892 eo
549 858 769 907 expelleretur
781 886 790 901 ‚
802 870 839 891 ac
848 859 1120 893 motus‘contrarii
1132 857 1194 892 sese
1207 871 1322 894 mutuo
1336 858 1536 893 destruerent
1553 886 1563 902 ,
1577 870 1651 893 cuni
1667 859 1783 896 valvu-

388 906 434 942 las
452 906 590 941 occlusas
607 906 668 943 effe
685 917 864 954 oporteret.
1503 946 1512 953 .

412 957 488 992 Nec
499 958 606 991 minor
618 958 653 991 in
663 967 760 989 aortae
775 955 1037 990 conformatione
1050 955 1152 991 divini
1162 953 1289 1004 opificis
1299 953 1407 991 elucet
1420 953 1581 1003 sapientia
1596 955 1684 991 Cum
1695 958 1786 993 enim

388 1006 406 1041 ὲ
419 1003 541 1039 sinistro
559 1005 662 1039 cordis
677 1004 742 1039 (inu
753 1003 866 1038 sursum
880 1004 991 1039 erasto
1007 1004 1094 1040 suam
1106 1005 1203 1039 ducar
1217 1006 1378 1051 originem
1393 1033 1403 1047 ,
1433 1015 1475 1038 ne
1503 1003 1624 1053 sanguis
1648 1005 1668 1041 a
1686 1006 1785 1041 corde

388 1052 546 1102 protrusus
559 1055 591 1088 in
601 1064 698 1101 caput
709 1063 796 1087 totus
815 1051 883 1087 fere
895 1055 1014 1088 nitatur
1026 1082 1036 1095 ,
1050 1065 1140 1088 aorta
1153 1054 1170 1089 ὲ
1181 1052 1277 1087 corde
1287 1053 1406 1101 egreffa
1420 1050 1596 1088 inflectitur
1605 1082 1614 1097 ,
1632 1066 1698 1101 quo
1714 1053 1786 1091 san.

388 1104 494 1152 guinis
512 1102 674 1138 exilientis
691 1103 831 1150 impetus
846 1102 1002 1151 paulatim
1022 1102 1217 1150 infringatur
1231 1130 1242 1145 ,
1268 1106 1302 1139 δε
1322 1100 1450 1137 facilius
1468 1104 1500 1136 in
1525 1114 1631 1150 partes
1651 1103 1787 1139 inferio.

388 1163 439 1187 res
453 1151 624 1188 descendat
634 1181 645 1196 ,
667 1163 728 1187 nec
752 1150 845 1187 reeta·
854 1180 866 1196 ,
886 1150 939 1186 sed
956 1150 1044 1188 flexu
1065 1152 1208 1201 quodam
1230 1153 1265 1186 in
1288 1150 1435 1186 axillares
1453 1155 1487 1188 &e
1508 1151 1684 1189 cervicales
1702 1164 1787 1188 arte-

390 1213 451 1236 rias
465 1212 616 1236 incurrat.

423 1252 514 1285 Hinc
523 1249 658 1299 planum
668 1248 705 1285 fit
716 1261 769 1284 cur
785 1248 892 1296 aliqua
903 1260 941 1283 ex
951 1250 1073 1284 arteriis
1082 1248 1208 1285 occlusa
1221 1248 1276 1286 vel
1293 1249 1496 1287 exarescente
1506 1281 1517 1295 ,
1534 1250 1586 1286 vel
1597 1249 1785 1299 comptessa,

390 1299 515 1349 sanguis
531 1303 652 1346 majore
665 1300 790 1347 impetu
802 1301 836 1334 in
849 1299 970 1333 vicinas
982 1297 1114 1336 feratur.
1140 1300 1228 1335 Cum
1248 1301 1334 1334 enim
1351 1301 1467 1336 eadem
1487 1299 1644 1350 sanguinis
1658 1301 1752 1348 copia
1766 1299 1787 1335 a

390 1349 487 1384 corde
503 1351 535 1384 in
547 1359 692 1383 truncum
704 1360 805 1383 aortae
815 1347 1018 1397 propellatur
1028 1377 1037 1392 ,
1059 1346 1078 1382 si
1089 1347 1190 1384 cursus
1205 1347 1363 1397 [anguinis
1381 1351 1413 1384 in
1428 1351 1590 1385 nonnullis
1601 1348 1786 1384 inhibeatur

389 1400 532 1442 arteriis,
544 1409 602 1447 per
615 1397 691 1434 alias
705 1403 829 1447 rnaj0re
853 1399 979 1445 impetu
991 1396 1109 1432 feratur
1125 1397 1248 1434 necesse
1264 1399 1317 1434 est.
1331 1399 1430 1434 Unde
1441 1399 1540 1448 ligata
1560 1401 1594 1433 in
1612 1411 1690 1433 cane
1706 1400 1785 1432 vivo

391 1449 508 1482 arteria
522 1447 674 1483 cervicali
688 1476 698 1491 ,
720 1447 828 1483 statim
842 1450 946 1493 major
955 1448 992 1481 in
1004 1445 1127 1482 axillari
1144 1445 1245 1495 pulsus
1261 1450 1444 1496 percipitur,
1469 1450 1524 1482 Sic
1547 1450 1646 1483 etiam
1664 1446 1721 1482 ubi
1737 1446 1789 1481 fa-

392 1498 447 1532 &o
467 1499 500 1532 in
521 1495 597 1531 laeva
611 1495 749 1531 thoracis
761 1508 853 1545 parte
864 1495 1026 1530 foramine
1037 1498 1187 1531 arteriam
1203 1496 1454 1532 descendentem
1473 1498 1575 1546 digito
1594 1494 1788 1545 compresse·

390 1548 433 1580 ris
442 1575 451 1590 ,
465 1557 520 1580 aut
531 1545 587 1581 filo
602 1546 750 1593 ligaveris
763 1574 772 1589 ,
785 1546 890 1581 statim
900 1544 1023 1594 sanguis
1034 1547 1067 1580 in
1077 1557 1175 1594 caput
1184 1545 1375 1594 propellitur
1387 1574 1398 1590 ,
1414 1552 1447 1584 &
1462 1550 1495 1582 in
1505 1559 1561 1581 cor
1573 1544 1673 1594 ipsum
1685 1557 1788 1580 exun-

390 1595 466 1631 dat:
486 1596 568 1631 unde
585 1597 702 1630 mirum
719 1597 752 1630 in
770 1594 905 1630 modum
918 1592 948 1628 se
960 1605 1090 1644 torquet
1101 1595 1232 1632 animal.
1253 1597 1343 1630 Hinc
1359 1598 1458 1631 etiam
1475 1596 1593 1630 accidit
1608 1606 1645 1629 ut
1657 1594 1789 1629 constri-

392 1645 450 1679 etis
464 1644 516 1679 vel
528 1644 707 1679 minoribus
718 1646 843 1679 arteriis
854 1644 981 1692 sanguis
991 1645 1023 1680 in
1039 1646 1165 1680 vicinas
1181 1656 1287 1692 partes
1300 1644 1430 1680 uberius
1439 1648 1548 1681 irruat.
1560 1644 1660 1681 Unde
1669 1645 1724 1690 qui
1735 1655 1788 1677 re·

392 1705 448 1728 nes
459 1692 479 1729 ὲ
495 1705 606 1728 natura
626 1692 750 1729 habent
763 1693 934 1728 calidiores
945 1722 955 1735 ,
969 1695 1025 1728 vix
1035 1692 1162 1729 lumbos
1181 1695 1334 1742 praecingi
1354 1696 1520 1742 patiuntur
1532 1724 1540 1738 ,
1557 1705 1611 1728 aut
1629 1692 1732 1728 vestes
1749 1703 1788 1726 ea

391 1755 481 1792 parte
492 1742 609 1779 arctius
619 1755 804 1792 prementes
822 1742 936 1778 ferunt·
952 1744 1032 1779 Non
1041 1741 1320 1778 diffimiliratione
1331 1756 1404 1778 cuni
1417 1756 1509 1779 venae
1527 1743 1595 1792 plus
1607 1741 1676 1776 satis
1695 1753 1789 1776 com-

391 1795 576 1840 primuntur
586 1821 596 1836 ,
611 1791 732 1827 utfirin
747 1790 849 1827 obefis
859 1791 1048 1840 corporibus
1059 1821 1069 1835 ,
1082 1791 1204 1841 sanguis
1223 1791 1343 1827 tardius
1360 1795 1392 1827 in
1406 1805 1461 1827 cor
1479 1794 1622 1827 recurrit.
1636 1793 1723 1826 Hinc
1733 1788 1786 1823 sae-

392 1854 434 1889 pe
451 1853 483 1875 in
494 1842 632 1878 corde&
645 1839 720 1875 vafis
740 1840 865 1889 stagnat
882 1846 917 1877 &
929 1841 1104 1876 concrescit
1114 1870 1123 1883 ,
1150 1840 1322 1888 praesertini
1335 1841 1390 1874 nbi
1405 1853 1460 1875 cor
1470 1854 1535 1875 non
1552 1840 1621 1874 satis
1634 1849 1786 1886 vegetum

393 1890 454 1932 est,
473 1901 533 1923 nec
543 1890 728 1937 sanguinem
743 1888 815 1924 s'atis
825 1888 931 1922 valide
945 1889 1096 1935 impellit.
1112 1891 1199 1925 Hine
1211 1891 1300 1923 enim
1317 1887 1423 1923 subitae
1441 1901 1560 1924 mortes
1578 1902 1586 1924 :
1603 1886 1716 1924 verum
1732 1887 1788 1922 ista

393 1937 477 1973 forte
493 1939 533 1972 ad
545 1950 672 1972 motuni
684 1936 842 1986 sanguinis
859 1947 1033 1985 pertinent.

427 1991 506 2022 Dua:
519 1999 630 2022 autem
643 1986 713 2022 suut
725 1986 830 2020 cordis
841 1997 940 2027 venae,
949 1997 1026 2019 cava
1040 1988 1190 2022 nimirum
1203 1992 1235 2022 &
1247 1985 1456 2034 pulmonaris‚
1473 1998 1540 2033 quae
1552 1987 1738 2035 sanguinem
1752 1986 1788 2021 in
1812 2016 1817 2022 ,

394 2048 568 2083 utrumque
583 2035 816 2078 ventriculum,
831 2036 1007 2082 aut·potius
1017 2037 1049 2070 in
1064 2047 1235 2082 utramque
1255 2035 1432 2070 auriculam
1452 2037 1628 2072 advehunt.
1651 2035 1786 2070 Pulmo-

393 2088 478 2123 naris
491 2097 573 2120 vena
590 2098 665 2119 cum
685 2084 793 2132 ampla
813 2083 849 2119 sit
863 2113 873 2127 ‚
891 2089 925 2128 ὃς
939 2087 1135 2131 promineat,
1153 2087 1301 2133 exiguam
1321 2085 1422 2120 habet
1436 2086 1622 2121 auriculam.
1649 2085 1786 2131 Sanguis

394 2138 482 2171 enim
492 2134 588 2169 celeri
601 2146 692 2169 motu
702 2132 747 2167 ob
764 2131 1031 2181 compressionem
1045 2134 1247 2182 pulmonum,
1261 2139 1294 2171 &
1307 2136 1502 2182 gravitatem
1526 2135 1689 2183 propriam
1705 2133 1721 2167 ὲ
1735 2131 1785 2166 su-

394 2187 521 2234 periore
535 2183 608 2218 loco
619 2182 779 2218 delabitur
789 2198 798 2226 3
809 2195 845 2216 ac
855 2180 969 2216 sufficit
977 2183 1116 2218 auricula
1133 2185 1237 2218 minus
1251 2183 1359 2230 ampla
1377 2183 1416 2217 ad
1426 2182 1709 2217 transmittendum
1719 2180 1787 2214 san-

395 2236 527 2279 guinem
536 2231 630 2267 citius
643 2230 858 2281 profluentem
868 2249 877 2275 ·,
886 2237 919 2268 &
937 2231 1066 2267 aliunde
1080 2232 1193 2268 ostium
1206 2233 1310 2267 cordis
1323 2232 1342 2267 ἐι
1358 2244 1455 2280 parva
1473 2232 1613 2267 auricula
1624 2236 1657 2268 δε
1669 2229 1784 2265 valvu-

395 2274 435 2318 lis
451 2295 520 2330 quae
531 2282 671 2318 mitrales
681 2293 735 2315 aut
747 2280 934 2328 tricuspides
948 2284 1132 2316 vocitantur
1142 2311 1151 2324 ,
1179 2281 1253 2316 satis
1272 2283 1384 2316 exacte
1402 2281 1597 2318 occluditur.

431 2335 468 2366 In
485 2333 595 2366 dextra
610 2330 744 2367 auricula
760 2330 880 2364 tardior
895 2329 1051 2379 sanguinis
1065 2330 1190 2378 illapsus
1213 2330 1331 2365 canalis
1361 2329 1578 2378 amplitudine
1608 2329 1759 2376 pensitur
1772 2358 1783 2374 ,

397 2387 431 2417 &
446 2385 546 2430 major
561 2381 605 2416 est
623 2386 686 2431 ejus
699 2378 850 2416 musculus
861 2407 872 2425 ,
885 2392 921 2415 ut
936 2380 1122 2428 sanguinem
1137 2379 1275 2415 lentiore
1285 2391 1377 2415 motu
1387 2377 1546 2415 fluentem
1563 2377 1657 2414 citius
1676 2379 1783 2416 ‹ffun-

397 2432 464 2465 dat.
