1878 2724
125 162 399 212 PlerIqueaufem
411 163 493 199 cutis
502 162 636 201 affeetus
646 163 852 213 exglandulis
869 193 880 208 ‚
899 175 956 199 aut
978 159 1054 199 vasis
1073 173 1181 199 earum
1203 167 1388 202 excretoriis
1408 131 1454 203 5r5
1468 132 1488 200 ς.

43 213 44 219 ¹
85 211 372 251 fleuntzuttubrae
391 212 525 248 maculae
536 225 616 260 quas
625 213 794 262 ephelides
807 224 929 248 vocant
942 241 951 256 ‚
973 223 1110 260 quaeque
1123 224 1193 248 tum
1211 212 1332 250 faciem
1351 228 1407 251 aut
1455 230 1488 251 a·

86 273 153 302 mus
166 261 316 298 inficiun:
326 290 335 305 ,
360 274 433 297 cum
448 260 505 297 soli
518 260 587 297 sunt
602 260 761 310 expositae.
775 263 864 298 Tum
879 265 967 297 enim
986 272 1089 309 partes
1103 259 1306 299 biliosae-una
1325 276 1397 305 cum
1416 265 1487 301 sero

86 309 136 349 ab
147 312 272 345 arteriis
285 312 318 346 in
328 309 497 359 glandulas
507 310 635 359 perlatae
644 338 655 352 ‚
667 315 700 348 &
716 309 820 345 seroso
833 310 968 346 humore
979 310 1136 344 destiturae
1154 311 1187 345 in
1206 321 1280 346 cute
1297 320 1488 350 remanent:

85 362 130 399 ait
147 358 223 394 saris
236 358 455 407 probabiliter
468 358 779 408 explicathillisius
801 374 810 396 :
827 360 915 407 quod
927 357 1226 406 ejusmodimaculae
1243 361 1276 395 in
1295 363 1334 395 iis
1349 361 1407 397 fint
1425 363 1490 399 fre-

83 409 279 455 quentiores
290 436 301 451 ‚
318 419 458 455 quorum
473 411 554 443 cutis
566 408 608 442 est
619 407 749 442 mollior
767 436 777 451 ,
792 419 847 442 aut
862 409 980 450 rarior,
1003 409 1123 455 quique
1140 406 1233 443 flavis
1250 409 1320 445 sunt
1342 411 1488 460 capillis:

87 463 169 493 'narn
182 458 215 492 in
231 458 271 492 iis
288 457 374 492 aestus
387 456 460 491 solis
485 456 657 492 humorem
678 455 815 493 bilosum
829 484 842 499 ,
862 468 1002 504 eumque
1026 456 1220 493 rarefactum
1241 470 1282 493 eo
1300 457 1398 507 usque
1415 473 1489 509 per-

89 504 185 549 ducit
195 534 206 550 ,
221 507 278 552 qui
288 504 307 541 ὲ,
319 504 612 540 cuticula-densiore
627 504 753 543 sistitur.

91 585 95 588 .
126 556 204 593 Nec
218 552 357 590 diffimili
366 555 494 589 ratione
508 553 670 603 psora‚aut
683 553 803 589 scabies
815 564 855 587 ex
865 551 997 602 lympha
1007 555 1039 589 in
1049 553 1207 603 glandulis
1220 559 1301 592 cutis
1315 551 1400 593 male
1407 557 1489 595 affe-

85 603 145 639 ’ἂα
156 605 266 638 oritur.
287 604 364 637 Sive
371 614 536 650 corruptus
554 608 587 639 &
604 604 759 650 impurior
768 601 907 651 sanguis,
922 608 956 639 ὅ(
976 601 1110 638 solutior
1121 607 1152 639 in
1163 605 1323 652 glandulis
1334 609 1416 642 cutis
1429 620 1490 644 ex..

86 662 257 688 crementa
267 651 424 699 deponat,
436 663 511 698 quae
520 650 684 687 fermento
694 649 747 686 suo
761 663 835 686 curn
846 651 942 685 succis
954 663 1011 698 per
1029 653 1144 688 eadem
1156 653 1226 688 loca
1253 654 1489 692 transeuntibus

90 699 307 739 effervescunt
317 728 327 743 ,
343 705 378 737 &
391 698 621 748 coagulatarum
636 698 698 734 sive
715 699 832 735 humor
845 699 1002 747 glandulis
1014 712 1185 735 contentus
1196 703 1354 752 restagnet
1370 710 1403 741 &
1417 718 1490 741 cor-

87 760 260 796 rumpatur
270 751 371 793 ‚utin
386 750 425 783 iis
439 750 496 795 qui
509 750 612 784 vitam
627 759 729 796 agunt
742 746 881 782 desidem
896 776 905 790 ,
915 759 971 782 aut
981 750 1038 794 qui
1052 748 1177 783 foetidis
1195 750 1275 786 locis
1290 753 1489 790 concludun-

89 808 159 834 tur.
169 799 260 833 Hinc
270 799 358 833 enim
368 796 557 846 perspiratio
574 795 760 832 insensibilis
775 797 928 843 impedita
936 795 1094 844 sanguinis
1104 798 1232 833 niallam
1242 804 1408 847 pervertit.
1425 805 1490 839 Seu

87 847 236 894 denique
251 844 448 882 fermentum
467 845 547 881 illud
560 844 756 881 virulentum
774 846 928 892 contagio
948 845 1090 891 quodam
1109 845 1152 880 ab
1170 846 1240 881 aliis
1261 849 1391 884 infestis
1414 864 1489 899 pro-

87 895 172 932 ,dear
183 923 194 938 ,
211 899 246 932 &
261 893 520 929 meatibuscutis
531 904 705 941 exceptum
722 890 857 928 fetosum
867 892 1036 927 humorem
1045 892 1207 941 glandulis
1215 907 1408 934 contentum
1418 928 1428 943 ,
1447 902 1489 936 ad

88 942 412 980 fermentescendum
423 942 604 992 proclivem
622 941 729 977 statim
740 952 916 990 pervertat.
943 942 1026 976 Non
1052 941 1145 976 aliter
1165 955 1264 991 atque
1282 947 1316 980 in
1334 948 1488 984 cerevifiae

71 998 80 1006 ²
89 990 230 1027 floribus
241 993 400 1027 cernimus
413 1019 424 1035 ,
439 1003 578 1039 quorum
588 1001 659 1038 pars
670 990 724 1026 vel
733 992 868 1026 minima
877 1002 972 1025 novae
982 994 1016 1027 ὅ(
1024 991 1172 1027 nondum
1184 991 1388 1031 fermentata:
1399 998 1486 1033 infu-

90 1039 145 1082 sa,
163 1041 267 1076 statim
282 1052 354 1075 earn
371 1040 571 1084 fermentat,
589 1044 623 1077 &
634 1041 792 1074 acriorem
809 1036 924 1074 efficit.

128 1090 218 1124 Rem
233 1087 313 1124 vero
320 1090 370 1124 ita
378 1087 440 1124 effe
451 1100 524 1123 cum
535 1101 573 1123 ex
585 1089 665 1123 cutis
675 1087 800 1123 fabrica
811 1117 822 1132 ‚
838 1099 907 1124 tum
926 1102 968 1127 ex
983 1089 1046 1140 ipsa
1061 1092 1196 1127 nimium
1214 1096 1378 1130 communi
1389 1100 1488 1145 expe-

86 1139 208 1175 xientia
226 1137 360 1172 constan·
385 1139 474 1173 Hinc
486 1139 544 1185 qui
558 1148 654 1171 carne
667 1135 741 1173 salsa
753 1166 763 1181 ‚
777 1149 832 1173 aut
848 1137 941 1173 furno
965 1141 1108 1175 indurata
1125 1139 1268 1178 crebrius
1289 1142 1462 1180 vescuntur
1473 1175 1484 1190 ‚

82 1186 170 1227 ‚huic
181 1185 394 1222 incommodo
409 1184 480 1221 sunt
496 1185 652 1220 obnoxii:
674 1187 763 1233 quod
776 1189 877 1221 acrior
890 1185 1014 1236 sanguis
1025 1200 1228 1223 recrementa
1249 1188 1302 1224 sua
1324 1194 1357 1226 in
1376 1205 1484 1230 cutem

83 1236 233 1271 emittat.
253 1235 458 1282 Qaexautem
471 1233 616 1283 sanguini
629 1238 663 1271 &
673 1234 816 1283 lymphae
833 1235 1020 1271 acidirateni
1031 1239 1164 1272 nimiam
1175 1265 1186 1279 ,
1201 1237 1259 1273 vel
1273 1242 1484 1278 acrimoniam

87 1283 268 1320 detrahunt
279 1311 290 1326 ,
301 1282 594 1331 authenigniorem
604 1285 634 1317 ei
651 1294 828 1327 texturam,
844 1289 877 1320 &
895 1284 1036 1320 oleosam
1049 1285 1196 1320 tribuunt
1209 1314 1218 1329 ‚
1234 1297 1270 1321 ut
1298 1286 1398 1324 sulfur
1419 1294 1482 1327 im-

87 1334 203 1382 primis
220 1360 231 1375 ,
243 1337 277 1369 &
288 1337 352 1380 ejus
364 1343 536 1379 praeparata
548 1332 631 1375 ,haec
643 1334 678 1368 vi
689 1333 826 1380 quadam
839 1332 984 1381 specifica
994 1346 1067 1369 eum
1081 1336 1241 1382 pruritum
1252 1335 1372 1375 sanant.
1400 1342 1484 1376 Prae.

88 1379 240 1429 cipiebat
252 1378 334 1415 olim
347 1380 399 1418 Cl.
410 1380 540 1429 Sylvius
550 1381 736 1416 vutmixtura
753 1393 792 1415 ex
802 1381 922 1416 sulfure
935 1410 944 1424 ‚
962 1384 1049 1418 nitro
1065 1410 1074 1425 ‚
1098 1388 1131 1420 δε
1141 1381 1260 1432 butyro
1272 1390 1394 1423 recenti
1413 1403 1483 1424 ma..

84 1431 296 1477 nuumcarpi
314 1430 502 1478 &poplites
513 1429 723 1476 illinerentur-
734 1427 835 1476 Qod
853 1430 874 1465 ὸ.
890 1430 996 1465 multis
1012 1431 1152 1467 nonfine
1165 1430 1220 1466 suo
1238 1438 1416 1475 commodo
1429 1439 1480 1473 fa-

87 1480 185 1515 &um
200 1481 361 1514 novimus.
381 1481 433 1513 Sic
444 1487 555 1526 praeter
568 1477 630 1513 alia
645 1477 730 1514 bene
743 1478 862 1523 multa,
875 1491 946 1526 quae
961 1481 994 1514 in
1012 1476 1095 1515 hanc
1107 1492 1176 1515 rem
1197 1476 1373 1529 praescribit
1385 1488 1480 1522 Vvil-

86 1527 176 1564 lilius
188 1554 199 1568 ,
217 1526 297 1561 illud
316 1528 358 1563 est
375 1527 568 1562 facillimum
580 1555 589 1569 ‚
614 1538 650 1562 ut
667 1525 825 1575 indusium
845 1527 1094 1574 aquaefontanae
1112 1542 1185 1564 cum
1203 1530 1334 1576 pulvere
1356 1530 1479 1570 sulfuris

86 1576 280 1620 incoehrm,
295 1581 330 1613 &
342 1574 536 1612 exficcatum
552 1588 609 1624 pet
623 1575 752 1625 aliquot
761 1575 830 1612 dies
844 1576 1002 1614 induatur.
1020 1578 1084 1614 Sed
1096 1578 1138 1613 de
1155 1578 1257 1615 taetus
1272 1593 1394 1629 organo
1421 1584 1479 1620 ha,

85 1626 218 1670 aeuus.

618 1672 981 1718 CAPUrrff

547 1751 602 1790 De
606 1757 736 1806 gustatu
748 1757 788 1795 ὠ·
799 1761 886 1796 illius
898 1773 1026 1811 organo.

175 1820 314 1872 Ustatus
339 1830 496 1870 organum
517 1821 550 1856 in
569 1821 696 1870 papillis
714 1827 840 1860 nerveis
862 1838 934 1873 quae
964 1826 1116 1862 summam
1140 1826 1476 1880 linguae⁴superf1ciem

176 1874 373 1922 >exasperant
384 1897 394 1913 ‚
409 1867 470 1903 esse
481 1869 690 1906 constitutum
700 1900 709 1916 ‚
720 1884 756 1908 ut
766 1873 1032 1911 verisimillimum
1040 1874 1243 1914 arbitramur.
1261 1882 1349 1915 Nam
1361 1884 1464 1918 custus

84 1931 127 1956 ut
139 1920 181 1954 ab
203 1916 385 1954 Aristotele
395 1917 457 1952 fuit
466 1917 671 1964 observatum
683 1948 693 1964 ,
709 1921 754 1956 est
767 1924 915 1969 quaedam
926 1926 1027 1960 taetus
1042 1924 1161 1973 species
1173 1954 1184 1970 ‚
1205 1912 1407 1978 &sutriusqtr'ie
1416 1914 1477 1967 obi

84 1970 205 2017 jectum
223 1966 362 2003 sensorio
375 1965 547 2000 admoveri
559 1966 675 2003 debet:
687 1970 810 2005 tametsi
824 1983 872 2006 res
886 1972 992 2021 sapida
1004 1973 1097 2008 altius
1109 1973 1249 2023 linguam
1261 1975 1364 2023 subit,
1376 1993 1476 2028 quam

86 2029 136 2052 res
151 2016 268 2051 taeniis
280 2028 414 2052 manum
427 2025 438 2048 ε
458 2013 513 2046 illa
529 2016 650 2061 quippe
662 2029 786 2053 meatus
798 2018 914 2067 linguae
926 2030 1085 2068 penetrat}
1094 2024 1183 2057 Hinc
1194 2023 1295 2059 subita
1308 2025 1476 2075 spirituum

89 2065 228 2100 tefeffio
239 2078 257 2099 a
268 2067 336 2099 vini
352 2062 535 2115 libamine,
546 2065 580 2098 ὅ(
591 2062 659 2109 post
672 2063 804 2112 longam
822 2069 965 2105 inediam
985 2083 1051 2105 non
1073 2073 1159 2119 prius
1173 2071 1281 2122 lingua
1299 2078 1364 2110 vini
1387 2077 1475 2125 spiri-

89 2124 160 2149 tum
174 2143 182 2155 ‚
203 2124 258 2147 aut
282 2120 475 2161 generorum
495 2108 656 2165 h‘luofem
682 2116 816 2162 attingit
827 2143 837 2159 ,
850 2128 947 2162 quam
962 2131 1062 2153 novas
1080 2123 1112 2154 in
1127 2119 1221 2156 nobis
1236 2125 1318 2158 vires
1331 2129 1475 2173 experia-

86 2174 168 2198 mur,
185 2162 415 2209 Qod'utique
430 2159 468 2196 fit
486 2170 564 2206 quia
578 2156 685 2205 liquor
697 2174 867 2209 pene-trans
885 2177 1019 2202 nerveas
1034 2168 1167 2216 papillas
1185 2169 1420 2221 subit,hincque
1433 2177 1488 2211 ad‘

85 2223 206 2246 nervos
218 2209 300 2254 ipsos
316 2222 401 2258 pene
413 2211 445 2244 in
463 2211 800 2256 momento-pervadit.
810 2214 845 2249 Id
858 2226 936 2250 vero
946 2213 1003 2250 fiet
1013 2220 1153 2265 apertius
1163 2230 1236 2253 curn
1249 2232 1347 2267 pauca
1361 2224 1401 2257 de
1411 2224 1473 2260 lin.-

84 2271 159 2308 guae
169 2259 319 2294 struCtura
335 2260 519 2294 dixerimus.
713 2303 717 2305 λ

125 2309 173 2343 Ac
203 2310 341 2355 primum
361 2307 468 2356 lingua
484 2305 641 2341 musculus
664 2306 715 2342 est>
728 2307 816 2345 fibris
828 2313 1178 2351 innumerisinstrufihls
1190 2328 1260 2363 quae
1280 2317 1401 2354 summa
1414 2334 1472 2357 va-

86 2357 203 2399 rietate
226 2355 441 2444 dgponulnltur
458 2384 476 2403 ,τ
491 2354 638 2405 mnae&
658 2356 693 2403 jn
705 2370 819 2403 anes
836 2372 945 2411 pat-tes
961 2360 1068 2412 poffit.
1085 2365 1203 2401 Ptaeter
1219 2368 1375 2404 extimam
1385 2369 1487 2406 illius⁴

252 2445 263 2454 k
275 2418 343 2454 pm.
396 2428 406 2458 3
673 2432 676 2437 ›
1195 2416 1224 2454 A
1235 2427 1254 2451 a
1264 2427 1282 2450 a
1293 2428 1313 2450 a
1323 2426 1325 2428 ·
