1878 2724
334 145 391 176 126
726 127 989 169 PHYSICAE
1031 128 1372 183 crunnus-s

876 229 1109 265 CAPUT
1171 230 1213 266 r

788 328 844 361 De
871 329 964 375 can-(2³
983 325 1084 362 motas
1105 327 1295 377 primaria:-

444 430 502 463 AEc
519 427 654 476 quaestio
672 439 790 476 magna
799 439 837 463 ex
850 438 944 476 parte
959 428 993 462 in
1017 423 1252 474 Metaphyfic'is
1263 425 1307 460 est
1329 425 1509 475 explicata,
1524 441 1562 465 ac
1581 441 1672 479 pene
1689 431 1745 466 de-

343 430 660 518 Hmonstratum
675 477 737 512 fuit
747 489 814 513 non
827 477 926 512 aliam
944 474 1005 511 effe
1020 474 1132 512 motus
1141 473 1266 510 causam
1286 476 1475 523 primariam
1486 505 1497 521 ,
1519 479 1620 526 quam
1636 483 1765 515 Deum*

346 527 460 576 ipsum.
475 527 562 562 Cum
575 539 685 562 tamen
698 526 793 562 aliter
804 527 970 574 Epicureis
985 526 1134 559 videatur
1145 553 1155 567 ‚
1169 535 1267 576 atque
1278 527 1313 558 iis
1327 524 1507 573 persuasum
1521 527 1558 562 fit
1567 540 1695 564 atomos
1709 528 1748 564 li„

345 575 440 611 betas
456 605 466 621 ,
477 581 511 613 δε
523 576 566 611 ab
582 576 652 611 aliis
666 576 782 611 solutas
798 578 832 611 in
843 574 871 610 se
882 574 928 611 sui
944 573 1056 611 motus
1075 571 1198 609 habere
1210 576 1404 622 principium
1419 603 1429 620 ,
1441 574 1524 611 adeo
1534 588 1569 612 ut
1580 588 1687 612 motus
1706 580 1747 612 iis

345 625 500 661 naturalis
512 623 548 660 fit
557 638 613 661 aut
624 624 796 661 effentialis
810 654 821 668 ‚
834 637 906 661 rem
916 624 1018 675 ipsam
1025 634 1063 660 ut
1071 621 1222 671 Phyficos
1238 623 1334 660 decet
1346 652 1358 667 ,
1379 623 1478 673 paulo
1488 628 1668 662 accuratius
1684 637 1749 662 tra.

348 676 436 711 stare
451 673 545 712 nobis
562 673 735 712 incumbit.
763 675 812 709 Sit
827 676 935 724 igitur.

893 773 1010 808 Prima
1027 769 1200 818 Conclufio„
1211 800 1216 804 .
1245 802 1253 809 ,

385 873 499 908 Motus
515 870 534 909 a
555 874 690 907 materia
701 871 767 907 sola
785 867 944 921 proficisci
962 881 1031 906 non
1047 870 1174 920 potest,
1197 881 1308 919 neque
1330 870 1393 907 alia
1408 870 1554 908 est'ilfius
1576 870 1668 908 causa
1683 875 1767 922 pria.»

350 924 452 958 maria
468 921 571 969 quam
586 924 685 958 Deus.

401 970 497 1007 Prob.
509 973 607 1007 conci.
629 973 696 1006 Res
707 982 745 1004 ex
760 968 792 1004 se
804 982 872 1006 non
885 968 989 1005 habet
998 968 1035 1004 id·
1045 969 1137 1018 quod
1152 969 1256 1018 potest
1279 971 1444 1015 amittere,
1456 973 1582 1020 integra
1598 982 1754 1008 manente

349 1018 433 1054 illins
446 1031 560 1056 natura
576 1019 650 1055 :sed
660 1031 775 1068 corpus
785 1018 874 1067 quod
891 1030 968 1054 ante
978 1018 1178 1056 movebatur
1192 1049 1201 1064 ,
1220 1018 1327 1068 potest
1347 1031 1386 1054 eo
1398 1032 1493 1055 motu
1517 1033 1627 1056 catere
1649 1036 1657 1057 z
1681 1033 1775 1056 cum--

353 1079 463 1104 tamen
475 1069 562 1104 idem
572 1081 706 1105 maneat
721 1069 811 1117 quod
829 1066 917 1118 prius
932 1082 939 1104 τ
960 1067 1084 1104 nullum
1096 1070 1194 1117 igitur
1213 1080 1329 1117 corpus
1347 1067 1428 1103 exse
1443 1068 1512 1118 ipso
1522 1081 1684 1114 movetur,
1699 1080 1776 1104 aut*-

353 1118 518 1166 estprima
531 1118 575 1153 sui
594 1119 703 1155 motus
723 1116 820 1152 causa.

385 1167 474 1213 Confi
498 1168 601 1214 Qod
619 1180 658 1203 ex
678 1169 725 1202 rei
735 1178 848 1202 natura
863 1164 1076 1216 proficiscitur
1090 1195 1100 1211 ,
1118 1164 1161 1200 ab
1173 1178 1214 1201 eo
1227 1165 1365 1215 separari
1387 1178 1455 1202 non
1468 1167 1592 1215 potest:
1615 1167 1669 1203 sed
1685 1167 1772 1204 nul-t

351 1216 419 1250 lum
433 1217 475 1251 est
486 1217 707 1265 corpus,quod
719 1216 883 1264 quiescere
895 1229 964 1251 non
975 1214 1074 1263 poffit
1087 1244 1098 1259 ‚
1111 1227 1166 1250 aut
1176 1214 1197 1251 ὲ.
1206 1228 1274 1263 quo
1289 1227 1398 1250 motus
1413 1214 1550 1264 separari
1566 1230 1635 1254 non
1646 1228 1777 1266 queat„

351 1263 448 1299 illaesa
458 1267 603 1315 corporis
619 1265 710 1314 ipsius
719 1276 947 1313 natura:e1go
957 1264 1083 1298 nullum
1097 1276 1210 1312 corpus
1226 1277 1268 1299 ex
1282 1262 1386 1312 seipso
1397 1275 1561 1301 movetur.
1574 1268 1651 1301 Sive
1668 1268 1758 1301 enim
1774 1281 1777 1285 ·

353 1324 404 1347 res
424 1314 567 1360 quiescat
578 1343 588 1357 ,
609 1313 672 1349 five
688 1325 882 1356 moveatur,
898 1311 980 1347 nihil
999 1312 1041 1347 de
1060 1317 1128 1362 ejus
1146 1324 1257 1348 natura
1270 1313 1401 1347 decedit
1414 1341 1423 1356 ‚
1439 1325 1477 1347 ac
1494 1326 1603 1350 motus
1618 1314 1700 1350 nihil
1714 1314 1758 1350 est

356 1360 411 1398 nifi
424 1363 561 1409 qnidam
572 1365 618 1397 rei
629 1364 723 1398 status
737 1391 746 1406 ‚
757 1373 814 1397 aut
831 1362 966 1405 modus,
981 1360 1046 1396 fine
1064 1374 1131 1410 quo
1144 1361 1204 1397 effe
1221 1390 1231 1405 ‚
1247 1367 1280 1399 &
1303 1364 1433 1411 concipi
1443 1364 1557 1410 potest.
1573 1391 1575 1393 .

391 1412 456 1445 Sed
473 1413 591 1447 dixerit
605 1412 721 1462 aliquis
736 1411 988 1459 ,suntquaedam
1010 1423 1147 1459 corpora
1168 1411 1320 1458 quaefine
1339 1423 1453 1455 motu,
1475 1425 1584 1461 neque
1604 1409 1665 1447 effe
1678 1420 1763 1456 ‚na

356 1472 421 1508 que
438 1463 567 1510 concipi
583 1459 711 1509 possunt
721 1491 730 1505 ,
743 1462 873 1509 utignis
887 1490 897 1505 ,
912 1464 946 1497 δέ
958 1471 1039 1496 aen-
1757 1504 1759 1506 Ι

396 1509 486 1558 Resp.
504 1523 619 1559 corpus
631 1524 697 1546 non
709 1509 831 1545 habere
842 1508 1004 1553 formam,
1025 1508 1075 1544 seu
1092 1508 1153 1544 effe
1172 1511 1256 1558 ignis
1279 1508 1424 1544 sensibile
1445 1539 1456 1553 ‚
1485 1509 1543 1546 nifi
1568 1521 1761 1554 moveatur,⁴

360 1561 409 1592 nti
427 1571 488 1598 nec
504 1571 586 1607 aqua
600 1558 700 1594 fluida
713 1559 760 1594 est
774 1587 784 1602 ,
801 1557 857 1593 nisi
868 1558 1074 1607 illius-partes
1090 1557 1149 1593 fint
1165 1561 1313 1607 agitatae:
1328 1557 1381 1593 sed
1396 1570 1434 1594 ut
1457 1571 1541 1607 aqua
1573 1561 1659 1596 hunc
1688 1573 1762 1594 rno-

358 1618 428 1641 tum
451 1619 568 1642 exuere
582 1608 708 1657 potest,
726 1613 760 1644 δε
784 1610 817 1641 in
836 1607 976 1656 glaciem
995 1606 1159 1642 durescere
1175 1636 1183 1650 ,
1206 1608 1284 1642 licet
1308 1619 1374 1642 non
1396 1606 1517 1643 habeat
1535 1607 1676 1657 amplius
1689 1607 1762 1656 spe-

357 1657 441 1690 ciem
456 1655 635 1692 sensibilem
654 1670 766 1705 aquae;
783 1655 822 1691 fic
832 1658 913 1705 ignis
924 1658 1029 1691 atomi
1045 1653 1171 1705 polsunt
1181 1654 1243 1692 effe
1258 1658 1290 1691 in
1311 1655 1502 1705 corporibus
1517 1685 1528 1701 ,
1547 1669 1707 1706 quantum
1719 1657 1775 1692 ad¹

357 1702 418 1740 effe
433 1704 635 1750 absolutum,
647 1709 797 1753 quamvis
814 1704 874 1740 lint
886 1708 992 1740 omnis
1011 1705 1121 1740 motus
1141 1717 1298 1753 expertes,

402 1754 550 1798 Contra,
567 1757 687 1800 inquies
703 1754 808 1801 ,quod
828 1752 849 1787 fi
868 1755 911 1788 ita
925 1752 962 1787 sit
976 1781 986 1794 ,
1005 1757 1095 1789 Deus
1106 1753 1170 1787 sola
1184 1756 1246 1787 erit
1259 1751 1351 1787 causa
1368 1753 1477 1790 motfis
1491 1783 1502 1798 ,
1531 1765 1638 1802 neque
1659 1761 1761 1792 u'num

361 1814 474 1850 corpus
491 1802 578 1837 aliud
591 1803 813 1837 locomovere
825 1803 959 1850 potetit3
974 1813 1113 1849 cumque
1128 1804 1235 1836 omnis
1252 1801 1341 1835 adtio
1356 1813 1448 1838 motu
1459 1805 1674 1848 contineatur,
1688 1804 1772 1841 nul-⁷

363 1849 394 1885 la
411 1849 502 1885 causa
515 1863 631 1899 praetet
649 1854 759 1887 Deum
784 1853 961 1899 quicquam
976 1862 1053 1899 aget
1063 1879 1073 1894 ‚
1087 1861 1142 1885 aut
1155 1850 1322 1886 molietur.

399 1900 489 1947 Rf'fP.
504 1913 577 1935 earn
591 1901 725 1948 quidem
736 1899 929 1935 sententiam
944 1898 1039 1935 nobis
1064 1898 1194 1948 probati
1210 1930 1220 1944 ,
1235 1903 1347 1936 Deum
1369 1902 1414 1935 ita
1435 1901 1495 1937 esse
1519 1902 1628 1938 mou‘i's
1656 1903 1779 1945 omnis

364 1947 487 1983 catulam
500 1951 686 1998 primariam
697 1979 706 1992 ‚
723 1960 758 1985 ut
776 1961 885 1985 tamen
899 1948 968 1984 aliae
983 1950 1101 1985 itidem
1117 1948 1214 1984 causae
1228 1961 1326 1999 agant
1337 1978 1347 1991 ‚
1359 1955 1392 1987 ὅ(
1411 1963 1569 1986 moveant
1581 1981 1591 1995 ‚
1601 1950 1653 1986 sed
1669 1963 1765 1987 motu

363 1997 384 2033 ὲ
402 1995 505 2046 prima
520 2002 667 2035 omnium
682 1998 771 2035 causa
787 1998 981 2047 profluente.
1019 2002 1072 2034 Sic
1091 2000 1124 2034 in
1143 1999 1315 2048 horologio
1333 2000 1483 2047 portatili
1498 2011 1578 2036 rotae
1596 1999 1670 2035 aliae
1684 1999 1778 2036 alias-

365 2059 505 2083 movent
519 2062 526 2084 :
543 2047 592 2083 sed
607 2060 715 2084 motus
732 2051 838 2083 omnis
851 2047 893 2083 ab
905 2047 1042 2083 elaterio
1055 2049 1201 2084 dimanat
1216 2063 1223 2084 :
1245 2062 1313 2084 non
1328 2049 1415 2096 quod
1431 2062 1511 2085 rotae
1533 2048 1655 2086 cessent
1677 2079 1687 2094 ‚
1707 2061 1776 2086 aut‘

362 2096 446 2132 nihil
463 2109 562 2146 agant
574 2127 582 2141 ‚
599 2097 619 2132 fi
631 2099 651 2132 d
671 2100 744 2146 quia
767 2109 905 2133 movent
923 2097 1146 2146 dependenter
1158 2098 1178 2134 ὲ
1195 2098 1373 2135 convoluto
1392 2098 1764 2149 chalybe‚quitympa²

363 2159 409 2181 no
423 2146 634 2182 concluditur.
1751 2155 1753 2157 '

403 2195 466 2229 Sed
478 2199 628 2242 quaeritur
643 2197 729 2231 unde
749 2196 819 2246 ipsis
838 2196 1030 2245 corporibus
1052 2210 1162 2234 motus
1184 2200 1305 2234 oriatur
1321 2210 1414 2235 :cum
1427 2200 1514 2232 enirn
1524 2197 1587 2231 alia
1600 2196 1661 2233 fint
1672 2197 1762 2241 dura,

364 2243 427 2278 alia
447 2244 567 2290 liquida
583 2275 592 2291 ,
608 2248 728 2281 merito
762 2243 927 2280 dubitatur
948 2276 957 2290 ,
983 2259 1022 2280 an
1039 2261 1109 2295 quae
1135 2248 1212 2284 dum
1245 2246 1315 2285 sunt
1338 2252 1372 2285 δ(
1390 2245 1483 2284 firma
1498 2244 1607 2282 fluidis
1632 2258 1764 2283 motum

365 2298 612 2332 communicent
627 2324 637 2341 ,
652 2308 692 2332 an
705 2294 849 2333 vicissim
882 2296 932 2331 Sit
953 2297 1049 2344 igitur

1612 2443 1763 2477 Secunda
