1878 2724
556 132 729 171 PARS
777 132 1023 172 TERTIA.·
1424 151 1461 180 61

83 181 193 234 Papite
205 181 302 220 fufius
317 181 542 233 explicandum
553 184 608 220 est.
623 185 701 232 Quo
711 183 784 218 huic
801 187 924 219 muneri
937 184 1073 227 serviat,
1092 183 1125 218 in
1140 183 1214 220 duas
1231 197 1337 236 partes
1347 158 1476 226 dirimi.3

85 243 134 268 tur
146 246 228 271 :una
242 233 371 269 carnosa
383 262 394 277 ,
405 244 440 269 ut
453 236 486 268 in
496 235 629 267 terrenis
643 231 862 268 animantibus
873 244 1005 282 apparet
1019 260 1029 278 ‚
1044 232 1144 267 altera
1155 239 1292 271 omnino
1308 237 1352 271 est
1364 251 1471 275 mem-

85 280 220 318 branosa
231 288 284 326 ,δε
295 285 327 317 iu
338 282 443 331 plures
461 280 577 316 vesicas
593 281 714 330 amplas
731 281 898 316 diducitur.
918 285 953 317 ln
969 282 1052 316 huuc
1066 281 1152 316 usum
1170 294 1214 318 eae
1231 283 1338 321 veficae
1355 299 1470 334 aptan-

84 340 138 366 tur
149 359 160 374 ,
177 343 213 366 ut
224 332 436 368 musculorum
451 329 656 374 abdominis,
669 332 726 378 qui
743 330 920 365 admodum
939 329 1007 365 sunt
1021 331 1147 378 angusti
1168 333 1200 366 in
1218 332 1332 370 avibus
1345 363 1355 378 ‚
1379 341 1413 372 δε
1433 349 1470 372 m:

83 379 179 415 nobis
189 383 288 415 etiam
304 382 429 416 viderur
440 408 450 424 ,
461 378 552 427 ipsius
564 380 815 427 diaphragmatis
828 381 913 414 vices
924 377 1057 416 obeant.
1071 381 1157 414 Cum
1172 383 1258 416 enim
1277 395 1314 417 os
1329 385 1469 431 perstetis

83 429 118 463 in
135 427 249 464 avibus
265 429 467 477 peramplum
483 427 539 471 fit,
561 440 598 462 ut
615 426 789 476 majoribus
803 427 948 462 musculis
961 440 1032 475 quae
1044 428 1110 463 alas
1133 443 1271 465 movent
1283 459 1294 474 ,
1323 432 1469 478 praebeat

82 479 243 526 originem
258 507 268 521 ,
289 480 323 512 in
332 477 509 512 abdomine
524 476 672 511 exiliores
694 475 764 511 sunt
784 476 883 524 quam
899 488 935 512 ut
945 477 1064 512 viscera
1077 480 1261 527 exagitent,
1279 485 1314 517 δε
1328 481 1468 518 alimen-

85 527 110 560 ti
129 528 336 569 coffionem,
357 538 411 561 aut
439 524 695 561 distributionem
715 524 787 559 satis
814 537 1041 573 promoveant.
1071 527 1185 575 Qire
1209 540 1279 576 pars
1302 529 1468 576 pulmonis

83 574 308 610 membranosa
323 575 407 610 huuc
426 574 595 610 defeetum
621 572 807 622 compensat
825 587 834 608 τ
851 575 1060 623 (Ῑιιοάξυῑίῳιε
1078 575 1137 610 hac
1145 577 1271 611 ratione
1292 578 1467 625 perficitur.

127 624 250 658 Avium
267 623 392 658 arctato
413 624 544 671 Ρεᾶοῐε
561 625 594 658 in
608 622 671 671 ipsa
685 621 897 670 exspiratione
907 636 974 658 non
986 635 1070 659 totus
1086 636 1141 658 aer
1151 636 1210 672 pet
1230 624 1372 673 asperam
1389 639 1469 663 arte.

81 673 163 706 tiam
174 674 314 721 erumpit
322 701 332 715 ‚
350 670 402 708 sed
413 685 481 719 pars
494 671 575 706 illius
586 684 652 707 non
662 672 832 706 mediocris
844 674 876 707 in
887 674 988 707 imum
1001 684 1149 708 ventrem
1162 675 1309 722 irrumpit
1317 703 1328 718 ,
1342 680 1376 713 δε
1386 689 1468 712 con-

80 720 180 755 clusas
193 733 232 755 eo
247 721 308 756 loci
320 719 467 758 vesiculas
477 719 600 770 implet.
611 722 664 756 Sic
675 732 749 755 cum
763 721 945 768 inspirando
957 723 1066 769 pectus
1074 721 1238 765 dilatatur,
1253 733 1322 757 tum
1330 736 1387 759 aer
1396 738 1468 774 par-

82 771 143 804 tim
161 767 238 804 foris
259 772 347 804 irruit
363 798 373 813 ‚
392 772 510 818 partim
530 782 568 803 ex
579 769 754 804 abdomine
767 780 808 803 eo
821 768 972 806 confluit:
992 771 1075 804 adeo
1082 782 1118 805 ut
1129 772 1253 806 aristato
1263 773 1467 819 pe&oreab-

81 818 203 853 domen
212 818 360 854 dilatetur
372 847 382 862 ,
401 823 435 856 &
450 816 594 855 viciffim.
606 819 693 853 Cum
708 816 817 852 veficae
827 816 1008 853 abdominis
1019 817 1184 863 inflantur,
1194 831 1349 856 contenta
1364 822 1465 857 visce-

79 878 115 901 ra
127 869 378 914 comprimuntur
386 896 398 911 ,
422 878 522 915 atque
538 867 625 902 idem
633 866 702 901 fere
711 864 852 901 efficiunt
862 865 970 904 vesica
980 868 1067 914 quod
1084 867 1215 902 musculi
1228 867 1414 906 abdominis
1430 873 1465 906 in

82 914 154 949 aliis
167 915 368 952 animalibus,

114 964 152 999 Id
164 963 243 999 vero
257 975 362 999 totum
372 961 510 1011 explicat
522 963 571 998 vir
581 960 688 997 clariff.
704 961 858 1010 exemplo
875 962 1002 998 follium
1010 962 1126 1012 quibus
1138 964 1222 1001 fabri
1232 964 1355 1001 ferrarii
1368 977 1465 1003 utun-

80 1021 137 1047 tut.
156 1014 183 1047 1i
192 1015 312 1061 quippe
322 1012 390 1048 sunt
399 1011 542 1059 duplices
551 1039 562 1055 ,
579 1012 666 1048 &ita
675 1009 813 1058 dispositi
825 1040 835 1055 ‚
852 1024 887 1046 ut
897 1011 1023 1047 sublato
1035 1013 1185 1048 inferiore
1195 1026 1249 1049 aer
1257 1027 1331 1049 eum
1342 1014 1466 1060 subeat,

79 1072 187 1108 eoque
204 1060 348 1108 depresso
365 1071 419 1095 aer
437 1071 494 1107 per
508 1059 655 1094 foramen
669 1085 680 1100 ,
698 1060 785 1106 quod
800 1062 831 1094 in
848 1061 956 1094 media
971 1060 1134 1108 utriusque
1143 1062 1203 1105 ala,
1215 1075 1351 1110 quaeque
1366 1064 1464 1098 instat

78 1107 159 1157 septi
169 1120 223 1144 aut
237 1109 483 1158 diaphragmatis
494 1106 608 1142 ambos
626 1106 721 1141 folles
743 1107 938 1144 disterminat
949 1137 959 1152 ‚
980 1111 1014 1144 in
1032 1109 1147 1145 follem
1163 1109 1358 1159 superiorem
1372 1124 1464 1147 com-

80 1169 169 1192 meat
191 1187 203 1202 ‚
240 1163 274 1195 &
301 1157 385 1193 alam
419 1157 611 1204 superiorem
634 1155 755 1190 attollit
776 1172 787 1200 3
816 1169 887 1204 quae
908 1156 1042 1193 viciffim
1061 1158 1277 1194 incumbentis
1307 1161 1461 1208 ponderis

77 1209 112 1240 vi
140 1207 330 1255 deprimitur
351 1234 362 1249 ,
401 1217 534 1252 tumque
561 1203 647 1239 follis
672 1204 804 1239 inferior
830 1205 994 1241 attollitur.
1033 1206 1135 1254 quue
1157 1206 1286 1245 alternis
1306 1207 1457 1246 efficitur.

77 1256 159 1291 Non
187 1253 325 1292 dissimili
347 1256 472 1289 ratione
494 1255 528 1288 in
550 1255 661 1289 avium
682 1253 912 1301 pulmonibus,
938 1266 1092 1303 tanquam
1116 1257 1150 1290 in
1176 1256 1296 1305 duplici
1315 1256 1394 1292 folle
1406 1270 1461 1293 aer

77 1315 135 1351 per
162 1302 356 1352 superiorem
378 1314 502 1352 partem
538 1301 688 1351 ingress'us
710 1303 745 1337 in
769 1301 884 1337 vesicas
901 1302 1067 1338 inferiores
1088 1315 1157 1339 tum
1182 1304 1327 1340 illabitur
1341 1335 1353 1350 ‚
1385 1319 1461 1342 cum

77 1351 190 1400 pulmo
199 1352 397 1387 contrahitur
406 1380 416 1395 ,
431 1363 499 1386 turn
509 1363 546 1386 ex
561 1349 768 1386 inferioribus
781 1350 924 1386 veficulis
934 1354 968 1387 in
977 1352 1150 1400 superiores
1161 1353 1305 1389 dimanat
1315 1383 1326 1397 ,
1338 1353 1395 1390 ubi
1407 1368 1461 1402 pe.

77 1403 146 1436 &us
158 1400 321 1436 dilatatur.
346 1403 422 1436 Hoc
431 1413 528 1434 unum
538 1400 580 1434 est
588 1402 672 1434 inter
682 1398 849 1435 fabrorum
862 1400 956 1435 folles
965 1430 975 1444 ‚
993 1406 1027 1438 δε
1040 1402 1149 1436 avium
1165 1402 1333 1450 pulmones
1351 1402 1457 1438 discri-

76 1460 172 1493 nien,
184 1450 271 1497 quod
282 1452 314 1484 in
325 1449 385 1483 illis
396 1461 448 1483 aer
460 1450 600 1496 primum
624 1460 680 1496 per
694 1447 882 1484 inferiorem
898 1450 1013 1485 follem
1029 1448 1156 1493 subeat,
1174 1463 1287 1486 contra
1304 1453 1336 1486 in
1351 1454 1459 1488 avium

76 1497 285 1546 pulmonibus
297 1527 307 1540 ,
319 1497 375 1532 ubi
386 1510 438 1531 aer
449 1498 465 1532 ὲ
475 1497 630 1544 superiore
645 1496 733 1531 velut
745 1496 824 1531 folle
841 1500 875 1532 in
892 1498 1004 1533 vesicas
1021 1498 1188 1533 inferiores
1205 1498 1347 1548 primum
1367 1513 1459 1536 corn-

77 1558 175 1583 meat.
192 1545 315 1582 Verum
329 1547 382 1581 ista
393 1558 430 1580 ex
444 1544 508 1593 ipsa
520 1544 618 1593 figura
634 1544 714 1581 fient
733 1545 908 1583 illustriora.
922 1547 1008 1582 Vide
1031 1546 1096 1582 tab.
1115 1562 1147 1590 7.

111 1597 153 1638 A,
166 1595 211 1629 est
221 1595 383 1643 pulmonis
393 1596 501 1628 avium
513 1606 549 1628 ea
560 1606 630 1641 pars
643 1606 714 1640 quae
727 1595 853 1629 videtur
864 1595 1003 1639 carnosa3
1013 1597 1036 1630 B
1049 1596 1079 1630 C
1091 1599 1123 1632 D
1136 1599 1158 1631 E
1169 1599 1200 1640 F,
1215 1598 1258 1632 est
1268 1611 1339 1646 pars
1354 1611 1458 1634 mem-

76 1643 222 1686 branosa,
232 1643 287 1678 ubi
302 1643 369 1678 sunt
379 1641 484 1676 veficae
497 1643 645 1690 pedroris.
666 1644 686 1675 F
700 1641 800 1677 vesica
812 1644 854 1677 est
867 1657 937 1690 quae
948 1647 1016 1679 imo
1029 1656 1141 1679 ventre
1152 1646 1360 1683 concluditur.
1380 1650 1457 1683 Sin-

75 1692 155 1740 gulae
173 1691 284 1728 vesicae
300 1691 471 1739 superiores
483 1702 657 1740 peraperta
668 1691 824 1726 foramina
834 1704 942 1727 aerem
958 1693 976 1728 ὲ
990 1692 1146 1741 pulmone
1168 1697 1338 1743 excipiunt.
1359 1699 1395 1731 In
1413 1696 1457 1731 se-

75 1741 178 1776 cunda
190 1741 220 1775 C
231 1769 240 1781 ‚
258 1740 327 1775 sunt
336 1741 399 1774 duo
414 1739 594 1781 foramiua3
609 1739 746 1786 superius
762 1741 894 1788 quidem
911 1753 1021 1778 aerem
1034 1743 1153 1790 excipit
1174 1741 1194 1778 ὲ.
1210 1744 1385 1792 pulmone,
1406 1747 1457 1780 in-

75 1790 172 1825 fenus
185 1788 262 1824 vei'o
285 1788 473 1825 transmittit
486 1788 525 1822 ad
544 1786 677 1825 vesicam
692 1789 727 1824 F.

761 1838 841 1874 Illud
858 1852 990 1887 quoque
1005 1839 1174 1876 observare
1193 1839 1290 1876 nobis
1311 1840 1389 1876 licet
1413 1854 1454 1877 ex

729 1887 894 1936 Alphouso
918 1889 1046 1924 Borello
1057 1919 1066 1933 ‚
1088 1901 1164 1925 aves
1174 1901 1281 1923 carere
1292 1891 1381 1927 costis
1391 1904 1454 1926 no-

728 1937 791 1973 this
804 1951 811 1972 :
825 1936 877 1972 sed
891 1937 985 1972 costae
1008 1938 1080 1986 ipsae
1091 1938 1224 1987 angulos
1233 1936 1380 1973 effitiunt
1393 1938 1456 1974 fle-

726 1985 844 2020 xibiles
859 1988 891 2020 in
903 1987 1014 2021 medio
1031 2015 1042 2028 ‚
1071 1989 1156 2033 iique
1173 1986 1243 2021 sunt
1254 1986 1367 2022 sursum
1383 2000 1455 2021 ver..

727 2033 774 2070 sus
788 2034 931 2069 inclinati
949 2062 958 2076 ,
987 2046 1022 2069 ut
1043 2037 1075 2069 in
1093 2034 1234 2081 appofita
1259 2033 1358 2083 figura
1371 2064 1380 2078 ,
1399 2038 1431 2070 H
1443 2065 1456 2080 ,

728 2085 751 2117 E
768 2110 777 2125 ,
808 2083 831 2115 B
859 2096 868 2118 t
903 2081 991 2117 fibrae
1026 2081 1236 2117 musculorum
1269 2085 1454 2118 intercosta-

730 2130 807 2166 lium
817 2129 885 2166 suut
898 2132 1013 2166 itidem
1025 2129 1186 2166 decuffiitae
1201 2143 1235 2166 ut
1247 2133 1281 2165 iu
1299 2131 1368 2165 aliis
1383 2134 1453 2166 ani-

727 2178 889 2215 mantibus
900 2208 909 2223 ‚
941 2185 976 2217 ὃ(
997 2179 1168 2214 εοιππαᾶεε
1195 2180 1323 2214 trahunt
1349 2192 1451 2228 ungu„

727 2229 838 2264 lumH
852 2257 861 2270 ,
884 2228 988 2264 versus
1010 2231 1034 2263 E
1048 2257 1057 2271 ,
1083 2227 1280 2272 &angulum
1300 2231 1323 2263 E
1349 2229 1453 2263 versus

727 2281 752 2313 B
780 2295 788 2319 3
811 2276 915 2325 ficque
941 2277 1040 2311 costas
1071 2279 1106 2311 in
1130 2277 1230 2309 rastas
1245 2287 1329 2322 pene
1358 2276 1457 2311 lineas

726 2327 869 2367 diriqunt
882 2354 891 2367 ‚
910 2330 943 2361 δε
963 2323 1171 2359 intervallum
1193 2325 1275 2357 inter
1293 2325 1464 2361 vertebrae

737 2375 767 2409 C
787 2378 808 2411 F
829 2377 840 2409 1
873 2379 905 2411 ἃ
935 2374 1073 2409 sternum
1088 2373 1157 2407 AD
1170 2373 1199 2405 G
1220 2370 1308 2406 simul
1328 2378 1360 2410 ὃς
1382 2373 1457 2418 [11⁰⁸.

1102 2423 1135 2457 H
1146 2420 1167 2456 h
1178 2420 1198 2456 h
1208 2420 1229 2456 h
1259 2422 1291 2469 iij
