1878 2724
437 150 504 193 476
737 140 1010 180 PHYSICAE
1054 139 1197 177 PARS
1233 139 1533 178 SECUNDA.

431 206 540 230 aereas
554 195 670 228 excitat
688 208 697 236 ς
709 195 864 239 majorem
878 191 1092 240 agititionern
1105 218 1115 233 ,
1140 188 1353 227 &fremitum
1367 189 1546 237 quemdam
1561 189 1680 226 fortior
1692 190 1817 240 spiritu·

431 244 555 279 inducit
568 241 638 278 :sed
654 243 708 288 qui
718 239 857 276 sulfureo
872 245 906 277 &
926 239 1053 276 volatili
1069 239 1133 274 sale
1144 238 1289 274 abundat
1301 267 1312 284 ,
1323 251 1398 275 cum
1409 238 1519 288 spiritu
1528 238 1598 276 salis
1608 241 1714 276 statim
1721 238 1816 285 effen

434 292 544 328 vescit.
1804 304 1808 314 κ

469 343 520 375 Sic
542 337 666 387 spiritus
694 337 835 374 urinosus
850 350 925 373 cum
950 335 1058 385 spiritu
1075 337 1145 373 vini
1167 337 1330 385 permistus
1356 335 1437 386 saepe
1455 335 1568 372 salinas
1592 340 1814 375 concretiones

430 386 565 424 exhibet
576 415 586 430 ,
601 400 671 422 curn
688 387 808 423 scilicet
828 389 873 422 ita
887 386 949 421 sale
963 386 1089 422 volatili
1106 385 1234 421 ditescit
1247 415 1255 429 ,
1269 397 1305 422 ut
1316 399 1357 422 eo
1368 384 1454 434 quasi
1466 385 1594 421 satietur
1606 399 1615 423 ι
1628 387 1714 422 unde
1728 399 1814 436 aqua

428 450 500 486 quse
515 438 605 486 hujus
627 436 697 471 salis
714 438 758 472 est
774 436 977 480 vehiculum,
993 449 1068 471 cum
1083 435 1194 484 spiritu
1212 437 1280 470 vini
1293 434 1427 472 confusa
1445 446 1568 471 tantam
1590 434 1660 470 salis
1685 438 1816 485 copiam

429 485 593 522 exsolvere
610 499 676 521 non
696 486 824 536 potest,
840 492 873 523 δε
888 497 1013 533 partem
1032 488 1065 521 in
1084 484 1259 520 moleculas
1281 486 1457 534 praecipitat
1472 498 1481 521 :
1497 496 1533 520 ut
1548 486 1661 520 evenit
1679 486 1714 521 in
1729 497 1816 534 aqua

429 536 490 571 sale
509 538 634 571 marino
652 540 687 573 ὃς
708 535 851 572 alumine
872 534 975 579 foeta,
1002 534 1058 570 ubi
1072 546 1146 570 cum
1160 535 1227 570 vini
1243 533 1354 582 spiritu
1369 533 1584 583 permiscetur.
1608 535 1683 570 Nec
1705 544 1817 572 tamen

428 587 482 633 qui
494 586 587 634 gustu
600 585 709 632 judice
730 584 905 620 sulfureum
920 586 1022 633 magis
1044 583 1167 632 stipiunt
1186 611 1197 627 ‚
1216 594 1253 618 ut
1269 583 1376 632 liquot
1391 582 1514 622 solani,
1533 583 1632 617 iidem
1658 584 1814 618 continuo

427 647 499 670 cum
517 634 627 683 spiritu
645 633 714 669 salis
738 633 950 670 effervescunt
963 650 973 677 3
993 645 1029 668 ea
1046 634 1182 681 quidem
1195 629 1438 670 effervescentia
1457 633 1620 681 quandam
1632 643 1753 669 naturae
1763 631 1815 676 diq

427 681 613 719 verfitatem
631 683 757 718 videtur
770 683 932 718 inducere.

457 732 605 768 Sacchari
618 732 947 767 Saturnisolutionem
960 729 1130 767 acidiffima
1144 742 1285 780 quaeque
1300 744 1366 767 non
1382 729 1517 766 turbant
1528 759 1539 774 ,
1555 741 1594 764 ea
1611 738 1815 766 tantummos

425 782 470 816 do
486 781 561 817 huic
570 782 744 816 candorem
757 781 916 825 afferunt,
938 793 1011 828 quae
1028 780 1110 816 nihil
1126 780 1196 817 fere
1217 779 1341 816 habent
1352 779 1503 823 sulfurei,
1521 790 1558 814 ur
1574 777 1698 827 spiritus
1716 777 1786 814 salis
1799 806 1812 823 ,

428 830 562 872 vitrioli.
582 831 649 878 Qi
665 842 705 867 ex
722 830 820 867 melle
843 841 896 865 aut
916 828 1064 865 saccharo
1077 829 1204 879 spiritus
1224 829 1307 864 acidi
1321 829 1510 873 eliciuntur,
1527 839 1600 864 eam
1616 827 1813 865 solutionem

431 893 496 915 non
505 878 658 919 turbant.

452 969 453 973 Ἰ
501 931 529 963 ui
544 929 693 976 liquoreS,
703 939 742 963 ex
753 928 893 964 sulfureo
905 931 939 964 &
951 927 1043 962 acido
1055 939 1121 963 non
1135 927 1180 962 ita
1193 925 1345 975 exquisite
1355 937 1409 962 aut
1421 927 1536 961 intime
1547 923 1705 974 permistis
1716 935 1812 964 com-·

424 989 591 1026 ponuntur
603 1006 613 1021 ,
627 979 696 1012 vim
709 976 796 1012 suam
806 980 842 1013 in
852 976 1025 1012 solutiones
1037 976 1223 1025 heliotropii
1236 982 1269 1014 &
1282 974 1446 1012 sublimati
1459 973 1548 1010 fimul
1562 985 1706 1009 exerunt.

463 1026 635 1062 solutione
648 1025 770 1062 vitrioli
783 1027 962 1074 Hungarici
976 1026 1093 1060 mixtus
1106 1026 1242 1072 quidam
1260 1024 1381 1072 spiritus
1402 1023 1551 1058 mbescit.
1581 1025 1663 1058 Non
1686 1022 1720 1057 id
1737 1020 1812 1058 effi·

424 1077 514 1110 ciunt
530 1075 669 1122 liquores
684 1074 768 1109 acidi
781 1077 838 1122 qui
851 1075 945 1110 initio
956 1072 1148 1109 distillantur
1163 1102 1173 1116 ‚
1199 1072 1252 1108 sed
1273 1075 1297 1108 ii
1308 1074 1440 1108 ‘tantum
1459 1073 1514 1120 qui
1536 1071 1699 1107 urinosum
1715 1071 1809 1119 spiri-

425 1135 494 1159 tum
511 1126 658 1172 proxime
672 1124 868 1159 antecedunt
883 1124 992 1170 3iique
1007 1121 1080 1158 sunt
1093 1121 1257 1158 acidissirni
1269 1152 1279 1166 ,
1294 1120 1467 1159 &intenso
1482 1119 1600 1155 rubore
1613 1119 1808 1157 solutionem

422 1173 610 1221 heliotropii
621 1171 842 1220 perfundunt:
860 1171 966 1221 plures
981 1183 1023 1208 ex
1041 1173 1077 1205 iis
1095 1170 1204 1206 acerbi
1216 1170 1305 1208 sunt:
1324 1169 1376 1205 sed
1388 1170 1483 1206 multi
1496 1169 1635 1217 liquores
1651 1168 1760 1205 acerbi
1774 1170 1810 1205 id

422 1235 490 1257 non
502 1221 688 1257 effecerunt.
711 1223 743 1256 Is
756 1223 868 1268 itaque
879 1219 1014 1256 effecius
1033 1232 1100 1255 non
1119 1218 1175 1254 soli
1195 1221 1287 1254 acido
1305 1222 1512 1267 quantumvis
1527 1220 1712 1266 penetranti
1727 1246 1736 1262 ,
1753 1218 1807 1254 sed

421 1272 528 1318 potius
543 1268 704 1318 exquisita:
719 1275 754 1307 &
769 1272 891 1305 intimae
910 1269 1036 1305 cuidam
1052 1268 1134 1302 acidi
1159 1273 1193 1305 δε
1212 1268 1340 1304 sulfurei
1359 1268 1501 1303 mistioni
1515 1266 1716 1303 tribuendus.
1736 1268 1807 1315 Qii

421 1319 576 1354 acidiores
592 1319 664 1354 sunt
681 1319 818 1367 liquores
828 1318 966 1354 viridem
979 1316 1099 1352 vitrioli
1118 1317 1263 1352 colorem
1282 1328 1404 1364 augent
1417 1322 1450 1353 &
1465 1317 1565 1363 magis
1579 1314 1714 1351 saturum
1733 1315 1807 1352 effi-

422 1370 522 1404 ciunt.
547 1368 651 1415 QOd
672 1379 782 1403 autem
800 1367 924 1417 spiritus
945 1368 1041 1402 mixti
1058 1368 1113 1414 qui
1129 1365 1247 1401 rubore
1268 1364 1416 1400 inficiunt
1446 1364 1639 1400 solutionem
1660 1364 1805 1409 vitrioli3

422 1429 461 1451 ex
477 1418 570 1451 acido
589 1423 624 1454 δε
642 1416 784 1452 sulfureo
803 1427 1042 1464 componantur
1055 1444 1064 1458 ,
1082 1427 1120 1450 ex
1135 1414 1199 1463 ipsa
1216 1413 1466 1457 rectificatione,
1485 1413 1537 1449 seu
1557 1416 1672 1449 iterata
1689 1418 1723 1450 &
1736 1413 1802 1449 leni

421 1465 633 1501 distillatione
648 1465 852 1501 manifestum
866 1466 941 1500 fuit.
962 1467 1050 1502 Nam
1066 1464 1173 1511 liquor
1187 1463 1359 1498 sublimato
1373 1463 1549 1498 candorem
1566 1461 1725 1511 praebuit;
1739 1464 1806 1503 acii

419 1514 496 1550 dum
513 1527 644 1563 quoque
657 1513 879 1563 praebuerunt,
890 1519 976 1563 cujus
988 1512 1120 1549 effeetus
1136 1515 1169 1548 in
1188 1512 1385 1561 heliotropio
1399 1510 1558 1560 conspicui
1574 1511 1714 1547 fuerunt.

457 1564 610 1611 Cumque
629 1577 700 1598 eam
713 1562 980 1610 compositionem
998 1563 1130 1599 acidi&
1151 1561 1278 1596 sulfurei
1292 1573 1341 1596 ars
1352 1563 1474 1596 imitari
1488 1559 1582 1596 facile
1601 1573 1667 1595 non
1689 1559 1802 1609 possit,

419 1624 474 1648 aut
486 1615 599 1647 intima
614 1614 657 1648 est
675 1612 729 1647 illa
746 1612 878 1648 mistura
890 1640 901 1656 ‚
925 1623 980 1647 aut
996 1613 1164 1660 interjectu
1178 1610 1309 1658 alicujus
1324 1611 1410 1645 tertii
1427 1608 1534 1644 acerbi
1549 1608 1721 1657 perficitur.
1736 1611 1802 1644 Ita-

419 1674 485 1709 que
503 1660 677 1709 liquoribus
696 1662 792 1696 acidis
803 1674 913 1710 parum
927 1662 1125 1696 decoctionis
1134 1661 1259 1702 acaciae,
1275 1659 1428 1708 gallarurn
1440 1687 1449 1702 ,
1463 1664 1496 1696 &
1509 1659 1635 1693 corticis
1647 1658 1722 1693 mali
1740 1671 1801 1707 pu-

420 1713 483 1745 nici
497 1711 658 1759 adjectum
675 1711 729 1749 est,
745 1722 876 1758 tumque
889 1710 939 1745 hic
955 1709 1063 1757 liquor
1075 1710 1278 1757 purpureoin
1290 1707 1421 1742 rubrum
1438 1718 1595 1756 vergente
1610 1709 1727 1742 tinstus
1742 1720 1801 1755 ap-

420 1761 525 1808 paruit
538 1773 545 1794 ε
558 1759 623 1793 fors
638 1761 736 1794 etiam
749 1760 791 1794 est
802 1772 838 1794 ut
851 1758 999 1794 nonnihil
1012 1759 1077 1793 olei
1089 1760 1122 1793 in
1140 1760 1177 1792 iis
1197 1756 1360 1805 spiritibus
1380 1758 1486 1791 mixtis
1501 1755 1674 1791 delitescat.
1695 1758 1747 1791 Sic
1757 1756 1800 1791 li-

420 1821 502 1855 quor
520 1808 574 1842 ille
595 1821 634 1843 ex
650 1810 743 1843 certis
762 1807 934 1843 seminibus
954 1813 987 1845 &
1006 1807 1098 1856 lignis
1118 1806 1277 1841 extillarus
1296 1818 1361 1840 non
1382 1817 1494 1852 parum
1515 1804 1578 1839 olei
1600 1807 1681 1852 nigri
1697 1807 1799 1839 inter.

420 1858 498 1891 dum
512 1860 669 1893 continet.
686 1857 782 1892 Unde
793 1857 957 1891 additione
976 1869 1066 1901 aquae
1082 1868 1120 1890 cx
1142 1868 1157 1890 2
1174 1867 1184 1889 1
1206 1856 1307 1888 unciis
1325 1853 1418 1898 hujus
1438 1853 1572 1899 liquoris
1591 1853 1608 1887 ὲ
1624 1855 1731 1887 tritico
1744 1854 1796 1887 di-

420 1905 526 1939 stillari
545 1917 605 1939 tros
621 1908 721 1940 unciae
735 1910 768 1941 8<
785 1916 922 1951 quatuor
935 1904 1091 1938 drachmae
1116 1904 1197 1950 nigri
1217 1902 1280 1935 olei
1294 1902 1490 1947 prodierunt.
1517 1902 1605 1948 Qin
1620 1906 1654 1937 δε
1669 1900 1724 1936 alii
1739 1901 1797 1937 hu.

418 1958 467 2001 jus
485 1955 609 2001 generis
629 1953 770 2000 liquores
788 1955 923 1987 omnino
939 1951 1103 1986 ext-‚olores
1123 1951 1193 1998 post
1209 1949 1478 1986 testificationem
1496 1950 1642 1984 nonnihil
1659 1949 1725 1984 olei
1739 1962 1797 1985 ex·

419 2001 569 2038 hibuere:
587 2002 671 2036 adeo
683 2013 718 2036 ut
733 2000 877 2049 suspicari
894 2001 990 2035 liceat
1002 2000 1069 2035 olei
1081 2000 1307 2035 admistionem
1316 2011 1353 2033 ex
1364 2010 1454 2047 parte
1466 1998 1588 2034 causam
1596 1998 1689 2046 hujus
1698 1997 1796 2035 rube-

418 2051 501 2086 dinis
515 2053 547 2086 in
561 2051 694 2085 vitriolo
707 2049 767 2085 esse
778 2049 874 2097 posse,

458 2100 560 2147 Qod
575 2099 694 2147 spectat
706 2100 745 2133 ad
757 2100 866 2134 oleum
876 2098 1005 2134 emmim
1024 2103 1055 2134 &
1073 2097 1245 2140 foetidum,
1260 2101 1326 2144 jam
1337 2097 1370 2130 in
1386 2093 1515 2144 Physica
1532 2094 1674 2145 generali
1684 2097 1796 2131 innuss

420 2161 487 2184 mus
510 2149 541 2182 id
561 2147 667 2196 saepius
681 2161 754 2183 cum
766 2160 850 2194 aqua
863 2148 1057 2182 destinatum
1075 2176 1084 2189 ,
1096 2159 1216 2193 aquam
1234 2158 1302 2192 quae
1321 2145 1522 2180 distillatione
1541 2158 1600 2191 pro
1625 2147 1714 2188 uxit,
1729 2144 1792 2180 sale

419 2197 542 2232 volatili
558 2201 796 2245 impraetrnatam
812 2224 820 2238 ,
833 2195 981 2234 solutioni
995 2195 1157 2230 sublimati
1173 2194 1284 2229 album
1297 2194 1440 2228 colorem
1451 2192 1607 2228 tribuiffe:
1624 2194 1712 2240 hujus
1724 2192 1792 2228 olei

417 2248 572 2282 foetoreni
590 2239 795 2284 imminutum
806 2274 815 2288 ‚
834 2245 934 2280 levius
950 2245 1064 2280 itidem
1083 2244 1203 2279 fastum
1215 2272 1223 2285 ‚
1243 2243 1311 2290 post
1325 2241 1458 2288 singulas
1471 2242 1695 2275 distillationes
1713 2240 1789 2276 insi-

418 2297 485 2341 pidi
505 2295 654 2331 carbonis
674 2293 833 2344 spongiosi
847 2299 881 2331 δε
904 2294 981 2328 levis
1002 2305 1126 2341 partem
1144 2306 1207 2327 non
1226 2289 1432 2338 spernendam
1448 2289 1619 2333 praebuiffe,
1639 2292 1712 2326 Nec
1730 2291 1789 2325 du-

418 2345 510 2384 bium¹
526 2345 572 2383 est
585 2347 664 2392 quin
679 2343 834 2382 carbones
851 2343 955 2378 multo
968 2341 1044 2376 olco
1060 2354 1116 2376 aut
1131 2342 1265 2376 materia
1283 2339 1510 2375 inflaminibili
1525 2340 1694 2382 constent,
1717 2350 1789 2374 cum

417 2395 537 2427 cineres
555 2394 698 2442 pondere
711 2394 793 2429 adeo
806 2392 966 2442 superent.
981 2391 1072 2429 Illam
1086 2403 1182 2440 porro
1192 2387 1401 2425 iubstantiam
1425 2400 1507 2426 vero
1524 2387 1630 2424 sulfuri
1647 2387 1786 2424 miluum
