1878 2724
344 119 713 159 TRACTATUS
751 117 1070 158 SECUNDUS:
1367 134 1416 159 191

48 187 51 189 ’
66 173 184 221 Itaque
196 173 282 221 hujus
298 172 508 223 phaenonieni
522 184 591 207 non
613 171 709 207 aliam
722 172 882 205 rationem
898 168 1004 205 afferri
1019 168 1104 218 poffe
1123 177 1214 217 putat
1226 178 1341 216 praeter
1364 170 1413 204 le..

25 234 106 272 gem
119 233 235 258 naturae
252 252 263 267 ,
283 235 348 270 qua
356 233 491 270 corpora
500 219 557 256 fibi
570 232 684 257 mutuo
697 222 849 269 contigua
864 231 934 256 non
943 217 975 254 «a.
993 218 1024 254 se
1037 221 1179 256 invicem
1191 217 1388 255 divelluntur
1398 249 1409 264 ,

29 272 173 320 quandiu
183 271 269 307 aliud
279 270 383 308 subire
397 282 509 319 corpus
527 283 594 306 non
606 270 721 317 potest.

64 321 146 355 Haec
155 318 228 356 sane
239 333 356 369 magna
368 318 599 369 probabilitate
612 319 676 353 dici
684 318 837 354 videntur
860 333 869 355 ε
884 317 938 353 sed
950 327 1065 354 vereor
1080 328 1122 352 ne
1142 314 1195 351 lex
1211 316 1267 352 illa
1290 328 1409 353 naturae

30 368 146 405 eadem
158 371 293 405 omnino
308 368 344 404 fit
355 381 427 404 cum
442 379 532 403 metu
545 369 640 405 vacui
654 369 688 403 in
702 367 816 403 scholis
826 368 909 402 adeo
918 367 1090 402 decantato
1100 383 1109 410 3
1121 379 1197 401 nam
1210 364 1318 402 verbis
1331 379 1410 415 pau-

29 416 133 454 lulum
142 420 347 454 commutatis
358 417 472 452 eadem
483 429 568 466 pene
585 417 629 452 est
637 415 812 463 utrobique
824 415 993 453 sententia.
1010 415 1212 463 Qanquam
1230 426 1331 450 certas
1347 413 1410 451 effe

31 478 182 505 motuum
197 467 284 516 leges
306 465 441 502 inficiari
453 479 519 501 non
533 464 701 514 postumus,
727 464 850 501 Verum
872 465 935 501 hoc
956 463 1030 500 loco
1055 462 1174 499 merito
1199 463 1385 510 inquirimus
1400 492 1411 507 ,

32 515 150 564 quibus
160 518 272 551 mediis
283 527 395 552 natura
403 525 511 550 utatur
524 525 561 549 ut
569 513 659 549 suurn
670 513 768 549 finem
782 512 959 561 assequatur
968 541 979 557 ,
997 524 1034 548 ut
1044 510 1286 549 indiffociabilia
1296 525 1413 561 corpo-

30 576 65 599 ra
75 563 195 608 efficiat
206 582 215 608 ς
225 577 281 600 cur
292 565 331 599 ad
346 575 467 599 certam
481 562 687 598 altitudinem
706 574 815 611 praetet
835 574 957 597 naturae
972 561 1079 611 legem
1096 561 1312 610 hydrargyrus
1325 562 1413 596 deci-

26 613 109 657 *dat3
127 625 182 659 aut
191 612 241 648 lex
251 614 418 662 grauitatis
437 623 505 647 tum
522 613 623 651 vincit
634 611 747 660 legem
760 640 770 654 ,
788 622 824 646 ut
835 611 985 648 nonnulli
1005 617 1072 659 jam
1090 610 1268 658 loquuntur
1310 613 1412 645 conti.

29 663 160 710 guitatis
171 664 264 711 ³Jam
278 661 338 696 ubi
351 661 389 697 fit
397 660 530 710 vulgare
541 663 801 709 experimentum
810 660 981 696 Torricelli
1000 662 1034 695 in
1057 658 1220 708 praelongo
1237 669 1272 694 tu
1299 672 1320 693 o
1331 687 1340 703 ,
1357 671 1416 694 cu-

27 715 75 758 jtis
85 721 154 758 pars
164 709 288 755 'summa
303 710 410 745 multo
425 709 463 744 fit
482 708 639 758 amplior3
657 721 693 745 ut
712 723 786 745 curn
800 722 940 746 vacuum
951 711 986 744 in
999 721 1102 745 vacuo
1115 737 1127 752 ,
1142 719 1179 742 ut
1193 709 1303 751 aiunt,
1320 708 1413 755 quod

20 757 101 805 satis
111 758 159 793 est
168 766 382 808 pet-vagatum
395 787 406 803 ,
419 757 581 804 efficiunt3
595 771 636 794 an
646 770 716 794 tum
725 761 828 795 atomi
843 761 924 794 aeris
942 763 976 796 &
995 756 1127 793 bullulae
1143 767 1279 806 repente
1303 768 1413 793 etum-

30 817 131 855 punt‚
156 819 227 856 qua:
242 819 307 844 tam
325 807 450 857 amplos
461 806 556 843 tubos
569 807 735 856 impleant.
748 811 804 847 Ne
818 807 899 842 illud
915 807 1051 855 quidem
1064 808 1265 856 cogitatione
1276 803 1414 854 alsequi·

24 867 102 895 mur
113 884 124 900 ,
140 855 274 904 quifieri
288 856 497 905 poffitutillae
504 859 585 892 aeris
597 856 729 893 bullulae
743 857 827 893 adeo
841 855 1018 892 dilatentur
1034 867 1114 891 citra
1129 853 1303 890 subtilioris
1313 867 1414 892 mate-

29 907 81 942 riae
97 905 278 953 ingreffum.
292 905 417 945 Verum
426 906 457 941 id
473 906 583 955 postea
597 907 773 946 viderimus
784 931 796 950 5
811 918 883 941 cum
893 905 935 940 de
947 903 1045 940 denso
1054 910 1088 942 &
1101 916 1175 939 raro
1188 902 1416 941 tractabimus.

16 985 17 988 ,
28 955 127 990 Nunc
137 954 171 991 id
182 955 405 995 tantummodo
415 955 651 999 contendimus,
656 957 691 991 ni
696 955 740 991 hil
750 953 872 991 neceffe
886 951 946 993 else
953 954 993 989 ad
1002 964 1133 991 ¹metum
1143 955 1304 998 vacui,aut
1315 954 1355 988 ad
1368 953 1416 988 le-

13 1014 105 1052 ,gem
117 1005 338 1053 contiguitatis
352 1004 528 1053 confugere
541 1031 552 1048 ,
564 1016 599 1040 ut
612 1004 694 1040 hanc
702 1004 841 1053 hydrarg
866 1005 892 1038 ri
903 1002 982 1041 vela
1007 1015 1054 1041 uae
1064 1000 1297 1052 suspensionem
1309 1002 1415 1052 expli-

14 1063 138 1102 ¹cemus
149 1066 157 1088 :
169 1064 233 1088 una
242 1055 330 1088 enim
342 1055 430 1088 exiis
441 1081 452 1096 ,
464 1065 542 1100 quas
552 1052 718 1089 attulimus
729 1055 846 1088 rationi
873 1064 925 1095 us,
944 1051 977 1087 su
1015 1054 1059 1087 cit
1070 1080 1079 1095 ,
1094 1063 1132 1086 ac
1146 1054 1314 1100 praecipue,
1324 1052 1416 1099 quod

31 1098 206 1136 subtilioris
217 1104 298 1136 aeris
306 1102 431 1150 pondus
443 1100 624 1138 descensum
639 1101 830 1150 hydrargyri
844 1099 1016 1149 prohibeat
1032 1114 1040 1136 :
1056 1100 1141 1140 forti:
1161 1102 1260 1137 etiam
1280 1100 1415 1149 hydrar-

11 1175 14 1178 .
30 1160 127 1198 gyrus
138 1149 302 1185 conclusus
313 1163 381 1186 non
392 1151 534 1200 gravitat
543 1178 553 1194 ,
565 1150 651 1198 quod
662 1150 682 1186 ἐι
693 1149 802 1185 subtili
810 1162 884 1185 aere
893 1163 960 1185 non
970 1161 1144 1199 prematur.

16 1242 21 1244 b
74 1198 239 1243 Postremo
249 1198 303 1234 etsi
314 1198 485 1235 commoda
501 1198 591 1247 hujus
609 1198 744 1236 effectus
755 1202 838 1234 ratio
850 1198 957 1234 afferri
980 1211 1046 1234 non
1059 1195 1162 1246 polset
1172 1223 1185 1240 ,
1212 1197 1303 1247 quod
1318 1196 1416 1234 nobis

32 1258 100 1284 non
113 1246 243 1284 videtur
261 1275 273 1290 ‚
297 1260 363 1284 non
381 1259 556 1297 propterea
577 1250 687 1296 negari
704 1246 806 1282 debet
825 1246 1005 1294 descensum
1022 1247 1213 1295 hydrargyti
1236 1248 1269 1281 iu
1294 1245 1416 1295 vulgati

30 1297 256 1343 experimento
265 1296 285 1332 ὲ
299 1296 510 1344 ponderevel
523 1295 658 1332 elaterio
671 1293 822 1342 craffioris
838 1297 918 1331 aeris
931 1293 1087 1344 proficisci
1102 1308 1110 1330 :
1127 1306 1162 1329 ut
1180 1294 1291 1330 multis
1302 1295 1333 1329 id
1344 1307 1418 1343 pro-

11 1373 17 1389 3
33 1342 92 1378 bat
109 1344 286 1380 rationibus
299 1349 340 1381 D.
355 1347 541 1390 Marione,
551 1350 585 1383 δε
596 1345 811 1395 εειηρῐτεΐεῐιίηι
826 1374 835 1389 ,
859 1357 929 1393 quae
950 1356 990 1379 ex
1006 1348 1126 1391 majore
1140 1341 1310 1378 altitudine
1326 1343 1418 1378 duci-

34 1403 86 1426 tur
97 1421 107 1435 ,
120 1405 192 1428 cum
206 1392 428 1430 barometrum
441 1396 524 1430 intra
536 1407 655 1442 aquam
667 1394 834 1442 limpidam
846 1399 879 1430 ὃς
912 1392 1086 1429 rofundam
1103 1393 1321 1440 demergitur:
1341 1404 1415 1428 cum

35 1443 124 1476 enim
143 1441 355 1492 hydrargyrus
366 1453 479 1491 quater
493 1448 527 1479 δε
539 1444 645 1477 decies
657 1443 725 1478 fere
766 1444 871 1477 ravior
898 1454 923 1478 it
935 1454 1019 1490 aqua
1034 1471 1045 1485 ,
1068 1441 1127 1476 ubi
1149 1454 1189 1486 14
1206 1442 1315 1489 digitis
1330 1442 1418 1476 intra

2 1533 6 1540 α
25 1501 153 1536 4ειεῃιειτπι
165 1492 381 1540 immergitur,
400 1503 469 1527 tum
483 1505 548 1528 uno
561 1492 664 1540 digito
680 1491 776 1527 altius
790 1493 875 1527 intra
893 1490 1010 1526 tubum
1030 1490 1171 1525 ascendit
1182 1489 1417 1538 hydrargyrus;

4 1536 91 1581 ⁸{sibi
104 1537 204 1575 tribus
217 1553 290 1575 curn
305 1539 425 1577 semilse
434 1539 569 1589 pedibus
586 1540 669 1576 infra
685 1553 772 1589 aquae
781 1538 981 1589 superficiem
995 1540 1196 1588 deprimitur,
1211 1550 1281 1573 tum
1292 1550 1421 1587 mercu-

19 1589 98 1629 ‚rius
110 1587 326 1637 tribusdigitis
342 1589 513 1626 attollitur.
534 1592 639 1624 Mitto
658 1601 695 1623 ea
709 1602 777 1636 quae
794 1587 932 1636 superius
946 1588 1042 1625 allata
1057 1587 1127 1625 suut
1146 1589 1179 1622 in
1195 1587 1335 1621 eandem
1348 1599 1417 1621 rem

37 1637 260 1683 experimenta
273 1665 282 1679 ‚
295 1636 413 1684 quibus
426 1649 631 1686 compertum
652 1637 698 1672 est
713 1635 807 1672 altius
824 1635 994 1672 ascendere
1007 1635 1241 1685 hydrargyrum
1254 1662 1264 1677 ‚
1288 1647 1354 1681 quo
1370 1634 1420 1668 lo-

37 1696 92 1718 cus
106 1685 148 1719 est
166 1685 360 1732 depressior:
376 1686 459 1720 adeo
477 1699 513 1721 ut
529 1695 569 1722 60
587 1698 641 1721 aut
654 1693 689 1731 63
701 1686 822 1734 ‚pedeS‚
845 1696 880 1720 ut
902 1687 930 1719 ei
946 1684 1094 1728 videtur,
1122 1686 1214 1719 unius
1233 1682 1343 1726 lineat,
1369 1681 1421 1717 seu

40 1732 240 1768 duodecimae
256 1737 352 1782 partis
363 1736 457 1769 unius
471 1735 564 1783 digiti
575 1737 766 1769 varietatem
775 1732 921 1769 affetant.
943 1734 1001 1769 Vir
1011 1730 1122 1781 clariis.
1135 1733 1287 1780 idemque
1301 1731 1421 1766 docilis-

36 1779 131 1816 simus
141 1783 328 1818 D,Toinard
335 1799 348 1831 5
361 1782 515 1824 linearum
528 1782 744 1819 differentiam
754 1786 787 1819 in
799 1796 859 1828 300
871 1783 991 1832 pedum
1004 1779 1317 1817 altitudineAureliae
1328 1793 1422 1816 corn-

39 1832 139 1878 perit:
157 1833 189 1866 in
201 1832 309 1878 Regio
324 1830 559 1869 Observatorio
570 1832 637 1868 fere
648 1833 783 1868 duarum
795 1832 950 1868 linearum
969 1829 1155 1866 differentia
1166 1832 1340 1874 invenitur,
1349 1842 1423 1866 cum

38 1878 174 1915 altitudo
190 1879 224 1915 fit
242 1881 283 1915 ab
298 1884 365 1917 imo
380 1881 420 1916 ad
440 1881 596 1926 summum
615 1895 665 1929 134
682 1882 801 1932 pedum
815 1896 823 1918 :
838 1881 921 1916 adeo
933 1892 970 1916 ut
988 1883 1030 1924 67
1047 1880 1168 1928 pedum
1180 1877 1364 1917 differentia
1382 1878 1423 1913 li-

40 1940 106 1968 neae
113 1931 202 1967 unius
213 1930 431 1975 diversitatem
444 1931 579 1974 inducat.
593 1929 894 1975 D.Caffini,montis
904 1928 1062 1978 cujusdam
1078 1930 1111 1964 in
1125 1930 1296 1964 Provincia
1309 1928 1424 1963 altitu-

28 1976 237 2018 ..dinem-,1070
249 1980 368 2026 pedum
382 1978 538 2019 dimensus
547 2008 557 2022 ‚
578 1988 610 2016 16
620 1985 653 2017 &
663 1979 759 2029 paulo
770 1979 904 2028 amplius
919 1978 1075 2014 linearum
1092 1977 1309 2014 differentiam
1330 1980 1424 2013 inve-

43 2026 102 2058 n'it.
118 2023 242 2059 Illustris
260 2028 322 2063 fuit
333 2028 549 2063 Claromontii
560 2027 748 2065 observatio
764 2029 842 2064 oliui
854 2027 874 2065 ἐι
886 2027 1027 2065 Cl...viro
1038 2031 1080 2065 D.
1095 2028 1234 2062 Perriers
1261 2025 1348 2062 fa&a
1362 2041 1369 2062 ε
1390 2028 1425 2060 in

43 2072 117 2107 loco
127 2075 267 2108 maxime
279 2076 420 2123 de-prell'o
428 2077 644 2117 Claromontii
657 2078 870 2126 hydrargyrus
885 2076 1047 2112 altus·erat
1065 2082 1104 2112 26
1119 2075 1228 2125 digitis
1244 2090 1256 2121 5
1272 2074 1325 2110 lin.
1351 2087 1424 2109 cum

44 2120 178 2156 semiffe.
204 2125 306 2170 Qod
325 2126 433 2170 utique
446 2124 509 2158 loci
529 2124 609 2160 illius
633 2126 838 2162 altitudinem
862 2126 1063 2161 demonstrat
1083 2139 1090 2160 :
1109 2136 1183 2161 curn
1208 2124 1426 2158 barometrum

43 2170 83 2204 ad
97 2184 132 2214 27
144 2170 379 2218 hexapedarum
401 2171 603 2208 altitudinem
617 2174 801 2214 transsatum
818 2174 893 2210 else:
912 2177 945 2209 in
958 2186 1070 2210 monte
1086 2173 1426 2222 proximO,mercuriu<

44 2219 84 2252 ad
97 2224 146 2260 26.
161 2220 251 2267 digit.
269 2226 302 2257 &
315 2233 412 2255 unam
430 2221 548 2256 lineam
562 2221 722 2258 descendit
736 2242 744 2267 ς
758 2225 825 2272 post
839 2238 893 2270 150
910 2224 1089 2271 hexapedas
1107 2252 1115 2265 ,
1130 2223 1168 2255 ad
1189 2235 1220 2266 25
1234 2221 1351 2267 digitos
1372 2220 1428 2253 de-

45 2266 144 2314 lapsus
158 2268 202 2302 est
217 2285 226 2312 3
241 2271 272 2304 in
287 2272 405 2305 montis
418 2268 549 2304 tandem
558 2273 677 2308 vertice
690 2286 753 2317 500
769 2273 949 2320 hexapedas
962 2272 1029 2306 alto
1038 2272 1076 2305 ad
1088 2284 1120 2313 23
1134 2269 1249 2317 digitos
1262 2274 1293 2303 ἃ
1304 2282 1319 2302 2
1330 2267 1430 2302 lineas

45 2315 207 2352 descendit
221 2334 229 2360 3
247 2318 428 2353 differentia
450 2319 493 2352 est
516 2327 555 2363 37'
568 2318 722 2354 linearum
732 2349 740 2363 ,
756 2320 807 2355 seu
828 2324 922 2356 trium
946 2321 1117 2367 digitorum
1129 2347 1137 2361 ‚
1160 2324 1192 2354 &
1215 2317 1304 2350 unius
1332 2316 1431 2353 linere.

48 2364 162 2414 Qaesi
174 2367 213 2401 ad
227 2366 384 2405 calculum
395 2379 551 2405 vocentur
563 2397 573 2413 ‚
588 2368 693 2418 palam
706 2371 767 2405 erit
782 2371 866 2405 inter
876 2368 1110 2404 ascendendum
1122 2366 1189 2415 plus
1201 2365 1289 2414 spatii
1301 2368 1421 2412 requiri
1426 2395 1440 2411 Ω
