1878 2724
611 133 768 175 PARS
806 127 1073 174 TER-rm«
1479 141 1531 184 er,

644 236 676 272 C
695 237 725 272 A
746 238 770 273 P
789 236 825 274 U
846 237 879 272 Τ
943 235 958 269 1
982 229 1005 268 Ῐ,

512 308 812 362 Qomodossrngm‘s
839 312 873 345 in
892 307 974 342 liene
986 307 1174 357 percoletur.

138 382 294 471 CUm
313 383 436 435 sanguis
447 387 481 422 in
494 385 616 422 lienem
634 397 692 434 per
707 387 841 420 arterias
852 387 1009 431 irrumpat
1023 410 1033 426 ,
1051 379 1282 430 &priusquam
1293 382 1395 431 ipsum
1414 383 1526 423 subeat

226 438 332 482 jecur,
347 446 403 483 per
413 447 505 471 venae
521 434 668 484 splenicae
687 446 794 470 ramos
818 436 855 470 in
880 445 999 469 venam
1024 442 1154 480 portam
1170 443 1355 476 commeet,
1376 434 1526 471 dubitare

137 475 400 532 non’possumus,
415 486 495 532 quin
517 487 542 519 is
564 483 750 520 elaboretur
764 486 798 520 in
821 484 885 520 hoc
903 480 1041 524 viscere,
1062 491 1262 535 quocunque
1285 482 1319 516 id
1336 481 1394 518 fiat
1415 486 1527 521 modo.

137 535 227 569 Nam
237 533 328 568 lienis
340 531 407 568 usus
417 533 523 569 adhuc
534 535 567 568 in
575 532 713 574 obscuro
726 545 845 569 naturae
855 533 947 569 latet:
958 543 1024 578 quo
1033 536 1135 577 major
1148 528 1353 577 scriptoribus
1369 545 1530 582 augur-an-

137 582 171 616 di
181 581 315 617 licentia
327 581 401 628 fuit,
416 595 490 618 cum
507 583 694 619 structuram
703 583 796 619 lienis
808 594 883 619 ante
891 578 1091 631 perspectam
1099 576 1160 614 effe
1173 583 1471 630 oportuerit‚quam
1487 584 1529 619 de

136 630 221 665 illius
241 630 296 666 usu
305 633 482 679 quicquam
497 635 577 668 certi
595 632 758 674 constitui.

175 681 254 715 Tria
271 678 387 716 suntin
407 680 499 716 lienis
518 681 668 718 structura
685 681 859 731 diligenter
889 679 1093 729 inspicienda.
1114 681 1224 715 Primo
1239 680 1437 717 membranae
1456 682 1527 718 duae

133 741 208 769 ‚cum
220 727 309 764 fibris
320 758 331 773 ,
343 741 413 777 quae
425 730 560 766 mollem
571 731 664 780 hujus
679 730 803 766 visceris
814 728 1021 765 substantiam
1032 731 1184 764 muniunt
1198 745 1207 771 ·‚
1223 732 1363 765 exterior
1379 730 1421 765 ab
1440 734 1527 767 inte..

135 780 210 812 riori
223 777 322 813 facile
331 779 494 815 divellitur
504 809 514 824 ‚
530 792 667 828 eamque
678 779 845 828 capillares
857 781 980 814 arteriae
993 807 1004 822 ,
1021 784 1055 815 &
1068 790 1159 814 venae
1176 779 1327 825 irrigant;
1345 782 1479 816 interior
1490 779 1529 817 fi..

136 824 200 862 bris
211 827 332 862 constat
346 840 412 864 non
429 841 551 865 temere
565 841 617 874 ,ut
630 831 664 865 in
675 828 745 864 aliis
762 829 896 872 tunicis,
908 827 961 862 sed
976 829 1058 863 miro
1071 828 1185 862 ordine
1203 826 1367 873 dispositis.
1381 830 1529 865 Haeclie.

136 877 183 911 nis
194 875 267 912 vasa
285 875 467 924 priusquam
488 881 574 914 intro
590 877 725 914 subeant
736 906 746 920 ‚
762 890 797 912 ut
809 880 993 912 communis
1012 877 1158 922 quaedam
1175 874 1300 923 capsula
1314 877 1471 915 involvit:
1488 878 1528 914 stc

135 936 246 960 tamen
262 936 298 959 ut
308 936 370 972 qua
385 938 476 974 parte
486 938 624 962 nervum
634 930 667 962 ὅ(
679 928 829 961 arteriam
851 924 1084 973 complestitut
1092 952 1102 967 ,
1122 924 1220 972 longe
1231 922 1267 958 fit
1276 924 1420 970 craffior,
1433 940 1527 976 parte

132 984 215 1009 vero
224 972 387 1022 superiore
399 1003 409 1018 ‚
418 977 482 1023 qua
495 988 614 1010 venam
627 975 638 1009 Ι
663 974 801 1010 lenicam
822 976 903 1022 tegit
915 1002 924 1017 ‚
939 973 1115 1008 admodum
1126 974 1230 1007 tenuis
1239 974 1356 1010 existat
1366 1003 1376 1019 ,
1390 979 1466 1014 &in
1478 989 1528 1014 re..

135 1024 175 1059 tis
188 1024 324 1058 modum
337 1023 503 1072 implexa,
520 1026 603 1059 inter
621 1022 641 1058 fi
669 1035 717 1057 ras
742 1035 843 1057 vacua
865 1021 1002 1069 spatiola
1018 1021 1191 1068 relinquat.

183 1079 227 1109 ιο.
248 1072 435 1107 Occurrunt
450 1071 543 1108 lienis
562 1071 634 1107 vasa
647 1101 657 1116 ,
671 1084 708 1106 ac
721 1073 828 1120 primo
838 1071 950 1106 duetus
960 1070 1170 1120 lymphatici,
1182 1072 1237 1118 qui
1248 1069 1304 1106 sub
1320 1070 1411 1107 lienis
1420 1085 1528 1110 mem,

132 1120 235 1156 brana
246 1121 339 1155 vatio
350 1119 446 1168 plexu
456 1123 808 1165 contexti,innumeris
827 1115 966 1155 valvulis
987 1120 1128 1155 instructi
1138 1148 1148 1163 ‚
1172 1125 1206 1157 &
1221 1132 1293 1155 cum
1308 1121 1385 1156 vasis
1398 1122 1528 1172 sangui-

133 1171 201 1205 neis
212 1168 369 1218 congreffi
379 1171 457 1204 retis
473 1168 609 1219 figuram
621 1173 882 1215 imitantur3tum
898 1181 934 1204 in
950 1181 1123 1204 omentum
1143 1170 1292 1217 producti
1308 1199 1318 1215 ‚
1340 1172 1470 1207 tandem
1491 1176 1526 1209 in

131 1229 305 1254 commune
318 1219 556 1267 receptaculum
574 1218 637 1254 sese
667 1230 846 1254 exonerant
860 1223 894 1256 δε
911 1217 1002 1253 succo
1023 1215 1172 1253 subflavo
1195 1218 1324 1267 impleri
1340 1231 1525 1258 cernuntur.

131 1281 174 1306 20·
196 1269 322 1303 Arteria
333 1266 544 1316 splenicauna
559 1281 634 1304 cum
652 1281 754 1304 nervo
765 1274 799 1306 δε
813 1280 895 1309 vena
904 1267 1042 1315 splenica
1053 1266 1173 1302 lienem
1183 1269 1358 1317 ing-reditur
1370 1297 1379 1311 ‚
1389 1275 1423 1307 &
1434 1282 1526 1306 com-

133 1318 223 1352 mum*
234 1344 244 1360 ,
256 1327 292 1351 ut
306 1316 442 1352 diximus
454 1346 464 1360 ,
473 1317 599 1366 capsula
615 1331 688 1353 cum
700 1321 738 1352 iis
753 1317 940 1354 involvitur.
952 1318 1102 1364 Superior
1115 1328 1207 1352 venae
1221 1319 1328 1353 tunica
1342 1322 1442 1354 rarior
1451 1333 1526 1356 cum

131 1363 170 1401 fit
182 1393 193 1409 ,
207 1363 328 1401 crebris
340 1365 542 1402 foraminulis
564 1367 717 1412 dehiscit,
729 1367 807 1403 li'cet
824 1365 951 1404 nullam
965 1377 1003 1400 ex
1014 1378 1056 1401 ea>
1068 1377 1158 1415 parte
1168 1368 1325 1404 comitem
1344 1367 1464 1404 habeat
1475 1382 1527 1405 ar.

134 1416 261 1450 teriam.

165 1478 209 1509 30.
241 1461 422 1500 Substantia
439 1465 532 1502 lienis
551 1465 684 1502 infinitis
700 1479 786 1517 pene
804 1464 926 1501 cellulis
938 1494 948 1510 ‚
966 1477 1122 1514 tanquam
1143 1479 1239 1517 apum
1260 1467 1345 1506 favis
1375 1469 1525 1506 distineta

131 1515 296 1550 cernitur:
309 1512 387 1550 crim
398 1514 497 1564 ligata
510 1518 627 1552 arteria
639 1516 780 1566 splenica
793 1528 850 1565 per
859 1515 1042 1565 syphonem
1054 1516 1208 1566 impletur
1216 1529 1289 1553 aere
1299 1549 1309 1563 ,
1323 1531 1393 1555 tum
1405 1519 1468 1554 leni
1476 1531 1524 1554 ca-

131 1561 201 1598 lore
211 1561 397 1608 exsiccatur.

169 1611 399 1659 Qamobrem
411 1613 506 1649 lienis
522 1613 695 1651 substantia
711 1627 796 1665 pene
815 1626 850 1650 ut
861 1614 951 1651 suber
962 1617 1137 1652 innumeris
1148 1617 1276 1652 constat
1291 1617 1413 1654 cellulis
1424 1649 1435 1664 ‚
1451 1631 1525 1668 quat

129 1659 365 1699 membranosae
377 1660 512 1706 sunt,&
527 1663 579 1699 sua
593 1664 728 1700 laxitate
738 1677 868 1700 carnem
888 1663 1068 1703 mollem&
1086 1664 1161 1714 spon
1188 1665 1286 1702 iosam
1311 1671 1525 1714 mentiuntur,

130 1709 247 1746 ferent
261 1711 302 1746 de
312 1710 524 1758 pulmonibus
538 1713 688 1750 diximus.
701 1717 789 1759 Nam
806 1726 841 1749 ut
854 1714 1047 1763 pulmonum
1061 1679 1205 1750 veficulae
1218 1728 1261 1752 cx
1278 1716 1419 1753 dilatatis
1433 1719 1524 1768 aspe-

129 1769 171 1793 rae
181 1762 306 1795 artenia
320 1758 486 1796 bronchiis
500 1791 510 1806 ,
523 1760 561 1797 fic
576 1762 629 1799 vel
647 1774 688 1799 eir
704 1766 870 1799 communi
884 1762 1010 1812 capsula
1029 1763 1176 1800 vasorum
1191 1793 1201 1808 ,
1215 1764 1269 1800 vel
1282 1778 1320 1800 ex
1339 1767 1452 1803 ductus
1466 1780 1526 1803 ve..

129 1806 197 1843 nofi
207 1813 241 1846 δι
252 1808 352 1858 ampli
365 1805 471 1846 'tunsca
483 1812 598 1848 mirum
610 1814 642 1848 in
657 1813 794 1848 modum
809 1823 1040 1857 extenuata,eae
1051 1814 1212 1863 prodeunt
1221 1813 1352 1851 cellulae.
1370 1819 1446 1868 Qa
1465 1818 1528 1852 vess

127 1868 168 1892 ro
177 1869 267 1906 parte
280 1857 373 1894 savus
383 1859 610 1907 quisque'‚aut
620 1861 735 1897 cellula
747 1873 839 1897 venae
856 1862 1000 1910 splenicae
1016 1875 1140 1898 ramum
1157 1862 1298 1911 spectat,
1315 1866 1341 1899 is
1360 1878 1417 1914 per
1434 1879 1527 1915 aper-

130 1916 201 1941 tum
213 1907 362 1944 foramen
378 1908 534 1945 dehiscit:
553 1910 636 1946 adeo
649 1921 683 1946 ut
706 1923 780 1946 cum
797 1923 880 1946 vena
906 1909 957 1945 hae
984 1911 1109 1946 cellula}
1126 1911 1250 1959 ubique
1273 1918 1526 1954 communicent.

129 1956 219 1990 Hinc
229 1955 284 1990 illa
298 1958 331 1991 in
343 1969 433 1992 venae
450 1960 564 2005 quavis
578 1961 758 2009 propagine
776 1961 866 2008 nigra
885 1960 920 1994 sti
945 1972 1050 2004 mata,
1065 1972 1119 1997 aut
1135 1961 1329 1998 foraminula
1341 1992 1351 2007 ,
1367 1964 1456 2012 quod
1480 1965 1525 2000 ab

129 2005 168 2037 iis
181 2004 426 2041 cavitatibusin
443 2018 542 2041 venas
555 2009 712 2054 quiddam
725 2009 899 2045 deri-vetur.
950 2020 1071 2056 umque
1086 2010 1146 2044 illae
1155 2011 1251 2045 velut
1264 2016 1526 2054 concameratio-

127 2064 185 2087 nes
205 2054 288 2088 inter
311 2065 411 2089 venas
425 2059 460 2091 ὅτ
474 2056 605 2090 atter-ias
619 2058 852 2109 interjaceant,
880 2056 987 2105 palam
1006 2058 1050 2092 est
1065 2056 1247 2107 sanguinem
1263 2058 1310 2094 ab*
1322 2062 1447 2097 arteriis
1468 2075 1526 2112 per

128 2099 190 2136 hos
200 2112 327 2136 meatus
337 2101 464 2138 deferri.
1130 2142 1135 2144 Α

166 2151 332 2186 Postremo
343 2151 603 2188 innumerabiles
626 2162 710 2201 pene
724 2153 890 2204 glandulas
909 2167 965 2192 aut
979 2156 1128 2192 vesiculas
1155 2160 1343 2194 racemat-im
1364 2158 1524 2208 dispositas

129 2201 164 2235 in
176 2198 299 2235 cellulis
312 2200 394 2236 cons
410 2204 449 2236 ici
464 2203 688 2237 test.1tutid‹>m
702 2205 827 2240 Auritor
841 2205 883 2241 D.
903 2204 1119 2254 Malpighitis‚
1134 2208 1188 2254 qui
1212 2206 1366 2244 viscerum
1388 2209 1525 2247 struun-

129 2261 197 2283 ram
208 2215 452 2293 diligenrissiine
466 2252 511 2286 est
525 2250 751 2300 persequutus,
769 2253 885 2302 easque
895 2248 1045 2291 extremis
1058 2254 1147 2291 fibris
1165 2256 1368 2292 &arteriolis
1382 2260 1523 2308 appendi

129 2298 233 2333 docet.
254 2298 339 2335 Cum
353 2311 389 2334 ex
408 2305 504 2336 certis
516 2297 706 2336 morborum
718 2302 890 2350 generibus
903 2308 1044 2353 corporis
1066 2303 1222 2353 glandulae
1239 2319 1354 2343 omnes
1382 2318 1521 2357 turgent,

130 2357 198 2382 tum
211 2352 350 2397 trajores
361 2351 475 2396 utique
489 2361 661 2385 cernuntur
673 2380 683 2395 ,
701 2363 737 2386 ut
754 2354 786 2387 in
802 2352 918 2401 puellae
934 2354 1020 2392 liene
1032 2353 1062 2390 se
1080 2352 1189 2390 vidiffe
1209 2353 1327 2390 scribit.
1353 2357 1420 2392 Hic
1433 2360 1521 2395 enim

128 2405 214 2433 totus
229 2396 408 2445 conspicuis
420 2398 562 2447 globulis
575 2397 694 2437 scatere
706 2401 787 2438 visus
802 2402 856 2439 eff,

286 2447 380 2496 Tora.
398 2450 447 2484 II.
1219 2453 1292 2503 Q‘l
1308 2466 1367 2504 qq
