1878 2724
43 208 120 250 ejus
139 203 176 238 -in
195 199 291 237 mille
313 199 473 236 anfra&us
493 204 527 238 &
543 212 642 249 gyros
661 202 719 248 qui
732 202 953 239 intestinorum
973 202 1220 240 convolutiones
1242 171 1428 252 imitamini?

52 256 171 301 majore
192 262 289 298 quam
311 253 344 284 in
363 250 430 285 ullo
446 252 578 285 animali
594 251 751 284 varietate
769 251 932 286 distin&us
947 265 1100 300 apparet:
1119 253 1176 288 bos
1203 257 1311 302 utique
1325 257 1428 291 reces-

47 299 97 336 fils
108 302 213 335 tenuis
226 298 412 334 membrana
425 298 578 347 succingit
590 326 600 342 ,
612 297 731 345 eosque
744 300 867 335 alluunt
881 300 952 336 vasa
964 304 1128 337 innumera
1141 331 1150 346 ‚
1166 315 1235 351 quae
1254 306 1343 339 miris
1356 319 1427 341 mo-

47 350 98 385 dis
123 352 247 383 intexta
263 346 386 397 ubique
413 347 614 397 sparguntur:
638 347 703 384 haec
726 350 837 396 utique
851 348 920 385 sunt
935 349 1107 399 copiosiora
1123 354 1157 386 in
1176 353 1359 388 ventriculis
1371 366 1428 389 ce-

50 396 144 433 rebri.

93 448 221 482 Omnes
233 446 281 482 illi
295 445 419 480 cerebri
431 447 504 494 gyri
517 450 550 482 &
564 446 726 483 anfraaus
736 458 802 482 non
816 457 855 480 ex
869 447 997 482 cinerea
1015 458 1152 492 tantum,
1164 448 1214 483 sed
1234 462 1272 485 ex
1295 450 1430 486 candida

51 495 150 530 etiam
164 496 307 531 constant
323 494 490 530 substantia
500 523 510 538 ,
524 496 614 543 iique
625 508 744 531 omnes
757 497 791 532 in
807 507 919 542 corpus
930 495 1078 532 callosum
1093 525 1103 540 ,
1113 509 1150 533 ut
1158 510 1277 533 vocant
1287 503 1344 541 ,&
1358 512 1428 534 me-

51 543 172 578 dullate
183 542 336 579 definunt.
356 543 457 592 Qod
469 544 602 591 quidem
615 556 652 579 ex
668 543 801 580 infinitis
813 542 939 578 fibrillis
950 557 1006 580 aut
1016 558 1187 581 nervorum
1204 546 1324 582 tubulis
1339 561 1430 583 com-

51 593 140 640 pingi
153 605 217 627 non
239 592 393 629 abhorret
409 593 437 627 ἐν
447 592 621 628 verisimili.
639 595 687 627 Ac
701 592 785 629 forte
796 604 904 628 earum
918 591 1070 629 fibrarum
1089 598 1181 644 origo
1196 597 1216 631 a
1229 595 1339 643 spiriah
1361 609 1431 631 me-

51 640 138 675 dulla
151 641 195 675 est
205 641 390 689 repetenda,
405 640 474 675 fere
485 653 520 675 ut
533 640 665 678 braffica
680 644 818 690 capitata
831 669 840 684 ,
855 654 886 677 v.
898 642 974 676 chou
981 643 1113 692 pomme',
1122 645 1180 679 ubi
1197 641 1330 680 fibrae'in
1342 657 1431 680 trun-

3 720 7 722 ,
51 700 92 723 co
107 689 312 738 conglobatae
326 691 360 724 in
378 689 459 725 folia
475 690 680 738 explicantur.
710 693 762 725 Sic
773 693 863 726 enim
882 689 968 727 fibrae
989 695 1023 727 in
1041 693 1208 727 medullari
1226 692 1311 741 spina
1330 694 1430 729 colle-

53 739 176 782 &ae,in
186 738 338 774 cerebelli
353 744 386 776 &
404 737 527 773 cerebri
549 738 750 774 substantiam
767 739 982 784 evolvuntur,
1000 747 1033 779 &
1049 744 1217 777 interiores
1231 741 1357 778 cerebri
1377 755 1430 778 ca..

47 788 171 822 vitares
183 816 192 831 ‚
207 786 259 822 seu
270 787 467 825 ventriculos
478 786 621 824 flexuoso
638 789 734 823 ductu
746 785 900 823 efficiunt.
1398 831 1402 835 μ

90 837 153 870 His
163 837 313 871 addamus
333 849 402 884 quae
419 836 438 872 ὲ
456 839 505 872 D.
520 838 671 872 Perrault
680 839 763 872 circa
774 837 942 872 cerebrum
957 836 1032 873 sunt‘
1045 836 1214 872 observata
1224 866 1234 882 ,
1246 849 1314 873 tum
1336 839 1369 873 in
1382 838 1434 874 hi-

57 884 152 919 storia
166 885 371 928 animalium,
394 897 463 932 quae
474 888 506 920 in
519 886 694 920 Academia
704 885 774 920 sunt
791 884 931 929 diffeeta,
948 898 1015 921 tum
1038 889 1071 921 in
1083 888 1218 922 tractatu
1236 887 1277 921 de
1296 887 1435 922 Mecha-

54 934 126 968 nica
143 933 335 968 animalium
356 932 623 969 10.Fibraeillaede
633 932 750 981 quibus
767 947 843 969 mox
858 935 992 970 diximus
1006 963 1016 978 ,
1036 937 1071 969 in
1088 933 1217 983 piscium
1235 933 1370 970 cerebro
1387 935 1434 971 sa-

56 983 96 1015 tis
114 981 183 1016 sunt
194 981 383 1032 conspicuae.
401 985 436 1017 ln
452 983 489 1017 iis
502 985 600 1018 etiam
612 982 781 1031 angustum
795 983 972 1019 admodum
989 983 1035 1018 est
1046 983 1233 1028 cerebrum,
1247 986 1294 1018 uti
1307 986 1340 1019 in
1361 997 1436 1020 om-

56 1028 151 1065 nibus
175 1030 243 1066 fere
259 1031 448 1066 animalibus
476 1042 548 1079 quae-
566 1030 643 1067 sunt·
666 1031 833 1066 ferociora.
860 1035 896 1067 In
926 1032 1103 1080 Crocodyli
1124 1028 1232 1080 capite
1252 1031 1437 1081 sesquipede

56 1077 178 1127 long0‚
195 1082 248 1115 vix
259 1079 390 1115 cerebri*
402 1081 557 1115 diameter
580 1092 649 1116 uno
665 1081 768 1129 digito
792 1080 886 1129 longa
907 1081 973 1116 visa
987 1080 1061 1116 fuit.
1084 1083 1120 1115 In
1138 1080 1254 1116 avibus
1271 1082 1353 1116 nulli
1366 1081 1437 1118 sunt

56 1127 219 1163 anfractus
237 1130 268 1163 in
282 1131 402 1164 extima
411 1127 536 1164 cerebri
550 1140 641 1176 parte
652 1156 662 1171 ,
677 1134 710 1165 δ’(
732 1129 902 1165 ventriculi
913 1130 1088 1165 admodum
1103 1129 1215 1165 exiles.
1225 1132 1261 1164 ln
1273 1131 1436 1167 Struthio-

58 1187 101 1210 ne
112 1190 146 1212 v.
160 1178 329 1212 Autruche
345 1177 446 1226 ampli
467 1183 500 1215 ὃς
519 1189 603 1225 pene
625 1188 660 1211 ut
680 1180 712 1212 in
732 1177 802 1211 aliis
815 1177 1008 1214 animalibus
1029 1178 1225 1213 conformati
1251 1191 1436 1228 appatuere.

59 1226 148 1261 Nam
158 1224 326 1261 cerebrum
340 1227 426 1273 quod
441 1229 474 1261 in
487 1225 559 1261 aliis
568 1224 680 1261 avibus
696 1226 739 1259 est
756 1228 896 1261 anterius
908 1255 918 1270 ,
932 1229 964 1262 in
982 1226 1061 1260 duos
1082 1226 1171 1261 velut
1188 1225 1283 1263 lobos
1295 1239 1351 1261 aut
1364 1241 1435 1276 par.

47 1270 108 1308 ‘res
121 1274 273 1309 dividitur
287 1290 295 1315 ς
310 1274 431 1322 duplici
450 1273 598 1322 &ampla
616 1277 757 1309 cavitate
771 1274 933 1310 instruitur
947 1304 957 1319 ,
971 1286 1046 1322 quie¹
1059 1278 1091 1310 in
1102 1287 1199 1310 unam
1224 1279 1437 1320 conveniunt,

59 1334 97 1356 ac
108 1324 236 1358 tertium
248 1324 461 1358 ventriculum
476 1322 617 1358 efficiunt
629 1334 648 1359 :⁴
660 1336 697 1358 ex
711 1336 778 1369 quo
799 1324 912 1359 duetus
932 1326 963 1359 in
981 1323 1136 1371 spinalem
1158 1323 1333 1359 medullam
1346 1337 1437 1374 patet

60 1371 187 1405 calamo
204 1370 368 1419 scriptorio
378 1384 442 1407 non
456 1371 616 1406 diffimilis
628 1401 638 1415 ,
655 1374 792 1407 omnino
802 1384 836 1407 ut
854 1375 888 1407 in
907 1375 1040 1407 terrenis
1055 1371 1280 1408 animantibus.

101 1433 129 1455 2.
154 1419 336 1456 cerebrum
357 1423 389 1455 in
402 1420 538 1468 piscibus
556 1422 712 1469 angustius
728 1421 774 1455 est
793 1433 890 1468 quam
903 1423 941 1457 in*
956 1421 1070 1456 avibus
1082 1451 1090 1465 ‚
1117 1421 1191 1456 licet
1212 1423 1318 1469 capite
1338 1422 1438 1472 longe

63 1472 185 1517 majore
203 1469 381 1513 donentur3
395 1472 430 1505 in
444 1471 569 1518 magnis
589 1469 725 1518 piscibus
740 1498 749 1512 ‚
763 1482 799 1504 ut
822 1472 853 1505 in
868 1470 982 1504 avibus
1000 1470 1174 1518 majoribus
1193 1470 1361 1506 cerebrum
1378 1471 1438 1506 suis

61 1517 248 1552 ventriculis
268 1519 450 1554 instructum
469 1521 616 1553 cernitur.
648 1521 758 1566 Major
781 1518 905 1553 cerebri
931 1531 1001 1566 pars
1016 1521 1047 1553 in
1068 1531 1186 1568 organa
1204 1518 1341 1554 olfaems
1358 1532 1438 1555 con-

63 1565 216 1610 sumitur,
233 1578 304 1602 cum
328 1569 419 1602 nervi
438 1569 537 1615 optici
552 1565 610 1601 fint
621 1568 758 1603 minimi.
779 1569 866 1602 Tota
884 1566 1007 1602 cerebri
1018 1566 1187 1602 substantia
1204 1569 1255 1614 pia
1273 1579 1374 1601 matre
1388 1571 1438 1604 in-

63 1613 195 1657 voluta,
210 1616 287 1650 dura
302 1627 403 1650 matre
417 1645 425 1658 ‚
440 1627 593 1662 tanquam
618 1615 707 1650 sacco
722 1615 943 1650 concluditur:
958 1614 1095 1663 spatium
1112 1616 1200 1663 quod
1217 1618 1304 1650 inter
1328 1617 1439 1653 duram

66 1665 251 1711 meningem
278 1669 312 1701 ὃς
336 1663 503 1698 cerebrum
528 1665 714 1712 interjacet,
735 1663 844 1698 oleoso
867 1663 1001 1698 humore
1019 1664 1191 1712 impletur,
1207 1663 1441 1700 cui'cerebrum

65 1711 306 1758 quafiinnatat:
326 1712 467 1747 olfistus
487 1724 606 1760 organa
616 1724 652 1747 ut
665 1715 697 1747 in
707 1715 828 1746 caeteris
848 1713 1066 1748 animantibus
1086 1721 1126 1747 ex
1145 1715 1320 1748 innumeris
1336 1727 1442 1749 mem-

64 1758 170 1794 branis
181 1772 332 1808 tanquam
353 1760 435 1796 foliis
447 1772 686 1807 componuntur
701 1790 710 1804 ‚
730 1773 830 1807 eaque
855 1763 910 1796 ovi
931 1762 1070 1796 formam
1094 1762 1249 1797 referum
1283 1761 1441 1797 Proceffus

65 1808 191 1842 cerebri
209 1810 440 1844 Mammillares
456 1810 534 1844 disti
544 1838 553 1853 ,
567 1822 604 1843 ex
618 1808 734 1856 quibus
748 1809 800 1844 illa
815 1808 904 1844 velut
919 1823 982 1844 ova
995 1810 1166 1858 pendent',
1183 1809 1283 1858 ampli
1304 1809 1374 1845 sunt
1385 1839 1394 1852 ‚
1409 1817 1443 1848 &

67 1859 141 1890 cavi
162 1858 262 1892 instar
283 1859 417 1906 duplicis
433 1857 603 1893 ventriculi
619 1872 627 1893 :
651 1870 686 1892 ut
703 1860 734 1893 in
753 1870 872 1906 genere
886 1859 1123 1908 quadrupedum
1136 1860 1306 1894 cernimus.
1326 1860 1388 1893 Sed
1402 1861 1443 1894 de

68 1904 116 1939 his
127 1904 199 1941 satis
213 1920 221 1941 :
235 1906 360 1955 reliqua
380 1910 466 1944 enim
479 1908 517 1941 ad
532 1909 739 1941 Anatomicos
757 1909 932 1954 pertinent.
956 1904 1054 1943 Nunc
1066 1910 1119 1954 qui
1140 1906 1208 1942 sunt
1221 1909 1370 1955 praecipui
1389 1921 1445 1943 ea-

68 1965 139 1988 rum
149 1957 286 2001 partium
296 1956 364 1990 usus
373 1985 382 1999 ‚
396 1969 463 2002 quae
482 1954 625 1991 sensuum
640 1957 826 1990 interiorum
839 1964 959 2004 organa
972 1985 981 1998 ,
999 1957 1191 2003 conje&uris
1209 1955 1445 2003 persequamur.

69 2002 133 2036 Sed
144 2005 227 2049 prius
239 2003 364 2038 cerebri
376 2004 444 2038 vasi
459 2033 467 2045 ,
478 2016 546 2038 tum
569 2004 651 2039 illius
667 2016 771 2052 partes
787 2016 825 2039 ex
840 2003 946 2053 figuris
960 2004 1004 2039 ab
1014 2003 1163 2042 Vvillifio
1173 2006 1298 2041 eximio
1316 2006 1445 2041 Anato-

69 2052 157 2085 mico
176 2051 342 2086 delineatis
357 2051 577 2100 subjiciamus>
621 2099 624 2101 Β

142 2145 233 2181 Rima
250 2147 361 2195 figura
376 2145 472 2191 bafim
495 2147 632 2187 cerebri,
649 2160 712 2194 quae
736 2148 879 2182 medulla
898 2148 1067 2198 oblongam
1090 2153 1355 2192 vocitatur,cum
1375 2161 1446 2184 ner.

141 2207 252 2230 vortam
272 2196 543 2241 conjugationfbm
558 2209 621 2242 qua
638 2197 709 2231 hinc
728 2196 798 2230 fnde
819 2199 964 2232 oriuntur
983 2199 1080 2244 ‚finis
1102 2209 1176 2247 apte
1185 2201 1339 2243 exprimit
1356 2199 1445 2231 Ner-

76 2246 190 2290 visitis
211 2248 345 2280 numeris
365 2242 592 2291 infigm'nntur.
611 2246 704 2279 Nam
722 2258 731 2280 ι
749 2273 759 2288 ,
774 2244 812 2279 &⁹
837 2257 849 2279 1
865 2274 874 2289 ‚
892 2256 954 2289 par
967 2248 1126 2295 primum‚·
1156 2260 1187 2291 ι,
1213 2246 1250 2280 &⁹
1265 2261 1282 2281 2
1298 2273 1306 2284 ,
1323 2256 1387 2293 par
1390 2248 1447 2291 fi-

76 2296 210 2328 cundum
227 2295 391 2340 defiffnant
402 2321 410 2335 ‚
425 2292 463 2326 &⁴
477 2298 522 2326 ira
531 2292 570 2326 de
580 2295 720 2339 reliquis.
891 2292 899 2296 ”

113 2343 178 2378 Sub
204 2340 402 2388 infimlibislo
420 2342 450 2374 Ο
478 2343 536 2376 duo
549 2343 627 2387 fitnt
643 2342 818 2376 carotidum
832 2346 939 2378 trunci
958 2342 1084 2390 abftiffi.
1110 2342 1164 2375 Hi
1182 2355 1284 2377 ramos
1301 2345 1450 2377 emittunt

79 2394 267 2432 anteriores,
291 2404 358 2427 tum
372 2392 551 2426 limitaneos
571 2392 607 2424 D
619 2417 628 2430 ,
653 2388 692 2425 (ῥ’
711 2391 747 2424 D
762 2417 773 2430 ,
790 2391 984 2440 dextrotficm
996 2419 1006 2432 ,
1033 2391 1072 2429 eff
1080 2391 1286 2438 finistrorsum
1302 2408 1311 2434 3
1327 2402 1393 2426 tum
1405 2391 1450 2426 ad

1178 2442 1261 2475 Rrr
1282 2442 1303 2487 ij
