1878 2724
517 125 888 169 TRACTATUS
925 127 1169 170 PRIMUS.
1516 138 1544 173 iz

139 190 242 226 alteri.
284 183 521 222 authoritatem
540 182 571 217 se
582 181 811 218 contulerunt,·
831 192 891 215 nec
906 179 954 214 fas
973 178 1034 216 sibi
1052 180 1113 218 effe
1132 181 1335 218 crediderunt
1349 185 1391 219 ab
1413 186 1447 219 iis
1460 197 1543 233 quos

140 237 240 277 seme*
253 234 480 289 probaverunt
494 261 503 275 ,
521 230 695 267 discedere.

178 290 235 325 Par
246 315 252 320 .
265 298 311 320 *ni
322 281 472 333 Physices
483 282 664 318 historicam
680 280 874 316 Aristoteles
885 279 993 315 multis
1006 279 1096 315 libris
1108 281 1297 331 exposuit,tit
1306 282 1397 318 libris
1410 283 1477 330 5.de
1493 296 1547 332 ge-

144 346 327 379 nere-uene,
339 344 479 380 qmiuor
493 332 534 366 de
551 329 695 380 partibus
707 358 718 373 ,
732 329 847 365 decem
867 331 906 364 de
922 330 1051 365 historia
1067 331 1258 367 animalium
1279 345 1286 366 :
1305 345 1340 367 ut
1360 333 1440 368 alios
1454 336 1548 369 omit-

147 399 230 428 tam,
250 385 307 428 qui
328 383 377 417 illi
390 380 491 417 tribui
501 380 606 415 solent
618 409 626 422 ,
650 380 691 413 de
701 379 819 428 plantis
835 384 868 416 ὃ(
884 380 923 414 de
935 378 1139 415 mirabilibus
1153 393 1284 417 naturae.
1305 384 1400 417 Hanc
1413 384 1550 430 quidem

148 432 367 482 Philosophia:
388 442 514 479 partem
525 429 618 465 multi
636 429 708 477 post
732 428 942 464 Aristotelem
959 427 1150 477 Philosophi
1171 430 1360 474 coluerunt,
1382 443 1417 465 ut
1437 431 1550 466 Theo-

150 483 296 535 phrastus
309 487 377 530 ejus
388 478 559 528 discipulus
571 507 580 521 ‚
601 480 690 512 inter
702 479 835 512 Latinos
847 477 970 512 Plinius
990 476 1142 512 secundus
1159 507 1169 521 ,
1196 484 1230 516 &
1250 479 1304 513 alii
1322 479 1462 528 plurimi.
1489 481 1552 515 Sed

150 533 258 571 nostra
283 541 381 565 aetate
405 540 524 563 naturae
549 526 683 560 historia
700 536 828 560 tanturn
849 527 1088 560 incrementum
1112 530 1198 573 cepit
1215 557 1223 570 ,
1259 527 1360 577 Regis
1382 528 1556 577 praesertim

153 577 415 619 Christianiffimi
430 604 439 618 ,
460 580 493 612 &
511 574 650 610 aliorum
661 576 849 622 Principum
864 572 1084 610 munificentia
1099 603 1109 618 ,
1124 586 1159 610 ut
1171 578 1253 612 intra
1266 589 1443 624 paucorum
1455 590 1556 614 anno-

155 644 228 667 mm
253 627 271 662 s
286 629 389 709 atilum
403 622 532 674 longius
556 625 713 674 proved-ta
725 623 826 659 fuerit
845 653 855 669 ,
878 623 1110 673 &diligentius
1122 625 1384 674 exculta‚quam
1404 626 1557 663 omnibus

153 689 242 716 setro
272 687 379 710 ecuis.

191 729 325 764 Partem
343 722 482 759 alteram
500 721 651 771 Pliysices
665 724 764 758 variis
780 721 871 758 libris
893 723 1105 773 pertrait-avit
1119 723 1308 760 Aristoteles
1322 754 1331 769 ,
1355 738 1492 774 qnorum
1508 725 1563 761 alii

153 775 401 817 'Acroamatici5
425 771 478 808 seu
507 772 742 808 Auscultatorii
771 773 875 817 dieii,
909 771 999 821 quod
1029 784 1071 807 eo
1107 772 1192 822 stylo
1218 774 1388 823 conscripti
1423 775 1562 818 fuerint,

156 828 216 875 qui
241 826 353 861 vivam
375 823 582 872 praeceptoris
606 835 726 858 vocem
751 822 930 871 postularet
944 852 953 866 ‚
992 827 1027 859 ὅ(
1048 821 1266 870 explicatione
1295 826 1458 874 indigeret
1480 842 1489 869 3
1510 824 1564 859 alii

160 877 311 911 dicuntur
318 873 502 916 Exoterici‚
519 871 570 906 seu
583 872 773 921 populares,
790 873 848 919 qui
864 885 933 908 non
947 872 1032 906 adeo
1046 873 1207 909 intentum
1225 875 1382 918 animum,
1395 886 1449 910 aut
1459 885 1566 909 acrem

161 925 385 960 attentionem
403 923 542 970 exigunt
554 949 564 965 ‚
586 924 674 969 iique
692 920 758 956 sola
774 921 919 958 lechone
935 922 1169 970 percipiuntur.

198 972 465 1010 Acroamatiei&
480 967 680 1006 difficiliores
699 970 803 1006 solent
817 974 850 1007 in
868 971 994 1007 Scholis
1017 982 1055 1005 ex
1081 970 1171 1006 licari
1184 1001 1194 1015 ,
1214 975 1302 1022 iique
1317 974 1369 1009 vel
1382 974 1569 1024 generalem

158 1020 336 1071 *Phyficam
368 1019 656 1068 complectuntur,
689 1031 727 1055 ut
749 1023 783 1057 8„
807 1020 883 1056 libri
910 1021 951 1055 de
975 1020 1041 1069 phy
1057 1028 1107 1054 ico
1135 1022 1248 1057 auditu
1274 1040 1285 1066 ·,
1309 1024 1374 1059 duo
1392 1024 1505 1059 itidem
1530 1024 1570 1058 de

164 1083 262 1115 ortu,
275 1072 325 1118 L&
343 1072 479 1105 interitu
509 1082 517 1104 ε
546 1071 583 1105 l'n
603 1069 653 1104 liis
670 1072 759 1105 enim
777 1082 850 1117 quae
867 1070 907 1105 ad
928 1080 1138 1105 communem
1158 1075 1302 1120 corporis
1326 1075 1478 1109 notitiam
1498 1085 1571 1123 per-

167 1124 294 1163 tinent,
315 1130 353 1154 ex
379 1117 536 1153 lanantur-
569 1118 635 1153 Vel
660 1119 699 1152 ad
720 1118 894 1166 specialem
917 1132 1028 1154 eorum
1046 1119 1278 1156 tra&ationeni
1294 1121 1491 1158 descendunt
1510 1137 1517 1157 ι
1539 1133 1575 1156 ιιι

168 1181 307 1219 quatuor
332 1131 405 1202 ligii
423 1168 464 1202 de
485 1166 596 1211 coelo‚
621 1178 762 1215 quatuor
793 1169 909 1203 itidem
936 1167 1277 1216 Meteorologicorum
1299 1200 1307 1214 ,
1340 1182 1402 1208 tres
1432 1171 1507 1206 libri
1533 1172 1574 1206 de

171 1221 290 1254 anima.
305 1216 441 1264 Reliqui
461 1228 576 1250 omnes
589 1218 644 1264 qui
664 1219 826 1251 Exoterici
838 1245 848 1260 ‚
867 1222 900 1253 &
923 1215 1094 1265 populares
1112 1220 1307 1263 vocitantur,
1323 1231 1465 1265 quorum
1483 1219 1575 1256 intel—

171 1267 276 1303 leatus
299 1265 405 1302 facilis
430 1265 474 1300 est
491 1294 500 1308 ,
529 1278 597 1300 non
615 1265 785 1300 traduntur
803 1267 836 1300 in
855 1265 982 1300 Scholis
1001 1262 1055 1299 nisi
1075 1262 1162 1302 forte
1175 1278 1212 1301 ex
1237 1266 1401 1304 occasione
1421 1284 1428 1305 ε
1448 1281 1484 1304 ιιι
1507 1281 1577 1316 quae

172 1329 274 1366 parva
300 1314 458 1352 naturalia
477 1315 624 1350 dicuntur
637 1343 647 1358 ,
664 1315 704 1348 de
723 1313 856 1352 sensu&
875 1313 1032 1357 sensibili,
1057 1314 1098 1348 de
1109 1318 1270 1350 memoria
1286 1346 1296 1359 ,
1316 1322 1350 1353 &
1368 1318 1576 1354 reminiscen,

173 1369 239 1409 tia,
258 1365 298 1400 de
319 1364 433 1400 somno
459 1369 492 1401 &
512 1363 625 1413 vigilia
644 1393 655 1408 ,
688 1365 729 1398 de
745 1362 916 1400 insomniis
936 1394 946 1409 ,
967 1365 1008 1398 de
1027 1362 1143 1399 incessu
1163 1365 1350 1401 animalium
1365 1396 1373 1410 ‚
1398 1369 1439 1402 de
1459 1371 1524 1402 vira
1545 1373 1578 1404 &

178 1426 287 1452 morte
305 1444 314 1458 ,
346 1415 386 1448 de
409 1414 617 1462 respiratione
636 1442 646 1456 ‚
678 1419 711 1450 &
736 1413 791 1448 alii
821 1414 912 1461 hujus
935 1413 1064 1463 generis
1076 1440 1094 1455 ,i
1119 1416 1178 1461 qui·
1199 1415 1239 1449 ad
1261 1414 1363 1450 libros
1388 1418 1428 1451 de
1449 1420 1577 1460 anima,

179 1476 217 1501 ut
242 1463 440 1512 appendices
466 1463 615 1509 quaedam
644 1474 850 1499 revocantur.

216 1515 292 1550 Nos
304 1511 345 1547 ab
366 1511 541 1548 Aristotelis
566 1511 684 1547 ordine
711 1517 745 1549 &
770 1512 918 1548 doeh-ina
942 1512 1043 1561 quam
1064 1511 1236 1548 minimiim
1269 1512 1338 1550 fieri
1363 1518 1509 1564 poterit,
1529 1528 1581 1550 re-

179 1563 330 1600 cedemus
346 1590 356 1606 ,
375 1573 411 1596 ac
433 1571 497 1595 tres
512 1563 546 1596 in
567 1572 674 1608 partes
694 1561 862 1609 Physscam
878 1561 1067 1598 tribuemus,
1091 1564 1197 1597 Prima
1214 1575 1286 1610 quae
1302 1569 1335 1601 &
1353 1564 1516 1613 generalis
1531 1566 1583 1599 di-

133 1614 136 1617 ’
183 1614 214 1647 ci
226 1611 333 1659 potest
351 1639 361 1653 ‚
384 1611 541 1657 principia
559 1613 592 1645 &
607 1608 795 1644 affefflones
815 1622 987 1658 corporum
999 1610 1247 1659 complectetur.
1270 1614 1417 1647 Secunda
1433 1615 1473 1648 de
1486 1612 1582 1649 rebus

183 1663 260 1698 vitae
271 1657 458 1708 expertibus
475 1658 584 1693 futura
595 1657 640 1692 est
652 1687 662 1702 ,
689 1661 786 1692 tertia
803 1659 844 1693 de
866 1657 1063 1694 viventibus.

233 1712 348 1754 Itaque
369 1718 439 1755 pars
462 1706 548 1753 liujus
571 1708 723 1754 tripartiti
743 1709 851 1756 operis
872 1708 963 1755 quod
987 1708 1140 1742 molimur
1160 1709 1264 1754 prima
1289 1710 1365 1744 octo
1393 1709 1492 1745 libros
1512 1712 1586 1746 Ari-

187 1756 310 1795 storelis
322 1756 362 1790 de
376 1754 504 1804 physica
517 1753 748 1791 auscultatione
761 1786 770 1800 ,
788 1756 869 1791 duos
887 1757 1002 1791 itidem
1021 1757 1061 1792 de
1070 1758 1282 1806 generatione
1298 1787 1307 1800 ,
1325 1757 1488 1807 physicam
1502 1761 1585 1794 adeo

189 1805 378 1857 generalem
392 1804 586 1840 continebit.
605 1808 641 1840 In
656 1803 792 1840 secunda
802 1807 842 1841 de
857 1808 1019 1842 Meteoris
1037 1811 1071 1843 «Sc
1094 1804 1270 1849 fossilibus,
1294 1819 1354 1841 nec
1375 1821 1442 1843 non
1459 1810 1500 1843 de
1521 1822 1586 1844 (σε-

190 1858 226 1894 lo
239 1858 306 1891 imo
320 1860 352 1891 δέ
366 1854 406 1888 de
423 1853 541 1903 plantis
553 1853 748 1890 differemus.
770 1857 904 1899 Tertia,
925 1868 996 1903 quae
1013 1856 1053 1889 ad
1075 1867 1188 1903 corpus
1216 1867 1395 1892 animatum
1415 1857 1564 1906 speRaiir
1577 1888 1586 1901 ‚

191 1904 436 1953 complectetur.
452 1906 526 1940 Pars
543 1915 741 1954 unaquaeque
770 1906 805 1941 in
817 1908 924 1942 varios
944 1906 1099 1941 ιιειᾶὶειωε
1110 1903 1320 1941 distribuetur
1334 1934 1345 1950 ,
1374 1919 1411 1942 ut
1425 1909 1458 1943 in
1472 1907 1588 1943 unius-

195 1954 348 2003 cujusque
361 1953 498 1990 exordio
511 1953 663 1992 dicemus·
