1930 2766
352 158 376 190 4
740 146 1000 183 PHYSICAE
1043 150 1365 189 GENERALIS

387 195 465 228 Haec
478 224 486 237 ‚
506 196 637 240 inquam
652 222 661 237 ‚
681 207 748 230 non
762 196 891 230 obstant
911 198 1083 242 quominus
1100 208 1255 239 natura&
1265 215 1313 238 ars
1324 204 1460 240 rnulturn
1471 206 1554 242 inter
1572 207 1603 244 se
1618 208 1736 245 disere:

347 255 428 291 peut
442 254 450 276 ε
464 242 554 291 quod
567 256 614 277 ars
626 244 767 280 humana
781 244 880 287 nihil,
901 242 920 278 si
934 248 1064 293 proprie
1075 247 1164 295 loqui
1187 252 1334 287 volumus
1345 282 1354 298 ,
1373 253 1492 290 efficiat
1503 285 1512 299 ,
1537 255 1589 292 sed
1604 269 1734 296 tantum

349 304 455 326 motus
472 304 589 327 uaturae
609 293 735 342 dirigat.
766 295 928 342 Qamvis
944 306 1062 329 naturae
1076 308 1175 343 opera
1188 327 1198 341 ‚
1222 303 1334 336 eadem
1354 315 1486 350 quoque
1503 306 1654 342 artefaeta
1669 308 1734 344 dici

347 340 481 390 possint,
496 341 516 375 si
538 355 611 376 cum
623 354 692 376 arte
701 342 812 378 divina
823 340 1050 391 comparentur
1065 344 1201 380 :verum
1216 349 1321 383 dehis
1337 351 1415 386 alibi
1432 351 1539 390 fusius.
1551 357 1650 391 Nunc
1660 369 1732 406 qut:

347 403 458 426 contra
471 391 608 426 nostram
627 391 666 426 de
684 391 818 439 objecto
833 391 979 443 Physices
993 393 1188 433 sententiam
1202 395 1301 444 objici
1317 397 1419 435 solent
1441 430 1452 445 ,
1476 403 1655 441 videamus.

832 493 1023 530 Dilmmtur
1040 491 1233 536 objeffiones.

383 590 469 638 Opp.
484 604 505 624 1.
519 591 600 625 Non
617 601 731 638 corpus
747 590 849 626 modo
860 590 1003 626 naturale
1016 620 1025 634 ,
1046 589 1097 626 sed
1118 594 1218 626 etiam
1236 605 1334 628 omne
1351 605 1407 629 ens
1421 605 1611 643 corporeum
1623 623 1634 639 ,
1651 599 1733 634 &il-

342 637 402 672 lius
414 638 602 673 affieriones
621 637 749 687 Physica
761 639 948 677 considerat.
975 643 1065 677 Nam
1079 646 1111 677 &
1126 643 1294 676 materiam
1312 641 1481 690 separatim
1493 673 1502 687 ,
1516 650 1549 680 &
1565 644 1705 681 formam
1718 662 1734 689 ,·,

340 700 490 722 motuum
504 700 584 723 item
598 687 685 737 leges
699 717 709 731 ,
731 694 764 725 &
781 691 995 738 proprietates
1013 718 1024 732 ‚
1054 702 1152 738 atque
1160 691 1222 725 alia
1235 690 1329 740 hujus
1340 695 1466 741 generis
1481 695 1645 728 innumera
1656 707 1734 743 per-

333 735 484 784 sequitui·
505 750 512 771 :
533 750 609 787 ergo
626 737 763 786 Phyficae
782 739 950 787 objeehirn
964 752 1030 775 non
1045 740 1092 774 est
1112 752 1226 789 corpus
1245 738 1391 776 naturale
1405 771 1415 786 ‚
1431 754 1488 778 aut
1502 741 1664 788 sensibile,
1677 743 1732 780 sed

333 798 397 820 ens
414 800 512 822 omne
533 787 692 824 naturale.

372 835 539 885 Resp.dist.
552 848 620 873 ant.
640 836 770 886 Physica
782 851 850 873 non
864 837 968 874 solum
983 850 1096 888 corpus
1117 839 1286 884 naturale,
1315 840 1366 876 sed
1391 841 1492 876 etiain
1518 841 1673 889 quidquid
1687 841 1731 877 est

333 897 526 933 corporeum
540 915 548 929 ,
573 887 830 936 contemplatur,
854 900 1013 936 quatenus
1024 889 1064 923 ad
1076 900 1191 937 corpus
1206 890 1353 925 naturale
1366 892 1527 939 pertinet,
1542 890 1594 925 vel
1604 901 1638 925 ut
1646 893 1730 939 prin-

335 936 470 981 cipium,
488 935 543 970 vel
562 947 597 969 ut
609 935 885 985 illius'proprietas
899 968 909 983 ,
930 941 1012 975 C.ut
1022 936 1115 973 nullo
1127 939 1229 974 modo
1238 940 1280 974 ad
1294 952 1408 988 corpus
1422 939 1567 975 naturale
1587 938 1728 988 speaat,

335 984 387 1019 N.
404 985 438 1019 ld
452 984 605 1032 verojam
619 985 691 1020 satis
707 987 754 1021 est
768 987 984 1035 explicatum.
1359 1009 1363 1014 -

374 1033 458 1082 Opp,
475 1049 503 1069 2.
516 1034 631 1069 Multae
645 1035 716 1069 aliae
736 1035 908 1084 disciplina>
921 1039 1006 1075 circa
1013 1048 1128 1086 corpus
1137 1035 1283 1071 naturale
1303 1048 1501 1085 occupantur
1513 1067 1522 1080 ‚
1545 1049 1581 1073 ut
1594 1051 1642 1073 ars
1656 1050 1728 1074 me.

332 1081 432 1117 dendi
443 1112 453 1127 ,
473 1095 546 1130 quae
568 1097 633 1119 non
645 1083 747 1119 modo
755 1088 837 1119 circa
851 1086 1031 1122 humanum
1044 1098 1161 1135 corpus
1179 1084 1331 1129 versatur,
1343 1086 1395 1120 scd
1407 1092 1440 1122 &
1453 1086 1648 1133 plantarum,
1657 1090 1727 1124 imo

331 1133 576 1176 &animalium
591 1133 747 1168 foffilium
758 1147 890 1181 quoque
908 1147 1036 1170 naturas
1047 1164 1058 1180 ‚
1107 1145 1192 1170 artes
1203 1163 1213 1177 ‚
1235 1140 1269 1170 &
1292 1137 1507 1182 proprietates
1523 1135 1727 1184 contempla-

331 1192 389 1216 tur.
408 1183 466 1216 Ars
478 1181 644 1230 Chymica
659 1195 726 1229 quae
745 1183 847 1217 mixta
866 1186 1049 1231 corporain
1072 1148 1121 1219 [Ξῆ
1132 1184 1289 1231 principia
1311 1182 1443 1218 resolvit
1456 1212 1465 1226 ,
1479 1183 1643 1219 elementa
1661 1184 1727 1234 ipsa.

331 1234 365 1265 &
377 1243 490 1264 eorum
502 1233 587 1265 vires
599 1230 787 1278 diligentius
802 1231 982 1266 considerat
996 1244 1048 1267 :ut
1057 1237 1208 1270 omittam
1221 1243 1326 1278 partes
1338 1232 1523 1266 Matheseos
1536 1246 1609 1279 quae
1619 1235 1726 1272 mixtae

330 1278 480 1313 dicuntur
490 1308 499 1322 ‚
514 1291 548 1314 ut
562 1280 790 1315 Methanicam
804 1307 813 1321 ‚
836 1293 905 1327 quae
915 1291 1067 1316 motuum
1089 1281 1198 1327 lege53
1214 1280 1458 1315 Astronomiam
1468 1308 1478 1323 ,
1502 1292 1572 1327 quae
1587 1279 1725 1317 fiderum‘

329 1340 458 1372 motus,
480 1334 513 1366 ὃς
532 1340 658 1363 naturas
676 1346 685 1372 ς
700 1331 858 1377 Opticam
870 1358 879 1373 ,
896 1329 1066 1378 quaevisfis
1086 1329 1277 1365 affeffiones
1292 1356 1301 1370 ,
1322 1331 1424 1363 varias
1436 1328 1564 1365 luminis
1582 1329 1722 1367 &colo-

329 1388 398 1412 rum
408 1381 623 1426 proprietates
638 1380 784 1425 inquirit.
800 1381 886 1428 Ergo
904 1377 1071 1429 obje&um
1094 1378 1241 1428 Pliyfices
1254 1390 1321 1414 non
1342 1379 1385 1413 est
1410 1390 1523 1427 corpus
1547 1378 1696 1414 naturale
1709 1407 1721 1425 ,

326 1439 380 1462 aut
402 1426 558 1463 sensibile.
674 1432 675 1435 ’
1718 1426 1722 1430 ”

366 1478 456 1526 ΚςΓρ.
466 1476 630 1526 Physicam
648 1490 762 1526 corpus
777 1477 924 1513 naturale
935 1507 944 1521 ‚
964 1477 1058 1513 utest
1070 1477 1216 1512 naturale
1225 1476 1441 1524 contemplari
1454 1493 1462 1520 3
1473 1476 1613 1524 reliquas
1627 1477 1724 1514 disci-·

323 1524 427 1573 plinas
440 1528 523 1561 circa
535 1527 622 1562 idern
636 1526 804 1575 objectum
822 1527 989 1562 materiale
1002 1525 1140 1570 versari,
1159 1526 1211 1561 sed
1231 1529 1266 1562 in
1284 1527 1384 1561 modo
1405 1525 1628 1570 confiderandi
1652 1526 1720 1563 dif-

324 1575 420 1611 ferre.
435 1579 486 1611 Sic
506 1576 661 1614 medendi
679 1589 727 1610 ars
745 1579 829 1611 circa
844 1589 959 1625 corpus
972 1575 1117 1611 naturale
1131 1587 1307 1624 occupatur
1322 1604 1332 1619 ,
1349 1587 1385 1609 ut
1408 1575 1451 1609 est
1473 1573 1627 1610 sanabile.
1656 1578 1718 1615 Ars

324 1624 486 1673 Chyrnica
504 1627 587 1660 circa
600 1637 713 1673 corpus
734 1628 871 1659 mixtum
886 1625 1052 1667 versatur,
1074 1636 1110 1659 ut
1132 1626 1212 1672 ignis
1231 1627 1264 1659 vi
1283 1627 1316 1659 in
1334 1626 1435 1658 varias
1447 1635 1552 1671 partes
1569 1623 1719 1671 diffolvi,

321 1685 378 1708 aut
402 1687 440 1709 ex
461 1687 502 1710 eo
521 1678 610 1708 varia
629 1675 669 1708 ad
693 1676 770 1709 vitae
789 1673 939 1709 humanae
955 1673 1024 1709 usus
1047 1686 1147 1722 opera
1162 1672 1248 1708 effici
1267 1672 1403 1721 poffiint.
1431 1673 1552 1708 Eadem
1571 1672 1617 1708 est
1630 1677 1724 1715 ratio'

322 1724 538 1759 Astronomiae
552 1751 560 1764 ,
574 1726 714 1770 Optices
725 1723 965 1764 ,Mechanices-
984 1725 1046 1757 Hae
1058 1724 1180 1770 quippe
1190 1720 1362 1769 disciplinae
1382 1734 1422 1756 ex
1437 1719 1569 1770 Phyfica
1585 1723 1720 1769 prodie⁴

321 1784 396 1807 runt
409 1801 419 1816 ,
441 1772 483 1807 ab
495 1786 533 1808 ea
547 1771 638 1807 velut
649 1771 762 1805 altrice
773 1771 927 1820 pendent.
944 1770 1091 1820 Physic'es
1104 1772 1273 1819 quippeid
1287 1782 1401 1805 munus
1418 1771 1462 1804 est
1474 1770 1487 1813 ,’
1504 1783 1639 1806 omnem
1658 1785 1718 1808 na-

321 1833 399 1856 turae
413 1823 480 1856 vim
492 1827 525 1858 ὃ(
536 1819 819 1869 causasindagare:
836 1819 989 1856 Mathefis
1008 1823 1226 1869 quantitatem
1243 1818 1343 1855 solam
1358 1818 1545 1855 considerat.
1584 1821 1716 1870 Corpo-

319 1884 388 1905 rum
399 1870 575 1906 coelestiurn
587 1882 734 1904 naturam
746 1877 940 1906 &motuum
949 1873 1090 1905 rationes
1105 1868 1235 1917 Physica
1249 1868 1712 1914 contemplatur3Astrono‘mia

319 1919 446 1957 eosdem
463 1932 567 1955 motus
580 1921 721 1955 numeris
737 1919 947 1967 persequitur.
967 1922 1014 1953 Ex
1023 1932 1090 1967 quo
1103 1930 1210 1954 autem
1220 1918 1268 1952 hae
1288 1917 1457 1966 disciplinae
1472 1920 1502 1951 in
1512 1917 1604 1953 >suum
1617 1919 1711 1955 velut

319 1984 433 2017 corpus
445 1969 512 2005 suut
525 1970 669 2003 adduc‘tae
680 1998 689 2012 ‚
704 1968 879 2017 plurimum
892 1970 992 2003 auetae
1003 1969 1146 2004 fuerunt:
1162 1981 1202 2001 ‘ac
1216 1967 1352 2002 viciffim
1363 1980 1482 2014 magno
1492 1966 1708 2016 Philosophia:

320 2019 458 2055 naturali
478 2018 548 2054 sunt
566 2030 768 2054 ornamento.
798 2020 862 2052 His
885 2020 974 2053 enim
991 2019 1159 2061 destituta,
1180 2015 1309 2065 litigosa
1329 2017 1394 2060 est,
1423 2019 1534 2064 jejuna
1554 2021 1589 2053 &
1609 2017 1708 2066 plane

317 2068 452 2113 sterili53
473 2072 582 2104 nervis
601 2067 735 2114 quidem
752 2067 922 2111 affinem,
947 2067 1000 2102 sed
1014 2079 1099 2116 pene
1123 2068 1272 2115 exanguis
1292 2066 1433 2101 videtur.

349 2118 485 2163 Instant.
504 2117 687 2164 Objesturn
695 2116 869 2159 materiale·
879 2115 974 2151 latius
987 2129 1079 2165 patet
1090 2115 1223 2163 objeffl)
1234 2114 1366 2151 formali
1387 2128 1395 2149 ε
1416 2114 1467 2148 sed
1477 2126 1593 2161 corpus
1604 2126 1705 2150 omne

318 2170 361 2204 est
376 2167 615 2211 naturaiezerqo
628 2178 695 2201 non
706 2165 889 2213 corpus,'sed
905 2171 959 2201 e'ns
971 2165 1115 2201 naturale
1132 2165 1175 2199 est
1188 2163 1354 2211 objectum
1368 2163 1534 2198 materiale
1544 2162 1705 2210 Phyfices.

353 2218 546 2265 Responderi
555 2206 639 2262 filet
651 2214 721 2258 dist.
734 2225 804 2249 ant.
823 2214 935 2249 Latius
954 2227 1046 2262 patet
1063 2213 1229 2260 obieetum
1251 2213 1418 2250 materiale
1436 2212 1534 2259 quam
1564 2211 1703 2246 formale

317 2265 489 2301 secuudum
506 2264 646 2300 diversos
663 2262 1008 2298 confiderandimodos
1022 2292 1030 2305 ,
1055 2267 1093 2299 C.
1104 2261 1277 2299 secundum
1293 2276 1362 2298 rem
1381 2260 1480 2309 ipsam
1495 2289 1505 2304 ,
1523 2261 1571 2294 N.
1597 2260 1700 2306 Qiod

318 2317 428 2363 :itique
441 2314 565 2351 facilius
579 2314 622 2349 cst
636 2312 737 2362 quam
747 2323 782 2348 ut
801 2312 1016 2361 explicatione
1041 2314 1191 2362 indigeat.
