1878 2724
368 157 428 198 672
913 149 939 184 P
958 148 992 185 H
1009 142 1041 185 Ῡ
1056 148 1080 183 S
1097 145 1113 183 Ῐ
1133 145 1164 182 C
1180 146 1223 182 ΔΕ

367 204 533 236 mittentes
549 206 583 238 ὅ(
595 201 736 235 tertianae
748 199 888 233 maxime
904 201 936 233 in
950 199 1087 233 isterum
1103 195 1254 232 desinunt
1271 207 1281 232 τ
1304 204 1373 231 tum
1393 193 1482 231 enirn
1497 205 1589 245 parte
1607 196 1774 248 sanguini&

367 249 525 285 subtiliori
537 261 574 283 ex
589 250 690 283 n{mia
703 247 822 284 effirvr
832 247 949 282 scentia
963 245 1085 282 difflrita
1099 275 1109 290 ‚
1126 244 1253 281 craffior
1265 245 1390 293 sanguis
1407 258 1574 290 remanet,
1601 250 1655 294 qui
1670 261 1768 298 angu-

368 299 440 334 stias
450 297 594 332 vasorum
610 297 709 331 libere
720 300 833 346 nequit
845 298 1033 346 pervadere.
1052 297 1142 332 Hinc
1151 294 1390 331 obstruCtiones
1404 293 1486 331 fiunt
1495 323 1505 338 ,
1514 307 1575 330 nec
1586 294 1766 345 sanguis‚ut

367 359 424 395 par
433 347 479 380 est
497 375 506 389 ‚
521 345 586 380 bile
598 345 648 381 sua
660 358 864 394 expurgatur.
882 348 961 381 Haec
973 347 1007 381 in
1017 355 1124 394 partes
1138 344 1252 380 solidas
1263 342 1362 379 effusa
1374 372 1384 387 ‚
1401 357 1454 379 eas
1466 344 1521 379 suo
1531 344 1641 379 colore
1651 345 1766 384 inficit.

365 394 434 430 Sub
449 397 579 430 initium
596 388 729 431 morbus
746 394 824 443 saepe
832 407 887 430 aut
897 407 954 443 per
968 397 1138 438 vomitum,
1150 406 1204 430 aut
1215 405 1272 442 per
1285 392 1435 430 secessum
1449 392 1582 429 solvitur
1592 423 1602 437 ‚
1622 407 1696 431 cum
1706 408 1766 431 va..

365 442 396 479 sa
409 443 534 479 biliaria
547 443 774 481 vehementius
794 442 928 482 succuffa
943 443 1182 480 obstructiones
1199 444 1386 491 expediunt.
1411 443 1475 479 Sed
1489 441 1600 491 saepius
1621 445 1764 480 medica-

364 494 455 528 mina
467 522 476 537 ‚
498 505 553 528 aut
569 496 653 528 acria
665 522 674 537 ‚
687 507 743 528 aut
759 493 835 529 salsa
846 523 854 537 ,
864 506 921 529 aut
933 506 1038 528 arnam
1052 499 1086 531 δε
1100 494 1321 540 detergenda,
1350 498 1384 530 διε
1402 505 1440 527 ea
1451 495 1594 528 maxime
1617 506 1687 540 quae
1701 493 1765 530 fiale

365 541 492 577 volatili
502 541 673 578 abundant
686 572 695 585 ‚
709 556 847 590 quaeque
857 542 1042 592 sanguinein
1058 543 1195 578 fundunt
1206 571 1215 585 ,
1232 548 1265 579 &
1288 553 1470 583 extenuant
1480 570 1490 585 ‚
1504 553 1541 576 ut
1559 543 1671 577 stercus
1691 546 1764 578 ovi-

364 604 445 628 num
458 622 468 636 ‚
483 592 665 627 anserinum
685 595 760 628 vino
784 591 923 628 infusum
936 621 946 635 ‚
971 597 1006 629 &
1025 591 1221 641 ch.ilybeata
1234 621 1243 635 ‚
1262 603 1334 639 quae
1351 591 1583 627 obstructiones
1601 593 1761 636 reserant,

364 653 403 675 ac
417 639 604 689 sanguinem
616 654 794 690 expurgant
809 671 817 684 ,
831 642 903 676 huic
917 640 1036 677 inorbo
1059 641 1129 676 satis
1144 643 1298 690 pertinaci
1319 641 1502 677 medentur.
1534 643 1587 676 Sic
1607 641 1764 676 diuretica

362 702 505 736 quorum
520 691 608 724 idem
621 703 705 738 pene
721 692 764 725 est
775 707 784 724 r
794 690 831 727 ff
840 692 908 725 stus
920 720 929 734 ,
941 703 978 726 ut
991 691 1113 725 radices
1127 690 1317 726 chelidonia:
1330 694 1462 738 majoris
1476 719 1486 735 ,
1497 696 1530 728 &
1545 692 1654 725 urticae
1664 702 1763 726 uren-

366 741 404 773 ris
418 768 428 783 ,
443 739 552 773 utalia
566 742 716 774 omittam
733 742 920 784 innumera,
944 740 1092 775 adversus
1116 740 1200 775 hunc
1225 739 1384 775 morbumv
1402 740 1622 775 commendari
1648 739 1763 777 solent.

361 788 505 823 Eandem
521 787 565 822 ob
583 791 744 825 rationem
755 802 956 838 quaecunque
970 789 1032 824 sale
1051 789 1176 825 volatili
1190 789 1323 838 praedita
1336 790 1404 825 sunt
1415 817 1427 832 ‚
1444 789 1465 825 ὲ
1481 788 1647 824 veteribus
1663 791 1763 826 etiam

364 835 416 871 usu
428 842 462 873 δι
473 836 756 874 observationibus
771 839 896 875 edoffis
909 852 1070 887 praecepta
1081 841 1265 875 invenimus
1276 853 1284 876 ε
1297 849 1332 874 ut
1347 838 1494 874 contusas
1503 838 1761 887 millepedes,vel

362 884 477 920 asellos
501 885 602 934 vulgo
613 888 783 936 cloportes.
797 887 984 930 lumbricos,
999 889 1130 922 limaces
1144 887 1229 923 bene
1241 888 1424 931 mundatoe,
1436 889 1572 923 stercora
1584 889 1762 937 quadrupe-

363 934 442 969 dum
452 940 485 972 &
501 934 683 971 volatilium
695 941 729 973 &
739 935 800 970 alia
813 937 904 984 hujus
916 939 1044 985 generis
1057 935 1202 984 plurima.
1214 937 1366 983 Qiorum
1378 939 1526 972 omnium
1539 949 1603 971 una
1618 949 1702 984 pene
1717 938 1762 972 est

364 988 400 1019 δε
416 983 531 1019 eadem
541 986 635 1028 ratio,
653 997 688 1019 ut
703 984 864 1033 sanguinis
875 984 1244 1033 vigbr‚motus,partium
1256 987 1445 1028 tenuitas‚&
1460 983 1544 1019 fluor
1558 985 1760 1022 concilietur.

362 1034 418 1066 Sic
427 1034 513 1067 enim
527 1044 732 1068 excrementa
742 1033 793 1067 sua
803 1046 870 1068 non
887 1035 924 1068 in
939 1032 1016 1068 vafis
1033 1032 1102 1081 ipsis
1112 1046 1182 1080 quae
1192 1032 1424 1068 obstructiones
1436 1036 1562 1081 pariant
1571 1061 1581 1079 ,
1594 1033 1647 1068 sed
1661 1036 1696 1069 in
1704 1047 1759 1071 eas

364 1093 504 1129 quaeque
517 1092 624 1130 partes
633 1093 706 1128 quae
717 1081 790 1117 huic
798 1084 923 1117 muneri
937 1082 1085 1117 dicantur
1098 1111 1109 1126 ‚
1124 1083 1290 1117 amandat.

397 1132 520 1178 Neque
530 1130 594 1165 alia
603 1130 673 1172 fere
683 1130 728 1165 est
748 1131 902 1180 hydropis
924 1133 1007 1166 ratio
1021 1159 1030 1174 ‚
1048 1136 1081 1168 ὃς
1096 1133 1251 1180 praecipue
1262 1130 1366 1166 ascitis
1382 1145 1390 1168 ε
1410 1144 1485 1168 curn
1502 1130 1622 1167 scilicet
1639 1135 1760 1169 cavitas

359 1178 546 1215 abdominis
559 1179 647 1228 quasi
658 1179 728 1215 lacu
737 1180 903 1229 stagnante
919 1180 1080 1229 impletur.
1098 1183 1179 1218 Non
1198 1181 1300 1228 quod»,
1313 1192 1348 1216 ut
1365 1180 1466 1230 vulgo
1476 1182 1633 1216 creditum
1648 1183 1702 1227 est,
1715 1195 1758 1218 ex

361 1227 436 1263 laeso
448 1229 567 1278 hepate
583 1227 707 1276 semper
720 1231 849 1267 oriatur.
868 1232 956 1267 Nam
975 1232 1007 1265 in
1023 1228 1169 1266 diffeffls'
1182 1242 1222 1264 ex
1242 1229 1306 1264 hoc
1325 1229 1444 1266 morbo
1464 1230 1670 1266 cadaveribus
1689 1245 1758 1268 non

361 1289 436 1312 raro
460 1282 550 1326 jecur
582 1283 615 1315 &
644 1278 707 1314 lien
735 1290 824 1314 extra
846 1279 973 1328 culpam
995 1281 1214 1316 inveniuntur,
1257 1282 1301 1315 At
1323 1278 1434 1328 saepius
1462 1287 1574 1315 tamen
1594 1281 1646 1315 hic
1670 1294 1758 1317 mor:

363 1326 424 1361 bus
456 1339 495 1362 ex
534 1325 807 1363 obstructionibus
836 1328 984 1364 vasorum
1009 1358 1018 1373 ‚
1043 1327 1108 1365 sive
1134 1331 1167 1364 in
1197 1328 1315 1376 hepate
1334 1357 1343 1370 ‚
1379 1328 1443 1364 sive
1478 1331 1512 1364 in
1549 1328 1728 1366 abdomine
1745 1360 1757 1376 ,

361 1388 417 1410 aut
433 1389 472 1411 ex
491 1377 647 1425 sanguinis
662 1375 752 1425 ipsius
772 1390 871 1427 prava
892 1379 1122 1415 constitutione
1146 1377 1365 1426 proficiscitur.
1394 1379 1495 1417 Unde
1516 1380 1630 1414 icterus
1653 1381 1756 1416 inter.

361 1426 437 1461 dum
455 1428 488 1461 in
509 1426 691 1475 hydropem
703 1427 898 1476 degenerat:
916 1426 1041 1475 sanguis
1050 1426 1196 1476 aquosior
1210 1423 1244 1462 ui:
1262 1428 1442 1473 catharros,
1455 1430 1498 1463 ita
1509 1428 1692 1477 hydropem
1701 1427 1756 1465 sae.

361 1485 403 1522 pe
417 1486 569 1523 procreat
580 1504 589 1519 ‚
598 1488 674 1511 cum
683 1488 722 1510 ex
732 1479 922 1512 arteriarum
933 1474 1044 1513 osculis
1063 1475 1236 1513 laxioribus
1250 1475 1351 1512 effluit
1364 1507 1374 1521 ,
1387 1490 1447 1513 nec
1458 1490 1535 1512 eum
1549 1477 1669 1513 referre
1681 1478 1754 1527 pos-

360 1523 433 1559 sunt
453 1537 541 1559 venae
553 1538 561 1560 :
574 1525 659 1559 unde
672 1527 768 1560 autin
780 1529 866 1574 potis
878 1529 958 1562 cutis
968 1532 1002 1564 ὅ(
1014 1526 1226 1563 musculorum
1241 1527 1414 1562 interstitiis
1430 1527 1563 1576 stagnat,
1573 1537 1609 1561 ut
1626 1529 1659 1562 in
1675 1540 1755 1563 ana-

360 1572 456 1617 sarca,
470 1573 522 1608 seu
534 1576 567 1609 in
582 1586 665 1622 aqua
677 1576 835 1611 intercute
846 1579 959 1611 evenit
971 1592 980 1619 3
990 1589 1045 1612 aut
1060 1579 1092 1612 in
1111 1579 1266 1612 cavitates
1276 1575 1461 1612 abdominis
1477 1574 1603 1620 effluit,
1619 1589 1755 1625 tumque

362 1622 474 1657 ascires
487 1622 620 1661 dicitur:
637 1636 674 1658 ac
686 1622 826 1673 persaepe
845 1637 884 1660 ex
901 1625 1049 1660 anasarca
1064 1625 1174 1661 ascires
1189 1626 1476 1662 oritur.1nterdum
1496 1638 1539 1661 ex
1559 1625 1753 1671 tumoribus,

361 1683 415 1705 aut
435 1671 557 1706 schirris
568 1675 601 1707 in
616 1671 799 1710 abdominis
814 1673 984 1710 visceribus
996 1704 1004 1720 ‚
1019 1678 1053 1711 in
1071 1675 1229 1721 glandulis
1243 1674 1312 1723 ipfis
1324 1674 1505 1710 mesenterii
1520 1674 1679 1724 sanguinis
1689 1677 1753 1710 cir.

361 1720 481 1756 culatio
503 1722 697 1770 impeditur:
719 1734 787 1758 tum
813 1726 901 1760 enirn
912 1736 982 1773 pars
1008 1716 1124 1772 aquosa
1139 1725 1160 1760 ἐι
1182 1723 1309 1772 reliquo
1327 1723 1477 1773 sanguine
1493 1724 1668 1760 secernitur
1686 1738 1695 1760 ε
1713 1723 1754 1760 fi-

361 1769 477 1807 milem
487 1772 619 1818 quidem
633 1770 676 1805 ob
694 1774 870 1817 rationem,
885 1786 950 1822 qua
959 1776 1046 1810 canis
1059 1777 1126 1810 vivi
1139 1772 1337 1824 jugularibus
1352 1776 1445 1809 venis
1458 1774 1562 1823 ligatis
1573 1784 1682 1809 totum
1699 1785 1754 1809 εει.

360 1831 420 1867 put
431 1820 567 1855 humore
582 1820 690 1855 setoso
702 1822 895 1870 completur·
916 1826 1050 1859 Interim
1065 1824 1137 1859 vasa
1156 1824 1258 1859 lactea
1272 1836 1311 1859 ex
1328 1822 1501 1858 viscidiore
1526 1822 1624 1871 chylo
1647 1823 1752 1860 occlu-

360 1868 477 1904 duntur
491 1899 500 1913 ,
518 1882 622 1917 eaque
638 1871 669 1904 in
681 1882 771 1917 parte
782 1870 826 1906 sui
839 1873 960 1915 media,
974 1885 1047 1908 turn
1059 1872 1311 1921 disrumpuntur,
1334 1874 1384 1908 uti
1405 1877 1439 1910 &
1449 1872 1592 1921 lyniphae
1609 1872 1720 1908 duetus
1737 1890 1755 1918 i-

360 1926 495 1964 tumque
508 1917 620 1952 ascires
630 1921 730 1953 oritur
738 1932 821 1965 pene
837 1920 1029 1956 insanabilis.

399 1967 520 2014 Saepius
532 1968 648 2001 vitium
659 1968 737 2002 inest
747 1966 958 2016 sanguini,qui
974 1969 1103 2005 laticem
1114 1969 1249 2005 serosum
1261 1983 1327 2006 non
1338 1968 1409 2006 satis
1419 1971 1562 2015 retinet,
1578 1969 1629 2005 sed
1643 1970 1753 2009 statim

359 2015 726 2063 dimittit3quandnque
738 2019 926 2053 arteriarum
947 2017 1052 2053 oscula
1073 2019 1147 2055 sunt
1161 2018 1293 2057 laxiora.

390 2066 439 2100 Ac
456 2064 496 2099 de
508 2066 673 2113 praecipuis
686 2067 802 2113 jecoris
813 2067 985 2103 affistibus
998 2058 1097 2117 paul&
1109 2068 1201 2104 fufius
1214 2082 1253 2104 ex
1269 2068 1416 2107 Vvillifio
1427 2071 1565 2106 diximus
1578 2099 1587 2114 ,
1601 2081 1636 2105 ut
1646 2082 1751 2118 quan-

359 2125 429 2149 tum
447 2126 485 2148 ex
502 2116 629 2162 optimo
641 2114 1100 2164 philosophandigenere,aut
1114 2117 1190 2153 lucis
1205 2147 1213 2158 ,
1231 2132 1286 2154 aut
1299 2120 1445 2156 utilitatis
1464 2122 1525 2155 arti
1538 2119 1751 2168 praestantissi-

359 2176 421 2199 rnae
439 2164 571 2199 accedat
582 2193 592 2207 ‚
609 2163 760 2199 omnibus
780 2165 980 2214 perspectum
994 2165 1041 2203 sir.
1056 2170 1135 2204 Non
1151 2170 1239 2203 enim
1257 2169 1362 2205 morbi
1375 2171 1519 2211 corporis
1533 2199 1541 2212 ,
1554 2181 1609 2203 ant
1625 2171 1747 2216 quaeiis

349 2211 506 2247 -adhiberi
520 2223 671 2261 oporteat
688 2211 831 2262 prkstdia
848 2244 857 2258 ‚
871 2216 1020 2263 cognosci
1042 2215 1187 2265 poliunt,
1210 2217 1266 2253 nifi
1288 2225 1321 2256 &
1335 2232 1527 2264 organorum
1552 2218 1671 2253 fabrvca
1683 2247 1692 2261 ‚
1712 2224 1748 2257 δε

342 2276 344 2278 ’
358 2272 470 2296 eorum
489 2264 601 2297 munia
615 2260 674 2296 fint
684 2275 757 2297 ante
768 2266 906 2312 cognita.
920 2267 1011 2311 Qu'n
1021 2269 1121 2301 etiam
1134 2266 1298 2312 foffilium,
1309 2262 1491 2315 piisimum
1506 2274 1540 2306 ὃ(
1557 2268 1746 2303 animalium

357 2311 602 2360 naturas‚usus,
623 2311 820 2350 differentias
833 2343 844 2359 ,
865 2313 1030 2365 perspesta
1044 2316 1106 2354 effe
1122 2315 1246 2354 necesse
1266 2319 1325 2357 est.
1346 2319 1411 2357 Sed
1432 2318 1554 2369 reliqua
1573 2315 1745 2367 persequa-

355 2370 438 2394 mm.

1580 2467 1744 2503 CAPUT
