1878 2724
386 143 444 182 346
709 135 978 172 PHYstCAE
1001 135 1141 171 PARS
1180 135 1458 181 SECUNDA.
1516 180 1520 183 .
1587 179 1591 184 ,
1707 182 1711 184 ⁷

387 187 486 227 iiitie,
505 188 539 222 ὃ(
550 190 643 219 arena
656 190 707 228 ,δε
719 184 828 232 argilla
838 184 911 219 huic
927 183 1098 228 substrata,
1119 191 1245 232 &aqua
1267 188 1489 232 reperiuntur5
1511 195 1652 232 cuni-que
1677 184 1772 223 altius

389 244 475 267 terra
488 235 623 275 entitur,
635 239 668 269 δε
688 233 728 266 ad
742 233 886 268 libellam
903 245 976 267 cum
999 236 1109 268 vicino
1126 233 1279 277 flumine,
1293 234 1362 268 fere
1380 233 1504 282 semper
1519 245 1601 280 aqua
1619 236 1765 271 occurrit.

421 289 466 325 72
492 283 607 316 Fontes
621 293 658 315 ex
673 283 710 315 iis
724 284 816 329 aquis
829 284 861 315 iii
875 284 1035 317 montium
1055 285 1141 318 cavis
1152 281 1368 331 stagnantibus
1379 283 1432 317 vel
1446 285 1478 317 in
1495 282 1592 326 clivo,
1607 282 1659 317 vel
1672 285 1772 318 etiam

385 333 416 363 in
441 336 520 379 jugo
540 328 691 377 cujusque
707 333 828 366 montis
845 330 983 374 scatent,
1001 331 1079 365 dum
1091 344 1174 379 aqua
1193 332 1246 366 illa
1266 343 1324 379 per
1337 331 1472 366 idoneos
1489 330 1580 365 velut
1596 330 1726 367 tubulos
1736 334 1773 368 'in

383 389 520 425 vapores
538 377 716 422 attollitur,
731 391 811 427 quos
826 391 882 414 aut
895 379 981 414 calor
992 391 1081 414 terrae
1104 382 1294 428 congenitus
1309 408 1318 423 ,
1333 391 1388 414 aut
1403 382 1461 427 qui
1477 378 1497 414 ὲ
1521 378 1584 414 sole
1599 379 1774 428 proficisci-

384 438 433 459 tui·
447 455 456 468 ‚
472 427 601 461 excitat.
624 430 693 462 imo
706 434 740 464 ὃς
759 428 879 477 frigore
890 440 1008 476 aquam
1019 457 1027 467 ,
1047 434 1079 465 &
1092 428 1230 477 glaciem
1252 429 1606 476 exhalaricompertum
1620 429 1679 465 est.
1707 431 1773 465 Aca

382 475 467 509 cedit
479 475 578 510 etiam
588 475 673 511 forte
688 488 794 512 motus
808 479 889 513 aeris
902 506 912 521 ,
922 489 958 511 ut
977 477 1058 512 nihil
1072 478 1177 512 dicam
1196 479 1236 512 de
1248 476 1342 512 caulis
1355 504 1364 519 ‚
1376 488 1411 512 ut
1430 488 1546 512 vocant
1557 504 1567 520 ,
1582 477 1749 512 catholicis
1762 507 1772 521 ,

381 534 419 557 ut
432 524 472 557 de
484 522 590 558 subtili
609 524 781 561 substantia
795 529 910 562 cundia
923 538 1131 575 permeante,
1147 532 1187 563 ·&
1201 526 1270 560 aliis
1291 526 1382 576 hujus
1397 528 1523 574 generis
1539 539 1547 561 :
1563 524 1594 558 id
1615 538 1713 561 unum
1734 526 1773 561 li-

379 583 459 619 quet
473 574 505 606 in
517 572 592 608 locis
605 573 819 610 subterraneis
832 577 1138 624 vaporescoiitinuo'
1150 574 1298 610 exhalare
1310 577 1367 623 qui
1385 578 1417 609 in
1429 574 1517 609 cellis
1533 576 1631 609 etiam
1642 577 1774 610 vinariis

380 633 555 656 cernuntur
571 651 581 666 ,
597 627 634 659 δε
649 622 772 672 lignum
787 627 819 659 iii
834 624 885 659 his
898 623 1091 659 alservatum
1103 623 1336 660 madefaciunt.
1359 627 1395 658 In
1411 623 1651 660 Observatorio
1663 625 1771 673 Regio

380 672 482 704 etiam
497 683 569 705 cum
587 670 664 706 foris
676 674 785 707 onmia
794 675 902 721 rigent
915 685 979 722 prae
999 673 1118 722 frigore
1131 703 1140 716 ‚
1152 685 1234 720 pene
1246 671 1314 721 ipso
1324 674 1410 708 taem
1425 674 1642 721 percipiuntur
1653 700 1661 714 ‚
1681 675 1771 720 iique

383 720 417 752 in
430 718 564 754 fornicis
580 732 658 754 cava
669 721 804 769 impacti
818 750 828 765 ,
842 724 874 757 iii
891 733 998 771 guttas
1012 734 1104 769 aquae
1118 720 1334 759 concrescunt.
1365 724 1563 768 Qoutique
1581 722 1682 756 modo
1699 734 1772 758 cum

382 777 500 802 terram
512 768 694 817 argillosam
705 772 738 806 in
749 770 847 815 clivo,
862 783 914 805 aut
924 771 1034 820 inipso
1044 774 1143 805 etiam
1159 773 1281 806 montis
1295 773 1461 806 cacumine
1473 770 1644 805 offendunt
1655 799 1664 814 ‚
1680 783 1773 806 motu

380 828 507 861 eorum,
520 829 575 852 aut
592 831 653 867 ptae
669 819 789 868 frigore
800 849 810 864 ,
823 822 960 867 autquia
973 819 1077 855 tubuli
1092 849 1101 863 ,
1111 825 1144 856 &
1159 822 1246 854 rimae
1260 818 1392 864 desunt,
1406 830 1462 854 aut
1485 819 1545 853 alia
1560 832 1599 853 ex
1614 819 1702 854 causa
1723 832 1774 855 re-

381 866 520 908 tardato,
539 869 572 902 in
583 879 674 915 aquae
687 869 826 916 guttulas
839 868 1048 904 concrescunt
1061 883 1069 904 ε
1082 881 1153 915 quae
1164 867 1267 902 relabi
1280 881 1345 903 non
1361 867 1504 917 possunt,
1521 869 1607 915 quod
1630 869 1668 902 iis
1689 879 1771 904 terra

377 914 522 962 argillosa
533 915 701 964 subjaceat.
718 919 837 964 Neque
849 917 882 951 id
894 917 1060 952 intellectu
1077 918 1120 951 est
1135 915 1277 959 difficile,
1288 916 1344 964 qui
1362 929 1498 964 vapores
1514 916 1625 951 sublati
1639 929 1695 964 per
1707 929 1771 952 ter.

379 974 420 996 rae
433 963 575 1008 tubulos,
590 971 761 1002 &meatus
778 965 998 1002 conscendant
1013 981 1020 1002 :
1044 978 1117 1000 cum
1128 978 1184 1014 per
1196 963 1296 1012 ipsum
1314 977 1388 1000 aera
1398 965 1522 1014 semper
1545 964 1703 1001 mobilem
1721 966 1772 1002 us-

379 1012 492 1058 quead
507 1012 610 1048 nubes
633 1014 816 1050 efferantur.
838 1016 1005 1063 Siquidem
1024 1017 1058 1049 in
1082 1026 1164 1049 terra
1183 1026 1306 1049 meatus
1330 1012 1401 1049 sunt
1422 1014 1563 1062 angusti,
1586 1016 1643 1061 qui
1655 1014 1769 1050 sursum

378 1059 560 1096 emetantes
576 1061 690 1097 halitus
705 1063 857 1098 sustinent
876 1076 986 1111 neque
1004 1076 1060 1098 eos
1073 1062 1177 1098 relabi
1196 1063 1297 1098 linunt
1311 1062 1388 1098 :ubi
1402 1065 1436 1098 in
1447 1062 1569 1098 summa
1581 1063 1694 1098 tellure
1709 1076 1770 1112 prae

379 1107 661 1158 frigore,autalia
671 1123 709 1146 ex
725 1110 815 1146 causa
829 1111 998 1148 densantur
1011 1141 1021 1155 ,
1038 1111 1147 1146 fontes
1166 1114 1326 1161 aperiunt.

416 1159 604 1206 Atquehaec
626 1173 692 1194 non
709 1159 1030 1204 verisimilia-mode,
1042 1159 1093 1195 sed
1104 1163 1202 1196 etiam
1213 1173 1330 1209 magna
1351 1173 1390 1195 ex
1402 1172 1492 1210 parte
1502 1173 1578 1196 vera
1602 1160 1662 1196 else
1680 1159 1777 1195 arbi-¹

380 1218 447 1242 tror
464 1221 471 1244 :
490 1220 565 1242 nam
576 1206 672 1243 facile
682 1209 713 1243 id
728 1207 895 1252 assentior,
906 1210 1016 1245 fontes
1031 1209 1199 1256 plerosque
1210 1221 1248 1244 ex
1272 1209 1390 1258 pluviis
1403 1221 1456 1244 aut
1466 1210 1596 1245 nivibus
1609 1212 1769 1258 originem

380 1255 467 1291 stiam
483 1257 597 1290 ducere
609 1285 618 1299 ,
633 1269 687 1291 eos
700 1269 779 1291 vero
790 1260 889 1304 quiin
901 1259 979 1292 locis
992 1257 1175 1292 celsioribus
1185 1261 1300 1306 jugiter
1316 1257 1424 1293 fluunt
1435 1287 1443 1300 ‚
1461 1271 1500 1293 ex
1519 1258 1649 1293 sublatis
1664 1268 1775 1307 vapo-‘

377 1303 464 1338 ribus
478 1304 643 1351 proficisci.
655 1308 865 1353 Qamquam
876 1305 981 1341 fateor
993 1306 1069 1341 illud
1086 1318 1138 1340 me
1150 1306 1270 1354 assequi
1287 1319 1353 1341 iion
1364 1305 1451 1354 polle
1469 1320 1515 1350 ιο,
1530 1320 1596 1342 non
1612 1320 1650 1341 cx
1667 1307 1769 1342 fonti-

379 1351 440 1387 bus
457 1352 609 1397 flumi‘na,
623 1354 674 1388 sed
692 1356 794 1400 potius
811 1355 919 1390 fontes
934 1368 972 1390 ex
990 1354 1175 1391 fluminibus
1191 1355 1283 1391 nasci.
1305 1357 1394 1391 Nam
1412 1366 1449 1390 ut
1464 1367 1513 1389 res
1535 1358 1579 1390 ita
1602 1354 1631 1390 se
1647 1355 1770 1391 habeat

378 1403 413 1436 in
428 1401 505 1436 locis
520 1431 529 1444 ,
542 1416 609 1450 quae
626 1415 690 1437 uno
707 1403 792 1437 forte
805 1433 815 1447 ‚
839 1416 895 1438 aut
909 1404 1013 1439 altero
1027 1403 1159 1439 milliari
1178 1404 1290 1438 distant
1306 1403 1325 1440 ὰ
1347 1403 1483 1439 flumine
1499 1433 1508 1448 ‚
1523 1405 1599 1452 quid
1625 1405 1767 1440 dicemus

380 1450 421 1484 de
438 1452 474 1484 iis
490 1450 567 1485 locis
581 1450 760 1500 longissime
773 1451 813 1487 ab
829 1455 865 1486 iis
878 1452 1008 1490 dissitis?
1020 1453 1097 1499 quid
1107 1452 1147 1487 de
1156 1451 1310 1488 montosis
1320 1451 1507 1501 regionibus
1519 1466 1587 1500 quae
1597 1465 1646 1488 tot
1662 1453 1776 1488 abtim·

380 1499 459 1534 dant
473 1499 641 1536 fontibus?
659 1502 767 1548 Atque
783 1501 863 1536 illud
882 1504 935 1537 vix
950 1501 1103 1536 credibile
1116 1502 1158 1536 est
1174 1514 1290 1548 aquam
1306 1502 1476 1537 fluminum
1490 1502 1530 1536 ad
1548 1514 1584 1536 ea
1602 1500 1697 1548 usque
1715 1502 1778 1536 lo-‘

379 1559 417 1581 ca
445 1560 501 1596 per
523 1548 746 1584 subterraneos
768 1561 893 1585 meatus
914 1562 1122 1598 permanare:
1138 1550 1254 1584 deinde
1267 1551 1351 1585 unde
1363 1552 1385 1583 ii
1396 1549 1586 1597 fontes‚qui
1599 1552 1618 1586 ὲ
1639 1549 1762 1586 duriffi-

380 1598 442 1631 niis
459 1596 588 1644 rupibus
598 1601 720 1646 jugiter
733 1597 836 1634 fluunt
847 1628 857 1642 ,
869 1602 992 1648 quique
1003 1599 1109 1634 aestate
1120 1598 1172 1633 vel
1182 1598 1341 1635 siccissima
1352 1612 1418 1634 non
1428 1596 1614 1634 exsiccantur
1631 1609 1640 1634 Ξ

420 1660 442 1681 2-
476 1648 530 1681 Ne
543 1646 621 1681 illud
638 1648 770 1693 quidem
787 1647 883 1683 facile
897 1649 1073 1683 concedam
1087 1676 1096 1691 ,
1110 1647 1250 1695 pluviam
1260 1661 1316 1694 per
1332 1658 1429 1682 venas
1439 1659 1494 1682 aut
1511 1646 1640 1683 tubulos
1654 1647 1694 1681 ad
1707 1647 1766 1682 de-

382 1693 534 1740 preffiora
552 1695 622 1730 loca
637 1697 796 1731 interdum
808 1709 875 1732 non
891 1697 968 1734 labi.
984 1699 1072 1734 Nam
1092 1697 1242 1732 videmus·
1250 1696 1329 1746 saepe
1345 1698 1520 1744 interjeffis
1541 1696 1668 1743 aliquot
1695 1696 1766 1730 die·-

381 1741 441 1777 bus
454 1744 524 1790 post
538 1743 688 1791 largiores
704 1744 823 1779 imbres
837 1758 953 1792 aquam
968 1748 1125 1793 in-puteos
1150 1744 1221 1780 satis
1243 1746 1325 1780 altos
1335 1745 1486 1780 exstillari
1498 1774 1506 1788 ,
1528 1758 1593 1780 non
1607 1757 1663 1793 per
1681 1747 1764 1778 exti-

381 1793 582 1826 niamvmodo
597 1792 808 1841 superficiem,
826 1794 953 1841 sedffpei·
964 1805 1086 1828 meatus
1101 1793 1165 1828 alte
1177 1796 1211 1828 in
1226 1791 1493 1828 terrademersos.
1512 1796 1563 1827 Sic
1577 1806 1659 1839 aqua
1670 1794 1701 1826 iii
1717 1793 1787 1827 la..-⁴

381 1840 537 1886 pidicinas
549 1841 599 1875 vel
620 1843 651 1875 in
663 1843 771 1876 medio
786 1841 875 1876 collis
889 1853 1069 1885 excavatas,
1085 1843 1156 1890 post
1168 1843 1330 1877 diuturnos
1344 1840 1460 1875 imbres
1473 1841 1613 1876 ubertim
1624 1841 1764 1875 exstilla-

383 1899 450 1923 tut:
467 1901 534 1935 quae
547 1890 629 1924 haud
644 1889 741 1923 dubie
761 1901 877 1925 terram
890 1890 1135 1926 incumbentem
1149 1888 1294 1939 pervasit.
1324 1892 1430 1936 Atque
1451 1902 1486 1924 ut
1511 1890 1617 1924 fateor
1643 1900 1761 1925 terram

379 1936 567 1983 argillosam,
586 1943 619 1973 δε
641 1940 794 1986 pinguem
809 1938 849 1972 ab
867 1951 949 1986 aqua
959 1953 1028 1975 non
1045 1942 1206 1987 penetrari
1218 1968 1226 1981 ‚
1239 1938 1277 1973 sic
1294 1938 1373 1973 milii
1387 1937 1562 1986 persuadeo
1580 1950 1699 1973 terram
1713 1951 1762 1973 ra-

379 1995 448 2018 ram
459 2013 469 2027 ,
488 1985 699 2032 spongiosam,
712 1998 766 2020 aut
781 1989 878 2022 etiam
890 1988 1049 2035 petrosam
1060 1987 1155 2023 facile
1172 2001 1290 2035 aquam
1303 1989 1483 2022 admittere.

402 2041 460 2077 ‚3⁰.
488 2036 542 2069 Ne
555 2034 631 2069 illud
644 2036 778 2081 quidem
793 2039 901 2084 negari
925 2037 1031 2085 potest
1049 2037 1156 2072 fontes
1171 2037 1342 2072 nonnullos
1363 2037 1379 2070 ὲ
1399 2038 1477 2071 mari
1496 2037 1644 2085 prodire:
1672 2037 1761 2083 quod

380 2081 497 2130 salsugo
525 2082 589 2130 ipsa
620 2085 651 2118 in
682 2083 828 2118 fontibus
860 2097 914 2119 aut
935 2087 1040 2133 puteis
1058 2088 1140 2120 mari
1165 2088 1277 2121 vicinis
1292 2086 1500 2121 demonstrat.
1529 2088 1610 2120 Sunt
1627 2084 1681 2118 alii
1705 2087 1761 2131 qui

380 2130 535 2166 :estuante
551 2135 630 2166 mari
643 2131 798 2176 effluunt,
818 2134 989 2169 recedente
1007 2134 1201 2170 decrescunt.
1219 2133 1408 2183 Huiusmodi
1427 2134 1533 2169 fontes
1545 2163 1553 2177 ‚
1568 2139 1600 2168 δέ
1618 2135 1707 2181 putei
1725 2137 1759 2168 in

358 2178 361 2183 ”
381 2179 488 2214 Gallia
505 2193 569 2215 non
588 2179 766 2224 desuiit,ut
784 2184 1102 2230 propeCadomum,
1123 2183 1381 2232 Burdegalam,&
1394 2182 1513 2229 ubique
1525 2179 1637 2228 paffim
1655 2184 1686 2216 iii
1705 2181 1760 2216 lit-

379 2227 501 2263 toribus
521 2230 657 2272 Africae,
678 2231 810 2265 inludia
826 2243 930 2278 prope
948 2231 1236 2267 Coroniaiidelium
1251 2234 1339 2279 putei
1357 2243 1469 2267 omnes
1487 2230 1556 2265 sunt
1571 2229 1643 2265 falfi.
1658 2232 1759 2265 lii-in-
1775 2245 1777 2248 ·

377 2277 440 2311 sula
460 2280 493 2314 S.
508 2279 793 2314 Vinceiitiifontes
806 2308 814 2322 ‚
834 2283 864 2314 in
878 2282 1056 2315 Peruviano
1072 2281 1182 2316 littore
1203 2280 1413 2315 lacusi'tidem
1428 2278 1491 2313 salsi
1511 2291 1687 2314 occurrunt.
1719 2282 1759 2314 Et

378 2325 524 2362 sanenon
543 2328 639 2362 video
657 2329 733 2375 quid
767 2327 871 2362 obstet
893 2331 1063 2375 quominus
1097 2342 1186 2377 aqua,
1206 2331 1326 2363 matina
1361 2328 1474 2362 eadem
1502 2327 1659 2362 facilitate
1693 2339 1759 2362 ter-

378 2386 445 2412 ram
462 2375 579 2415 subeat
593 2404 604 2420 ‚
630 2390 698 2425 ,qua
722 2376 891 2414 fluminum
911 2390 1014 2428 51th-
1028 2391 1147 2414 terram
1183 2377 1345 2414 arenosam
1360 2377 1517 2425 pervadit.
1534 2378 1653 2425 Neque
1670 2379 1758 2411 enirn
1772 2403 1774 2405 -
