1878 2724
12 1754 17 1888 --u--—
11 1393 17 1742 -——---‘0--.-—-.--
11 1371 14 1385 -
3 595 17 1362 -—-—-*—-..-.-.-.-...-—.-*-,--·-w.t-.--—
6 571 18 582 ,5
7 535 18 560 ΛΦ
9 521 12 526 .
4 344 13 511 “wan-mu
5 299 9 304 ·

14 2666 25 2724 -Δ
15 2610 25 2654 v„-
12 1889 25 2601 „ww-*ffl—
14 1749 17 1751 v
17 1495 19 1501 r
16 867 19 871 ,

616 128 770 166 PARS
823 130 1075 167 TERTIA.
1467 134 1530 176 627

146 192 148 194 ’
172 180 254 219 1)υώ
268 179 383 217 itidem
398 177 469 215 sunt
480 180 622 223 arteriae,
632 192 696 215 una
706 179 919 229 pulmonum,
932 192 1005 228 quae
1021 192 1062 216 ex
1078 180 1191 215 dextro
1201 180 1304 216 cordis
1322 179 1388 217 finu
1403 198 1411 227 3
1426 177 1525 222 altera

135 232 231 279 quaee
243 229 359 266 finistro
377 229 481 265 cordis
494 228 675 265 ventriculo
696 231 784 276 capit
805 230 970 264 exordium
982 258 992 273 ‚
1012 241 1150 278 quaeque
1174 242 1275 269 aorta.
1284 230 1418 276 dicitur,
1435 239 1469 270 &
1488 238 1522 271 jn

134 280 315 316 universum
330 291 384 314 cor
410 291 444 314 us
454 278 639 328 sanguinem
648 278 767 315 defert.
779 280 924 327 Utrique
940 279 1043 314 cordis
1058 291 1146 314 venae
1162 280 1310 327 quaedam
1319 280 1454 317 valvulae
1463 285 1522 319 ad-

133 328 286 365 hibentur
294 341 363 377 quae
373 291 559 378 sgnguinem
577 329 754 363 admittunt
767 328 838 364 :sed
852 340 892 363 ne
902 329 990 363 idem
1003 329 1036 363 in
1050 329 1155 363 cordis
1177 328 1294 378 systole
1315 341 1374 377 pet
1392 331 1520 369 easdem

133 380 202 413 vias
218 388 363 414 remeare
377 377 472 428 poffit
484 407 494 422 ,
508 378 636 413 obstant
649 379 789 412 maxime
806 391 814 414 :
837 377 885 412 hae
902 377 1085 425 tricuspides
1101 381 1296 415 vocitantur.
1327 381 1378 420 Sic
1393 383 1521 429 utrique

133 438 204 463 tum
229 440 354 477 magnae
366 457 375 472 ‚
401 440 470 463 tum
498 427 688 476 pulmonum
705 429 826 461 arteriae
839 427 911 462 ali-‘e
927 426 1119 474 suntaptatae
1133 427 1270 462 valvulae
1286 431 1319 463 in
1337 426 1419 464 lunae
1441 432 1522 466 cres<

131 479 233 512 centis
257 477 395 512 formam
412 476 595 525 composita:
605 506 614 519 ‚
625 487 695 524 quae
706 478 826 511 exitum
837 475 984 525 praebcnt
992 475 1321 525 &nguini,regre[l'um
1330 477 1522 525 prohibent.

131 527 192 560 Hae
205 529 237 562 in
257 525 312 575 fig.
328 540 364 570 4³
378 526 492 561 litteris
504 528 532 562 A
551 528 578 560 A
595 525 807 575 designantur.

168 577 233 610 Hic
249 588 360 610 autem
379 575 465 610 locus
485 574 626 623 postulat
655 587 690 610 ut
710 586 811 623 pauca
831 575 870 609 de
889 573 1084 610 Machanica
1101 574 1298 610 valvularum
1315 575 1465 613 structura
1480 592 1523 617 ex

131 626 176 660 D.
190 626 339 659 Perrault
350 625 506 660 dicamus.
524 627 581 660 Eas
595 623 655 659 else
670 625 802 672 triplicis
811 627 938 671 generis
955 622 1108 659 observat
1118 651 1128 666 ,
1145 623 1260 672 easque
1277 627 1455 662 mechanici
1470 641 1522 663 ar-

129 672 276 708 tificesin
294 674 446 708 machinis
457 673 650 722 hydraulicis
664 672 862 722 potiffimsim
878 675 997 708 imitati
1009 672 1120 709 solent.
1138 675 1235 709 Primi
1257 677 1386 723 generis
1406 677 1521 712 valvu-

128 721 168 757 lae
181 751 190 766 ‚
209 734 316 770 eaeque
334 724 366 757 in
377 723 456 758 'artis
466 722 618 770 operibus
628 722 821 772 pervulgata!
836 751 845 765 ‚
860 723 911 757 sed
923 734 994 756 raro
1011 721 1031 757 ὲ
1048 734 1160 757 natura
1176 723 1245 757 usur
1270 734 1344 766 atae,
1362 729 1374 767 (
1384 738 1521 774 quaeque

126 783 165 806 ut
174 770 307 818 reliqua:
319 771 464 814 valvulae‚
476 772 592 819 liquori
605 770 765 807 transitum
777 771 914 806 liberum
926 736 1304 820 permittuntssegressiJm
1316 774 1519 821 prohibent&

127 819 198 856 sinit
209 820 337 855 laminae
348 821 452 869 planae
462 827 496 858 &
508 821 669 869 quadratae
679 850 688 864 ‚
714 834 785 868 quae
795 833 860 855 uno
874 833 912 855 ex
924 820 983 855 suis
1002 819 1155 857 lateribus
1171 819 1273 856 affixo
1284 849 1294 864 ,
1310 821 1379 856 fere
1399 835 1435 858 ut
1450 826 1519 860 val.

127 882 177 904 vae
197 868 302 903 attolli
325 869 452 917 polsunt
466 876 500 907 δε
512 871 672 916 deprimi,
691 881 727 903 ut
739 870 887 904 foramen
900 870 950 903 cui
965 869 1167 916 applicantur
1178 897 1188 912 ,
1202 882 1258 904 aut
1273 870 1452 916 occludam,
1465 879 1519 909 au't

125 917 278 953 reserent.
295 917 491 965 Hujusmodi
504 917 637 952 valvulae
647 917 755 952 antliis
764 916 913 951 adhiberi
928 915 1032 951 solent
1043 946 1053 961 ,
1068 915 1167 965 iisque
1181 929 1292 953 natura
1306 921 1406 954 utitur
1417 923 1448 956 in
1461 936 1519 958 ve..

125 966 186 1001 fica
204 968 341 1001 urinaria
351 995 362 1010 ,
376 972 409 1003 &
424 966 509 1002 forte
525 969 626 1001 etiam
643 968 678 1001 in
690 966 797 1002 fellea.
808 968 897 1002 Nam
912 967 944 1001 in
957 964 1011 1000 illa
1024 978 1168 1002 ureteres
1182 968 1264 1002 inter
1279 978 1449 1017 utramque
1461 984 1518 1007 ve-

124 1015 193 1051 ficae
206 1014 429 1050 membranam
445 1015 508 1050 sese
521 1015 711 1050 insinuantes
726 1017 852 1050 urinam
866 1017 899 1049 in
911 1013 1019 1049 vesicae
1027 1018 1241 1062 capacitatem
1255 1016 1435 1062 effundunt,
1451 1031 1519 1058 tum

124 1065 218 1100 urina
236 1062 302 1112 ipsa
324 1063 421 1099 effusa
434 1063 659 1098 membranam
685 1066 876 1098 interiorem
889 1092 898 1106 ‚
921 1075 991 1110 quae
1018 1063 1156 1098 valvulae
1176 1064 1248 1099 loco
1265 1065 1308 1098 est
1327 1064 1440 1102 sursum
1467 1081 1518 1103 re-

125 1113 220 1162 pellit
231 1141 242 1156 ,
281 1118 313 1149 &
325 1141 329 1146 .
342 1123 505 1148 ureterum
524 1111 648 1147 orificia
680 1112 832 1149 occludit.
856 1113 974 1147 Eadem
1011 1112 1165 1148 struCtura
1185 1112 1323 1148 valvulae
1350 1116 1383 1150 in
1414 1115 1518 1154 fundo

123 1161 234 1197 veficae
245 1161 350 1197 felleae
362 1191 371 1205 ‚
383 1173 443 1208 qua
455 1173 545 1209 parte
553 1163 654 1210 jecori
669 1161 853 1195 adhaerescit
863 1189 873 1203 ,
889 1160 954 1195 visa
971 1160 1018 1195 est
1031 1163 1063 1196 in
1077 1159 1165 1202 bove
1182 1175 1190 1197 ε
1209 1162 1344 1210 haecque
1367 1164 1518 1205 foramen

124 1209 315 1246 occludebat
324 1239 334 1255 ,
347 1212 380 1245 in
399 1211 486 1259 quod
498 1222 604 1245 ramus
619 1208 749 1244 biliosus
760 1239 770 1254 ‚
785 1214 868 1258 cujus
880 1211 1003 1244 radices
1015 1222 1072 1259 per
1084 1210 1184 1260 hepar
1197 1211 1320 1247 diffusae
1332 1224 1423 1248 erant
1433 1244 1444 1259 ,
1458 1216 1517 1250 de-

123 1258 258 1296 finebat.

160 1307 345 1344 Secundum
355 1306 491 1342 valvulae
504 1319 603 1355 genus
614 1309 646 1343 in
658 1309 730 1343 coni
743 1307 882 1345 formam
896 1311 938 1344 ita
951 1309 997 1344 est
1007 1308 1259 1354 conformatum,
1270 1320 1306 1344 ut
1315 1321 1399 1357 aqua
1408 1310 1516 1347 subla-

126 1369 160 1393 ta
173 1356 192 1393 ὲι
203 1359 277 1393 coni
287 1368 441 1392 mucrone
453 1356 750 1405 facilepertranseat
763 1385 772 1400 ,
790 1358 866 1394 dum
884 1361 959 1394 coni
984 1357 1085 1393 balim
1102 1358 1274 1407 deprimit,
1302 1364 1338 1396 &
1355 1358 1411 1394 fibi
1430 1363 1517 1396 viam

123 1408 227 1456 aperit
262 1421 270 1443 :
297 1417 329 1440 at
351 1407 476 1454 regredi
503 1406 698 1454 uon¹potest
718 1407 805 1454 quod
836 1406 935 1442 basim
960 1411 1033 1443 coni
1052 1436 1061 1451 ,
1078 1429 1079 1432 =
1094 1413 1128 1444 &
1157 1406 1249 1451 tubi,
1271 1419 1326 1443 aut
1347 1408 1516 1445 foraminis

122 1466 306 1505 aperturam
323 1457 462 1491 omnino
473 1454 607 1502 impleat
619 1455 716 1491 :nihil
727 1457 814 1490 enim
826 1460 1002 1492 accuratius
1017 1457 1165 1492 foramen
1176 1458 1515 1504 rotundum-occludit,

122 1517 161 1540 ac
177 1517 274 1539 conus
285 1503 351 1553 ipse
362 1533 372 1547 ‚
392 1506 448 1551 qui
465 1504 585 1538 idcirco
596 1503 725 1552 pertuso
738 1507 806 1539 vini
817 1505 907 1540 dolio
926 1505 1005 1541 solet
1023 1505 1182 1543 adhiberi.
1391 1523 1396 1526 ·

161 1555 270 1601 Hujtis
279 1555 407 1602 generis
421 1551 558 1588 valvulae
572 1555 605 1588 in
618 1555 708 1588 venis
718 1559 752 1590 &
763 1554 903 1602 lympha:
914 1555 1063 1591 dufflbus
1076 1553 1197 1602 ubique
1215 1567 1386 1592 occurrunt
1406 1571 1415 1593 ε
1439 1570 1516 1593 nam

123 1601 297 1638 humorum
321 1599 492 1650 regressum
513 1613 623 1636 arcent
640 1619 649 1645 ·‚
676 1615 816 1649 cumque
835 1603 980 1638 valvulas
999 1604 1107 1651 liquor
1130 1604 1293 1649 superavit
1310 1605 1363 1640 vel
1380 1607 1516 1642 minima

122 1650 379 1699 compreffione,
397 1662 494 1698 quam
514 1649 696 1697 respiratio,
718 1663 771 1686 aut
784 1652 996 1688 musculorum
1011 1664 1118 1689 motus
1132 1651 1257 1697 efficit,
1276 1653 1372 1690 facile
1389 1667 1516 1690 antror-

123 1698 190 1735 surn
203 1711 421 1747 promovetur.
446 1698 603 1748 Ejusmodi
621 1699 754 1735 valvulae
775 1701 956 1747 Sigmoides
973 1701 1071 1749 vulgo
1093 1704 1295 1745 vocitantur,
1317 1705 1406 1749 quod
1425 1704 1515 1739 litte-

122 1761 190 1782 ram
203 1749 232 1782 C
245 1777 254 1791 ,
267 1748 316 1783 seu
327 1760 419 1783 vetus
430 1749 619 1782 Graecorum
632 1751 740 1797 Sigma
750 1777 759 1791 ,
773 1749 926 1785 referant.
940 1753 1013 1787 Pars
1029 1751 1118 1798 hujus
1133 1750 1268 1785 valvulae
1281 1751 1416 1787 dimidia
1431 1755 1514 1788 inte-

123 1799 200 1832 riori
212 1809 305 1833 venae
318 1795 515 1832 membranae
531 1795 670 1845 affigitur
685 1826 695 1840 ,
710 1809 811 1844 eaque
825 1809 879 1832 aut
893 1799 1055 1835 cucullum
1070 1827 1080 1842 ,
1098 1810 1154 1833 aut
1172 1811 1290 1834 conum
1305 1803 1471 1848 exprimit.

156 1847 242 1881 Cum
254 1848 349 1894 igitur
361 1845 483 1894 sanguis
497 1845 612 1880 sursum
626 1848 757 1890 nititur,
776 1859 848 1881 eam
864 1846 997 1883 valvulae
1012 1859 1138 1897 partem
1157 1860 1228 1895 quae
1246 1848 1349 1882 libera
1369 1851 1411 1885 est
1423 1879 1432 1894 ,
1453 1864 1514 1887 nec

121 1900 211 1930 venae
246 1898 359 1930 tunicae
390 1893 575 1930 adhaerescit
600 1923 608 1937 ,
653 1895 758 1931 statim
791 1896 945 1943 deprimit
965 1926 973 1940 ‚
1011 1904 1045 1935 &
1078 1895 1136 1931 sibi
1165 1899 1251 1931 viam
1278 1897 1390 1933 sternit
1418 1914 1424 1935 :
1460 1898 1514 1935 sed

122 1942 177 1977 ubi
187 1955 309 1985 remeat
325 1972 333 1986 ‚
346 1943 508 1978 valvulam
527 1943 621 1980 velut
637 1942 759 1979 saccum
772 1944 904 1992 implet,
923 1950 957 1982 δε
968 1946 1101 1996 figuram
1114 1947 1260 1981 conicam
1273 1949 1303 1981 ei
1314 1947 1423 1982 tribuit
1436 1978 1445 1992 ‚
1461 1948 1516 1984 fic-

122 2003 186 2038 que
197 1994 257 2025 iter
268 1990 391 2038 fibiipfi
411 1990 560 2027 occludit.
578 1994 629 2026 Sic
641 1995 674 2026 in
688 1995 804 2028 venaF
825 1997 848 2028 E
866 1993 951 2028 [σᾶ-π
962 1994 1179 2032 ἀυενεὶνυὶκ
1200 1994 1354 2044 sanguine
1375 1998 1516 2034 distentae

122 2040 205 2075 illius
216 2039 398 2074 descensum
414 2039 584 2074 cohibent.
608 2040 693 2074 Vide
712 2040 765 2088 fig.
782 2055 805 2075 2-
825 2040 892 2075 tab.
904 2045 933 2078 82
1245 2054 1247 2069 1

159 2091 262 2134 Hujus
272 2090 395 2135 generis
410 2087 547 2123 valvulae
561 2090 594 2122 in
605 2087 703 2122 corde
712 2088 780 2123 fiant
791 2089 979 2138 conspicuae,
997 2102 1117 2140 nempe
1130 2092 1163 2126 in
1175 2091 1295 2127 summa
1307 2103 1397 2141 parte
1408 2092 1515 2132 finistri

123 2137 300 2175 ventriculi
314 2166 323 2180 ,
334 2149 444 2184 eaeque
457 2149 582 2172 aortam
602 2135 654 2171 seu
667 2140 816 2173 arteriam
831 2152 984 2188 magnam
995 2169 1005 2184 ‚
1025 2141 1056 2175 in
1076 2152 1175 2188 quam
1191 2153 1247 2175 cor
1263 2144 1463 2179 contraetum
1482 2144 1514 2180 se

123 2198 280 2222 exonerat
292 2215 301 2229 ‚
321 2189 364 2220 ita
375 2185 567 2229 occludunt,
580 2196 614 2220 ut
625 2185 748 2234 sanguis
760 2187 898 2222 occlusus
908 2201 1051 2224 remeare
1063 2202 1127 2224 non
1142 2188 1242 2237 poslit.
1268 2193 1319 2225 Sic
1343 2194 1374 2226 in
1398 2193 1513 2229 dextro

123 2236 305 2272 ventriculo
316 2247 377 2270 tres
391 2235 506 2270 itidem
522 2235 592 2271 sunt
608 2233 765 2281 valvulae,
780 2248 848 2285 quae
858 2238 1016 2288 sanguinis
1025 2237 1196 2288 regress'um
1210 2238 1252 2273 ab
1260 2242 1373 2274 arteria
1383 2241 1511 2289 pulmo-

124 2298 200 2320 num
226 2284 413 2332 prohibent.
1499 2332 1502 2336 ⁴

180 2336 330 2368 Tertium
352 2331 674 2381 valvularumgenus
702 2335 736 2369 in
754 2336 948 2373 'catharaffls
977 2335 1058 2371 soler
1081 2335 1221 2384 usurpari
1246 2335 1286 2371 :fi
1306 2348 1416 2374 tamen
1435 2337 1511 2375 val'.

123 2380 216 2432 vulae·
226 2383 288 2418 dici
306 2382 436 2433 potsunt
461 2380 533 2431 ipsae
562 2381 685 2419 bifores
701 2412 712 2430 ‚
740 2396 821 2434 quas
847 2398 930 2435 aqua
948 2384 1013 2432 ipsa
1034 2395 1128 2423 motu
1140 2384 1198 2421 suo
1220 2385 1365 2422 occludit
1382 2416 1393 2433 ,
1424 2400 1511 2438 qux—

1152 2435 1283 2472 KKKK
1318 2437 1340 2484 ij
