1878 2724
73 197 178 237 {orem
193 196 376 250 pleniorem
399 197 545 250 praebent
565 214 574 237 e
597 205 631 237 &
650 200 784 248 quidem
812 200 890 236 sales
907 201 942 235 in
963 207 1156 248 purpureum
1174 196 1318 232 colorem
1344 161 1462 233 fortsss

74 260 193 299 agunt:
204 251 255 285 hic
267 252 353 286 enim
364 263 403 285 ex
412 250 508 286 rubro
521 255 554 287 &
567 249 700 285 caeruleo
713 250 937 299 componitur,
946 254 981 285 &
994 250 1025 282 in
1042 246 1153 282 medio
1171 245 1240 281 fere
1255 247 1328 282 loco
1346 247 1464 282 consti-

73 309 159 334 tutus
172 298 267 334 facile
285 300 325 334 de
339 299 392 336 suo
403 300 481 335 statu
494 300 690 335 dimovetur.
718 299 816 335 Unde
834 298 911 335 sales
935 298 1017 333 acidi
1034 295 1110 329 dum
1129 294 1295 330 caeruleum
1317 297 1462 331 colorem

70 347 202 383 diluunt
213 376 223 392 ,
241 347 374 384 rubrum
393 348 547 386 exaltant.
569 349 694 385 Contra
709 345 838 384 sulfurei
851 347 928 383 dum
940 346 1071 382 rubrum
1083 344 1246 380 destruunt
1257 373 1268 390 ‚
1293 344 1461 381 caeruleum

75 409 141 432 uno
152 398 253 446 gradu
264 409 472 446 promovent.

111 445 149 480 ld
159 445 238 481 vero
250 449 416 496 permagni
427 447 472 482 est
482 446 558 482 usfis
570 444 791 496 dignoscendis
804 444 914 481 salium
922 442 1108 493 generibus.
1128 446 1180 479 Sic
1191 441 1248 478 ubi
1258 454 1350 491 aquae
1365 445 1468 478 min&

71 494 154 530 tales
166 493 315 544 syrupurn
325 496 486 532 violarum
502 496 611 531 colore
622 497 718 531 rubro
732 498 862 545 tingunt
875 523 885 538 ‚
897 494 1016 529 indicio
1029 494 1073 529 est
1081 506 1133 528 eas
1142 493 1236 528 acido
1244 493 1306 527 sale
1317 491 1379 527 ess'e
1391 503 1467 541 prae-

72 544 156 580 ditas
174 560 184 587 3
202 542 344 580 sulfureo
356 574 366 589 ,
386 544 407 582 fi
420 545 557 580 viridem
572 545 718 580 colorem
728 545 921 580 induxerint.
935 546 1006 578 lmo
1019 540 1062 578 sal
1079 541 1223 578 volatilis
1236 539 1257 577 ὲ
1269 540 1334 577 fixo
1347 540 1407 577 hac
1416 553 1467 575 ra-

73 594 163 628 tione
174 593 270 630 facile:
278 593 481 631 discernitur:
492 607 566 629 nam
577 596 727 629 mercurii
740 592 902 629 sublimati
913 590 1106 627 solutionem
1119 592 1236 627 claram
1251 589 1465 638 &limpidam

72 640 116 676 sal
128 640 228 685 fixus,
241 654 276 678 ut
287 647 396 678 tartari
407 641 554 679 subflavo
567 642 676 678 colore
687 644 783 692 tingit
799 659 809 686 ς
828 641 868 677 sal
883 643 1001 685 urinae,
1020 653 1076 676 aut
1091 639 1233 677 volatilis
1253 638 1398 674 colorem
1423 636 1466 672 la-

71 691 181 726 &eum
198 692 332 729 inducit.
349 693 435 729 Cum
449 705 520 728 eam
531 691 726 728 solutionem
741 691 849 727 turbat
867 689 910 726 sal
929 692 1037 725 tartari
1048 719 1059 734 ,
1080 690 1101 726 fi
1117 690 1242 738 aliquot
1259 687 1324 723 olei
1342 686 1467 722 vitrioli

69 751 169 824 §uttae
179 738 468 779 affimdanturmm
479 741 584 790 liquor
597 741 635 778 fit
648 740 825 790 perspicuus
843 754 851 776 ε
868 740 957 787 quod
977 738 1084 786 liquor
1100 739 1208 773 acidus
1227 735 1399 786 particulas
1418 734 1466 769 sa-

85 791 150 823 ium
163 788 278 836 quibus
288 789 435 826 abundat
447 803 484 825 ea
495 790 627 834 solutio,
654 789 693 826 fic
706 789 856 826 concidat
869 787 1052 824 utlibcrum
1071 787 1183 824 lumini
1202 785 1366 822 transitum
1378 797 1465 834 prae-

69 835 166 873 beat:
178 837 231 873 sed
240 837 260 873 fi
272 839 433 887 liquorem
442 842 553 875 tartari
567 842 684 875 iterum
693 839 820 887 adjicias
833 867 843 881 ,
860 837 951 872 color
961 836 1062 871 flavus
1075 836 1206 872 redibit.

119 888 200 923 Non
211 886 357 923 diffimile
368 889 522 936 quiddam
537 890 571 923 in
579 899 762 923 atramento
772 884 1148 921 observaturzsolutiones
1161 886 1248 919 enim
1259 882 1352 933 gallae
1366 887 1401 920 &
1413 883 1466 917 vi-

71 934 160 970 trioli
184 933 321 971 seorsum
340 932 469 985 sumptae
486 936 557 971 sunt
574 936 737 984 limpidae5
756 934 813 970 ubi
832 934 1020 977 miscentur,
1046 945 1119 968 atro
1139 933 1250 968 colore
1268 931 1467 968 inficiuntur.

71 984 174 1032 Quod
185 982 204 1018 fi
216 984 289 1020 huic
299 986 442 1020 mistioni
452 985 595 1035 spiritum
606 984 731 1020 vittioli
746 982 898 1019 affuderis
911 1011 921 1026 ,
934 982 955 1017 li
980 994 1038 1017 uor
1058 995 1098 1017 ex
1107 993 1179 1017 atro
1192 980 1249 1017 fiet
1262 981 1441 1030 perspicuus
1457 994 1467 1015 ε

70 1033 161 1081 quod
172 1032 296 1081 spiritus
316 1036 423 1068 acidus
436 1045 542 1082 partes
551 1035 713 1082 tingentes
724 1039 757 1070 &
768 1031 877 1067 craffas
890 1043 945 1066 aut
957 996 1087 1080 separet
1097 1059 1108 1074 ‚
1127 1043 1182 1066 aut
1197 1033 1351 1078 exagitet.
1366 1032 1397 1064 Si
1416 1029 1465 1062 sa-

70 1081 138 1117 lem
156 1083 402 1131 tartariadlicias
414 1111 425 1126 ‚
442 1082 532 1118 color
546 1094 614 1118 ater
628 1081 769 1126 redibit,
789 1081 877 1130 quod
890 1080 1015 1130 spiritus
1035 1079 1158 1115 vitrioli
1171 1091 1246 1114 cum
1267 1078 1331 1114 sale
1354 1079 1463 1113 tartari

70 1132 260 1176 conjun&us
284 1133 352 1166 vim
378 1131 464 1166 suam
482 1143 586 1167 exuat.

118 1180 231 1226 Qare
241 1179 387 1215 colorum
397 1183 592 1216 mutationes
605 1179 707 1215 salinis
718 1176 896 1226 liquoribus
906 1189 1022 1227 magna
1037 1190 1079 1213 ex
1091 1189 1182 1227 parte
1194 1175 1263 1212 sunt
1272 1174 1465 1219 tribuendae,

69 1227 150 1262 dum
166 1230 302 1277 partium
311 1241 471 1264 texturam
480 1235 515 1267 &
526 1229 674 1264 ordinem
686 1227 923 1276 perturbant,&
937 1226 1068 1261 luminis
1080 1226 1311 1261 refractionem
1322 1236 1461 1260 mutant.

69 1278 125 1311 sic
141 1279 230 1325 cupri
246 1277 393 1313 limatura
406 1277 516 1326 spiritu
524 1280 619 1313 utinae
631 1276 749 1320 soluta,
765 1281 799 1313 &
812 1275 950 1311 caeruleo
962 1275 1072 1310 colore
1087 1277 1188 1311 tinCta
1198 1274 1265 1310 olei
1278 1273 1396 1308 vitrioli
1410 1273 1463 1308 af.

70 1322 195 1360 fusione
208 1339 341 1362 omnem
358 1326 503 1363 colorem
516 1329 612 1363 exuit.
631 1327 758 1361 Contra
769 1325 910 1372 liquores
927 1323 1059 1361 salini&
1071 1324 1198 1359 sulfurei
1208 1325 1283 1358 dum
1293 1334 1397 1371 partes
1406 1335 1464 1357 an-

71 1374 105 1410 te
119 1374 264 1420 disjectas
276 1376 312 1410 in
325 1389 424 1411 unum
439 1388 560 1426 cogunt
572 1405 581 1420 ,
597 1387 702 1412 novos
713 1373 836 1410 colores
854 1373 1002 1423 praebent
1016 1387 1025 1410 :
1041 1374 1130 1422 quod
1144 1378 1178 1411 ὃ(
1191 1373 1463 1422 praecipitationes

71 1435 186 1458 omnes
198 1429 231 1460 &
244 1424 333 1459 mille
343 1427 566 1473 experimenta
577 1425 804 1460 demonstrant.

114 1479 150 1508 60
162 1472 300 1521 Idipsum
309 1474 477 1510 manifeste
486 1475 609 1511 ostendi
619 1473 725 1522 potest
742 1485 781 1508 ex
791 1472 870 1521 ligni
879 1470 1049 1519 nephritici
1063 1472 1096 1506 in
1108 1482 1191 1518 aqua
1202 1482 1279 1519 pura
1290 1469 1461 1506 solutione.

71 1523 161 1558 Nam
177 1521 282 1570 phiala
299 1522 429 1557 oculum
444 1525 528 1558 inter
539 1529 573 1560 &
592 1522 766 1558 fenestram
781 1521 961 1563 constituta,
969 1531 1052 1567 aqua
1065 1531 1161 1553 aureo
1174 1520 1283 1554 colore
1294 1521 1394 1554 tincta
1405 1531 1464 1566 ap·

72 1581 165 1619 paret
181 1588 190 1614 3
215 1571 343 1606 caerulea
361 1571 442 1606 vero
455 1601 464 1614 ,
479 1571 536 1607 ubi
552 1571 663 1606 oculus
683 1572 766 1605 inter
785 1569 959 1605 fenestram
979 1573 1013 1606 &
1030 1567 1171 1616 phialam
1189 1570 1336 1604 extiterit
1359 1582 1368 1604 :
1388 1580 1460 1601 cum

72 1620 159 1654 enim
169 1619 248 1653 radii
259 1619 387 1655 luminis
398 1620 559 1668 liquorem
576 1619 712 1655 subeunt
723 1646 733 1662 ,
749 1617 836 1654 flavo
850 1617 959 1652 colore
982 1619 1143 1665 tinguntur
1161 1634 1170 1661 3
1188 1616 1356 1653 caerulcum
1381 1614 1462 1651 vero

72 1667 218 1702 colorem
233 1669 385 1712 induunt,
399 1681 471 1704 cum
485 1669 563 1703 radii
578 1668 598 1704 ὲ
614 1668 722 1717 phiala
734 1666 884 1702 resiliunt.
899 1665 1001 1713 Qod
1014 1664 1034 1700 fi
1050 1665 1208 1713 liquorem
1227 1666 1353 1700 acidum
1371 1664 1461 1700 infu-

71 1716 155 1749 deris
165 1745 175 1759 ‚
189 1727 255 1751 tum
274 1717 423 1752 caeruleus
436 1718 524 1753 color
534 1716 723 1759 evanescet,
737 1720 771 1753 δ(
781 1716 888 1762 liquor
896 1726 1009 1750 aureus
1025 1726 1065 1748 ex
1076 1717 1166 1748 omni
1183 1725 1272 1763 parte
1287 1713 1459 1748 videbitur.

64 1765 143 1814 Jam
163 1764 183 1799 fi
200 1764 310 1800 oleum
329 1770 438 1801 tartari
449 1795 458 1810 ,
480 1779 535 1802 aut
545 1765 684 1801 volatilis
697 1764 767 1800 salis
782 1764 973 1799 solutionem
988 1763 1137 1798 affuderis
1151 1791 1161 1806 ‚
1173 1764 1275 1798 statim
1290 1762 1379 1798 color
1397 1775 1460 1796 ατ-

72 1812 175 1848 ruleus
186 1814 380 1858 restituetur,
390 1827 487 1850 aureo
501 1815 610 1850 colore
618 1816 743 1864 penitus
754 1815 909 1849 extincto,
921 1812 1021 1858 Qod
1031 1810 1051 1846 si
1060 1823 1117 1859 per
1125 1810 1250 1846 obscuri
1261 1809 1400 1846 cubiculi
1410 1810 1462 1846 fo-

72 1872 185 1898 ramen
202 1863 306 1898 radios
321 1862 435 1898 solares
449 1865 617 1909 admittas,
640 1868 675 1900 ὃ(
689 1862 829 1911 phialam
849 1862 926 1911 ligni
945 1859 1117 1909 nephritici
1137 1859 1291 1895 infusione
1310 1859 1461 1908 plenam,

73 1913 189 1957 partim
204 1913 286 1947 intra
299 1925 414 1948 conum
430 1912 642 1957 luminosum,
656 1914 775 1962 partim
794 1923 883 1947 extra
894 1910 1065 1946 constituas
1080 1938 1089 1953 ,
1107 1913 1140 1945 &
1158 1908 1259 1946 modo
1274 1919 1376 1944 totam
1397 1907 1460 1943 luci

73 1959 254 1995 immersam
271 1988 280 2003 ,
298 1962 399 1996 modo
409 1960 584 1996 obscuriori
599 1961 673 1997 loco
683 1960 816 2009 positam
832 1959 962 2008 aspicias
982 1987 992 2002 ,
1016 1969 1169 2006 magnam
1187 1957 1333 1993 colorum
1358 1959 1460 1991 varie-

74 2017 176 2041 tatem
186 2020 284 2056 penes
296 2012 401 2043 varios
414 2009 545 2044 refracti
554 2010 682 2045 luminis
692 2011 806 2057 gradus
819 2008 930 2044 licebit
939 2010 1068 2043 intueri.
1084 2008 1168 2043 Haec
1178 2009 1290 2055 utique
1301 2005 1396 2041 fufius
1409 2018 1461 2041 ex-

74 2054 174 2104 plicat
196 2059 238 2092 D.
254 2058 352 2104 Boyle
365 2059 397 2092 in
414 2059 551 2093 tractatu
562 2058 603 2091 de
616 2056 794 2093 coloribus.

115 2107 176 2139 His
187 2106 317 2152 quidem
332 2118 449 2153 magna
465 2119 503 2140 ex
515 2117 605 2153 parte
615 2102 775 2141 assentitur
792 2107 836 2141 D.
849 2106 1013 2138 Marione
1029 2132 1039 2147 ‚
1055 2102 1106 2139 sed
1121 2114 1218 2153 negat
1237 2115 1347 2139 tamen
1366 2101 1457 2137 colo-

74 2165 123 2188 res
135 2152 214 2188 fixos
229 2166 268 2188 ex
282 2153 407 2189 luminis
422 2154 615 2190 refractione
629 2156 785 2191 oriri.Lux
796 2156 884 2189 enirn
898 2164 954 2201 per
965 2156 1047 2188 vitra
1058 2152 1198 2188 colorata
1211 2158 1243 2189 δέ
1253 2152 1347 2200 plana
1362 2149 1460 2186 trans-

75 2202 162 2236 miffa
177 2215 232 2237 eos
246 2204 378 2250 quidem
399 2203 523 2239 colores
541 2203 645 2238 induit
657 2232 666 2246 ,
683 2202 735 2238 sed
753 2216 817 2238 non
835 2202 932 2237 aliam
949 2201 1085 2237 subeunt
1104 2201 1342 2243 refractionem,
1359 2200 1457 2247 quum

75 2250 96 2285 fi
111 2254 193 2286 vitra
210 2255 299 2287 omni
313 2251 409 2288 effent
427 2253 536 2288 colore
549 2252 708 2287 destituta.
729 2255 810 2289 Non
825 2253 918 2299 igitur
932 2263 1036 2300 partes
1061 2251 1124 2284 illae
1149 2262 1221 2297 quae
1244 2249 1367 2282 colores
1386 2247 1457 2282 effi-

74 2302 182 2342 ciunt,
194 2313 251 2335 ceu
266 2314 363 2349 parva
376 2303 520 2348 quaedam
541 2299 688 2349 prismata
700 2329 710 2344 ‚
731 2313 787 2335 aut
800 2299 969 2349 cylindruli
986 2301 1093 2333 radios
1112 2298 1240 2333 luminis
1262 2297 1461 2345 infringunt,

74 2360 130 2382 aut
143 2350 307 2395 disjiciunt.
331 2351 433 2398 Qod
447 2350 468 2385 fi
485 2353 603 2385 vitrum
618 2362 797 2384 convexum
816 2350 927 2397 aliquo
948 2347 983 2382 sit
999 2348 1107 2381 colore
1127 2345 1289 2381 imbutum
1300 2376 1308 2388 ,
1331 2346 1408 2379 radii
1428 2347 1460 2379 iu

74 2397 396 2444 eundemlocum‚seu
406 2400 483 2435 focfi
493 2398 623 2437 refracki
633 2398 819 2443 co'ibunt,ac
833 2398 853 2433 fi
868 2399 990 2434 vitrum
1003 2394 1079 2432 esset
1089 2398 1192 2432 omnis
1207 2394 1321 2430 coloris
1338 2406 1461 2444 expers³

1204 2447 1215 2480 1
1242 2471 1248 2480 ,
1271 2470 1279 2479 .
1297 2466 1304 2479 ,
1338 2467 1355 2477 ,.
1362 2470 1370 2494 J
