1878 2724
420 161 483 207 496
920 155 946 190 P
969 154 1004 190 H
1027 154 1059 190 Y
1080 154 1103 189 S
1127 153 1142 187 1
1165 152 1197 190 C
1219 156 1259 189 AE

407 198 477 246 sunt
491 210 583 244 unius
598 235 609 251 ,
623 205 675 241 sed
688 201 819 240 diversae
834 201 966 238 forsitan
975 213 1104 238 naturae.
1124 203 1206 237 Sunt
1215 204 1304 237 enim
1314 230 1326 246 ,
1339 213 1375 238 ut
1384 202 1524 243 diximus
1535 229 1545 247 ,
1563 211 1648 250 pene
1668 201 1802 239 aetherer
1855 213 1858 232 1

405 251 443 293 ¹'n
459 256 558 292 oculis
569 253 728 297 ,mobiles
746 254 780 287 in
792 252 918 287 auribus
930 279 939 295 ‚
956 251 1093 286 humore
1111 250 1354 286 viscosoirretiti
1373 254 1406 287 in
1417 251 1528 300 lingua
1546 256 1579 288 &
1592 249 1714 298 palato.
1734 252 1799 286 Sed

408 307 474 342 haec
487 303 566 339 fient
576 304 709 338 clariora
720 330 730 345 ‚
747 312 819 335 cum
834 301 874 335 de
887 302 1078 336 interiorum
1095 304 1130 338 &
1146 302 1348 336 exteriorum
1366 300 1513 339 sensuum
1535 311 1605 336 tum
1620 297 1810 336 functionis
1856 296 1860 331 ἰ

411 353 489 398 bus,
508 364 577 388 turn
591 352 719 401 organis
742 350 931 387 dixerimus.
1772 360 1775 363 *

919 448 949 483 C
968 449 996 485 A
1014 451 1037 485 P
1054 450 1090 486 U
1107 449 1138 483 T
1194 449 1280 486 111.-

773 548 831 580 De
836 546 983 593 senfitum
994 547 1180 582 interiorum
1186 543 1413 591 funl'lionibus-

463 644 523 678 Am
541 643 580 677 ad
596 643 698 679 sensus
718 645 884 680 interiores
906 649 1061 681 &eorum
1082 656 1204 694 organa
1229 643 1425 679 veniendum
1437 671 1447 686 ‚
1473 654 1613 690 quorum
1629 648 1820 680 numerum5

461 691 594 740 quisque
607 722 616 737 ‚
635 705 670 728 ut
682 692 812 728 libitum
823 694 865 728 est
876 722 885 736 ,
897 705 993 742 auget
1003 692 1058 728 vel
1073 695 1203 729 minuit.
1224 692 1307 728 illud
1323 690 1418 727 nobis
1443 689 1512 728 satis
1527 691 1695 728 verisimile
1708 693 1803 726 vide-

414 753 466 776 tur
478 770 487 782 ‚
502 754 601 776 unum
619 747 651 778 &
665 743 804 776 eundem
823 740 884 777 else
898 742 1019 776 sensum
1035 745 1212 791 principem
1224 770 1234 784 ‚
1253 743 1308 789 qui
1325 739 1468 777 &sensus
1487 743 1666 777 communis
1677 769 1687 785 ,
1703 746 1735 777 &
1751 742 1800 775 vis

412 792 617 838 imaginatrix
628 790 707 825 solet
717 791 870 840 appellari
883 807 892 833 3
904 790 1125 826 funetionibus
1136 803 1272 834 tantum,
1284 788 1407 832 officiis,
1419 795 1452 827 &
1466 789 1552 825 forte
1563 792 1691 839 organis
1704 788 1801 825 diffe-

414 850 487 873 runt
503 839 549 874 hae
569 838 749 876 facultates,
766 839 878 876 Sensus
890 841 1071 875 communis
1084 841 1199 874 dicitur
1213 868 1223 882 ,
1235 851 1271 874 ut
1283 837 1506 888 -impresliones
1524 838 1727 889 obje&orum
1744 843 1803 886 per
1854 878 1855 881 Ἴ

413 899 589 923 nervorum
609 886 706 922 fibras
719 917 729 932 ,
756 893 790 925 &
805 889 969 935 quendam
987 888 1153 936 spirituum
1168 888 1316 923 resultum
1330 889 1618 935 excipit:quatenus
1636 898 1746 922 autern
1763 898 1803 921 oa
1817 905 1821 908 -

413 938 521 971 motio
537 935 700 984 spirituum
717 937 884 983 quoddam
904 935 946 971 sui
971 937 1142 985 vestigium
1160 936 1287 971 cerebri
1304 935 1491 971 substantiae
1507 935 1690 985 impressum
1703 934 1802 970 relin-

414 986 676 1032 quit‚mem0ria
700 984 778 1019 solet
795 984 961 1033 appellari.
984 986 1168 1033 Vestigium
1188 985 1265 1019 illud
1287 985 1516 1032 quodcumque
1530 984 1585 1028 sit,
1615 982 1803 1033 phantasma

415 1035 532 1067 dicitur
544 1048 551 1069 ε
563 1035 645 1069 unde
656 1032 676 1067 si
685 1046 748 1080 qua
761 1046 797 1067 ex
811 1032 899 1067 causa
915 1033 1041 1068 cerebri
1056 1034 1143 1069 fibris
1155 1036 1283 1082 agitatis
1292 1062 1302 1076 ‚
1313 1045 1351 1067 ea
1360 1033 1578 1081 phantasmata
1588 1035 1802 1076 excutiantur,

415 1081 540 1117 sensum
553 1084 737 1130 primarium
753 1087 788 1118 δε
797 1094 1004 1116 communem
1015 1082 1107 1118 velut
1120 1083 1297 1117 admonent
1307 1110 1316 1124 ,
1328 1084 1385 1128 qui
1399 1081 1537 1129 ejusdem
1557 1084 1605 1116 rei
1623 1093 1722 1129 quam
1743 1092 1800 1130 per

415 1130 540 1166 sensum
558 1132 753 1165 exteriorem
771 1129 868 1165 hausit
882 1159 892 1173 ,
904 1133 1081 1180 imaginem
1098 1132 1185 1165 cudit
1200 1145 1208 1167 ι
1228 1132 1374 1178 quamvis
1391 1142 1428 1163 ea
1440 1129 1629 1178 plerumque
1651 1128 1686 1165 sit
1700 1132 1803 1179 magis

414 1178 554 1214 confusa.
575 1182 664 1217 Nam
676 1191 748 1226 quae
763 1191 820 1227 per
835 1178 937 1214 sensus
954 1182 1128 1215 exteriores
1146 1180 1186 1214 ad
1209 1191 1382 1215 commune
1395 1177 1564 1215 sensorium
1584 1177 1804 1227 impressiones

416 1238 550 1263 manant
563 1257 572 1271 ,
590 1241 637 1262 eae
657 1227 843 1262 suntmaois
864 1226 1020 1276 simplices
1043 1234 1077 1265 ὃ(
1095 1228 1271 1264 distinerae:
1293 1227 1382 1262 color
1399 1241 1432 1263 v.
1440 1241 1471 1276 g.
1485 1240 1540 1263 aut
1558 1227 1658 1276 figura
1677 1238 1804 1262 tantum

416 1277 557 1312 hominis
578 1289 634 1324 per
651 1275 761 1310 oculos
789 1258 889 1312 {iibitz
909 1288 943 1311 at
955 1290 1028 1311 cum
1047 1276 1186 1312 absentis
1208 1276 1394 1325 phantasma
1407 1279 1560 1320 recurrit,
1577 1288 1646 1312 tum
1671 1276 1702 1310 id
1721 1275 1804 1311 mihi

417 1325 501 1360 hunc
519 1324 785 1360 hominemscum
800 1327 895 1361 variis
911 1326 1145 1361 circunstantiis
1157 1355 1166 1371 ,
1184 1326 1311 1374 quae-ad
1328 1325 1411 1359 alios
1434 1324 1536 1361 sensus
1548 1327 1728 1374 pertinent,
1747 1336 1803 1360 ex-

417 1373 523 1409 hibet.
1237 1416 1242 1418 μ

465 1424 552 1458 Hinc
565 1434 635 1457 orta
653 1423 697 1457 est
723 1422 861 1471 vulgaris
882 1422 994 1458 divisio
1009 1421 1134 1470 objeffl
1152 1421 1303 1458 sensibilis
1318 1425 1351 1458 in
1374 1425 1551 1472 proprium,
1563 1423 1738 1470 cujusmodi
1757 1423 1817 1458 est'

418 1470 510 1506 color
527 1473 583 1519 qui
596 1472 634 1505 ad
652 1471 751 1507 visum
770 1471 872 1506 solum
892 1475 1032 1520 pertinet
1050 1489 1059 1516 3
1076 1485 1247 1507 commune
1262 1500 1271 1515 ‚
1288 1483 1323 1507 ut
1342 1471 1496 1521 figuram,
1512 1483 1637 1506 motum
1664 1477 1697 1509 &
1709 1474 1804 1519 quie-

419 1531 486 1554 tem
498 1549 507 1563 ,
523 1532 660 1567 quaeque
674 1520 777 1567 plures
793 1520 894 1555 sensus
907 1519 1070 1564 afficiunt,
1086 1527 1123 1558 &
1134 1534 1190 1569 per
1210 1522 1367 1557 accidens.
1386 1523 1438 1555 Sic
1451 1521 1552 1556 horno
1564 1548 1573 1563 ,
1593 1532 1649 1555 aut
1666 1519 1804 1556 substan-

420 1570 463 1603 tia
478 1571 605 1616 quaevis
614 1568 703 1604 sensu
720 1571 892 1618 percipitur
908 1598 918 1612 ,
929 1583 997 1605 non
1015 1582 1070 1618 per
1086 1571 1115 1604 se
1127 1598 1136 1612 ‚
1151 1569 1202 1604 sed
1224 1582 1280 1618 per
1290 1570 1442 1605 accidens
1460 1599 1470 1614 ‚
1484 1570 1571 1617 quod
1593 1569 1673 1604 illius
1686 1569 1756 1604 idea
1766 1568 1803 1606 sit

418 1619 588 1664 conjuncta
604 1630 678 1653 cum
697 1618 776 1652 ideis
794 1631 907 1653 eorum
925 1632 995 1667 quae
1008 1631 1067 1666 >per
1086 1617 1116 1653 se
1129 1618 1217 1654 sensu
1236 1620 1466 1668 percipiuntur.
1481 1620 1538 1654 -Ac
1555 1617 1686 1654 subinde
1705 1618 1804 1654 docet
1819 1626 1821 1629 '

418 1666 602 1702 Aristoteles
621 1666 741 1702 sensum
759 1669 844 1702 circa
861 1671 1028 1715 proprium
1040 1666 1185 1703 sensibile
1194 1681 1261 1703 non
1270 1668 1356 1713 falli,
1374 1669 1523 1716 quamvis
1543 1665 1698 1702 sensibilia
1710 1678 1804 1703 comi.

419 1717 528 1749 munia
538 1744 547 1758 ‚
561 1721 593 1751 &
611 1728 668 1762 per
680 1716 828 1750 accidens
843 1715 981 1764 persaepe
990 1715 1085 1752 nobis
1100 1718 1277 1765 imponant.
1290 1740 1295 1745 ι

459 1766 532 1799 Νο5
552 1776 631 1798 vero
643 1765 674 1798 in
689 1775 727 1798 ea
740 1764 840 1799 sumus
860 1767 1017 1813 opinione
1029 1794 1038 1809 ,
1055 1777 1091 1800 ut
1102 1778 1206 1812 neque
1221 1765 1349 1802 sensum·
1363 1768 1555 1801 exteriorem
1566 1795 1576 1810 ,
1589 1777 1699 1813 neque
1717 1768 1802 1802 inte‘-

421 1814 540 1846 riorem
551 1814 632 1846 circa
643 1813 676 1846 id
688 1813 776 1859 quod
786 1825 842 1860 per
852 1813 882 1847 se
893 1815 934 1848 est
944 1813 1172 1855 sensil³ile,falli
1184 1814 1437 1851 arbitremurAEst
1446 1817 1567 1863 quippe
1585 1813 1716 1849 sensatio
1729 1828 1801 1850 mo‘-

422 1873 471 1896 tus
484 1861 617 1907 quidam
629 1890 637 1901 ,
651 1864 709 1908 qui
722 1861 763 1895 ab
780 1861 914 1907 objecto
928 1874 963 1896 ut
979 1862 1000 1897 ὰ
1020 1865 1051 1896 vi
1065 1865 1201 1897 morrice
1219 1863 1428 1910 proficiscitur
1449 1878 1457 1900 :
1474 1863 1638 1912 obJeClmm
1662 1875 1740 1897 vero
1753 1864 1802 1898 est

421 1921 518 1957 agens
532 1909 793 1956 naturale‚quod
811 1912 844 1944 in
859 1911 986 1957 agendo
1011 1923 1126 1945 omnes
1149 1914 1232 1944 vites
1251 1911 1318 1945 suas
1338 1913 1441 1946 exerit
1456 1940 1466 1954 ,
1479 1916 1522 1948 δί’
1541 1923 1657 1946 movet
1679 1923 1719 1946 eo
1733 1924 1802 1959 quo

422 1956 522 1991 debet
540 1969 673 1991 movere
691 1957 808 1993 modo:
827 1970 903 2005 ergo
917 1957 1016 1992 sensus
1032 1957 1191 2006 impress'io
1206 1957 1327 2007 semper
1342 1960 1412 1994 talis
1425 1961 1468 1995 est
1480 1989 1489 2003 ‚
1499 1960 1600 2007 qualis
1613 1959 1674 1994 esse
1688 1959 1804 2004 deber,

423 2011 457 2042 δι
475 2002 581 2039 simi'is
600 2004 729 2053 obje&o
744 2005 796 2040 suo
811 2005 960 2041 formali:
975 2019 1080 2054 neque
1100 2019 1242 2054 unqu‘vm
1253 2010 1409 2056 decipitur
1423 2008 1545 2052 sensus,
1562 2021 1599 2043 ac
1616 2020 1656 2044 ne
1669 2010 1807 2044 interior

422 2054 557 2102 quidem
570 2083 578 2097 ‚
591 2066 688 2100 quem
705 2066 854 2089 externus
873 2067 910 2089 ut
923 2068 1020 2104 agens
1033 2057 1176 2090 naturale
1191 2062 1223 2093 &
1235 2071 1301 2092 non
1312 2057 1463 2092 aberrans
1481 2057 1632 2107 impellit.
1646 2078 1651 2084 ÷

464 2101 534 2149 Ipsa
550 2114 628 2137 vero
639 2114 691 2137 aut
702 2105 784 2136 ratio
798 2133 806 2146 ‚
818 2116 872 2138 aut
890 2107 1077 2152 imaginatio
1090 2117 1157 2140 tum
1178 2107 1332 2153 decipitur
1348 2135 1357 2149 ‚
1377 2119 1449 2141 cum
1463 2106 1599 2155 speciem
1622 2118 1731 2143 recens
1746 2119 1805 2157 pet

424 2150 524 2186 sensus
535 2163 699 2199 acceptam
710 2165 783 2185 cum
802 2152 862 2186 alia
876 2155 957 2200 ptius
980 2166 1129 2201 percepta
1144 2154 1333 2190 confundit:
1351 2167 1419 2190 rum
1433 2158 1520 2191 enim
1535 2154 1571 2190 fit
1590 2154 1733 2190 sensibile
1748 2169 1806 2205 per
1821 2162 1824 2164 ’
1874 2150 1878 2162 ⁵

423 2200 570 2234 accidens
582 2229 591 2241 ,
604 2201 693 2246 quod
711 2202 933 2249 imaginationi
953 2202 1059 2236 fucum
1075 2203 1161 2238 facit.
1174 2205 1235 2237 Sed
1248 2202 1447 2238 nbi‘interior
1466 2203 1566 2239 sensus
1578 2203 1687 2238 ‘solum
1709 2216 1804 2240 exter

425 2251 544 2283 riorem
564 2247 777 2295 subsequitur,
798 2249 866 2283 falli
889 2264 953 2285 non
969 2252 1078 2298 potest.
1113 2254 1199 2287 Nam
1213 2252 1265 2285 istri
1280 2251 1454 2300 propositio
1476 2252 1607 2287 baculus
1628 2256 1744 2300 partim
1767 2256 1802 2289 in

424 2309 506 2344 aqua
519 2326 528 2339 ‚
554 2300 672 2344 partim
692 2299 724 2332 in
745 2310 817 2331 aere
836 2298 951 2342 positus
967 2311 1100 2346 apparet
1120 2301 1236 2336 fractus
1249 2331 1257 2343 ,
1269 2313 1342 2335 vera
1357 2303 1418 2336 este
1430 2301 1479 2335 sed
1498 2301 1574 2336 falsa
1585 2301 1685 2335 futura
1701 2302 1746 2336 est
1757 2331 1767 2345 ,
1779 2301 1801 2338 fi

426 2344 574 2380 baculum
586 2345 724 2381 fractum
737 2345 796 2381 else
805 2348 953 2394 judicem.
969 2349 1077 2396 Qqare
1091 2351 1123 2384 in
1134 2353 1342 2396 perceptione
1353 2353 1395 2384 rei
1410 2349 1560 2385 sensibilis
1573 2363 1638 2385 non
1649 2349 1803 2396 fallimur,
1816 2374 1822 2381 ·

426 2392 479 2428 sed
492 2397 523 2430 in
532 2394 671 2442 judici05
688 2408 747 2432 nec
764 2395 862 2433 sensus
887 2395 999 2437 saltem
1013 2400 1151 2436 exterior
1164 2412 1305 2448 unquam
1322 2399 1469 2446 aberrat,
1493 2412 1533 2437 ne
1554 2411 1620 2436 tum
1643 2401 1802 2447 quidem3

1728 2460 1803 2484 cum
