1878 2724
370 158 410 190 90
768 139 1035 177 PHY51CAE
1080 141 1415 179 GENER'A'LIS'

367 207 443 230 nem
455 191 650 227 desideremr
663 218 673 233 ‚
689 188 747 224 ubi
759 192 905 225 minimae
924 191 1016 224 unius
1038 188 1172 237 liquoris
1188 204 1296 240 partes
1309 205 1385 229 cum
1405 191 1538 229 alterius*
1555 195 1699 231 minimis
1720 195 1781 234 iti.-

365 245 441 278 dem
462 241 626 291 particulis
646 238 829 276 miscentur.
860 241 982 288 Neque
999 241 1090 274 euim
1105 241 1230 276 necesse
1242 243 1287 277 est
1305 255 1343 279 ut
1358 241 1421 279 sese
1435 254 1552 279 mutuo
1569 258 1769 296 penetrent,

365 296 413 328 uti
426 291 526 328 visum
537 291 579 325 est
594 288 745 326 Plotino:
764 288 819 324 sed
831 289 1010 338 qualitates
1030 288 1101 338 ipsae
1122 289 1298 326 secundum
1316 292 1346 328 se
1362 305 1448 329 totas
1475 297 1648 341 uniuntur,
1662 308 1766 346 atque

363 342 430 377 aliae
448 341 490 375 ab
508 340 576 375 aliis
595 339 819 376 retunduntur.
852 340 1018 387 Qamvis
1044 340 1166 376 eaedem
1181 339 1354 377 secundum
1374 343 1570 390 essentiam,
1587 358 1710 396 atque,
1727 357 1765 383 ut

362 394 474 432 aiunt,
493 389 679 425 formaliter
703 401 898 426 remaneant
919 401 926 423 :
952 391 1002 425 vis
1022 399 1132 426 tamen
1152 402 1264 426 earum
1284 392 1531 440 quodammodo
1552 406 1763 446 temperatur.

362 443 451 477 Nam
466 439 630 474 elementa
641 442 793 475 inmixto
806 438 895 489 quasi
903 450 1065 483 veterno,
1088 452 1144 475 aur
1161 439 1312 490 lethargo
1335 440 1482 491 oppressa
1498 443 1690 482 delitescunt
1704 461 1711 483 :
1725 458 1764 483 ut

360 502 434 525 cum
452 488 577 538 spiritus
592 490 675 524 acidi
692 502 766 525 cum
781 489 899 526 salibus
911 488 984 526 fixis
1003 488 1185 527 miscentur.
1203 492 1267 526 Sed
1279 489 1322 525 ab
1332 491 1468 528 aliorum
1477 493 1611 530 vinculis
1627 496 1766 546 expedi-

362 551 394 574 ta
411 542 496 574 vires
510 539 578 575 suas
591 539 761 576 manifeste
772 540 918 589 produnt
926 557 938 586 3
953 551 988 576 ut
1001 539 1154 589 exemplo
1172 540 1243 576 salis
1257 543 1367 576 tamti
1377 572 1388 588 ‚
1403 542 1512 580 &olei
1522 544 1647 580 vitrioli
1656 547 1765 584 osten-

361 590 475 625 dimus.

393 642 432 675 Et
446 638 578 687 quidem
590 652 709 689 negare
722 654 789 676 non
807 638 969 690 possumus
988 641 1069 688 quin
1079 641 1217 677 mustum
1229 639 1267 676 sit
1283 643 1423 678 mixtum
1436 642 1648 691 perfechim:
1668 653 1707 678 ex
1722 654 1775 681 eo·

358 701 469 724 tamen
483 688 587 724 multa
596 702 680 738 aqua
690 690 897 726 distillatione
906 689 1042 725 elicitur
1052 719 1062 733 ‚
1072 695 1106 727 &
1117 703 1159 725 eo
1174 690 1323 736 uberior,
1336 704 1405 740 quo
1418 693 1659 728 vindemiarum
1678 705 1777 729 tem-⁴

358 751 437 788 pore
457 750 513 774 aut
528 739 634 774 aestate
647 751 717 774 tota
735 752 808 785 uvae
827 740 965 788 largiore
979 739 1090 789 pluvia
1110 740 1248 789 perfusae
1267 743 1492 779 intumuerint.
1518 742 1677 778 ian-forte
1689 744 1766 791 quis

357 790 527 838 negaverit
539 791 572 824 in
586 788 735 825 cerevisia
748 790 819 839 post
838 789 1131 826 fermentationem
1143 803 1263 839 aquam
1279 793 1354 827 actu
1373 790 1500 828 inesse-2
1519 803 1709 840 quanquam
1725 805 1776 828 ea·

358 852 427 875 non
442 838 568 874 facilius
581 851 619 874 ex
638 839 791 876 cerevisia
805 851 906 888 quam
921 852 961 874 ex
975 842 1054 875 vino
1072 841 1261 878 extrahitur.
1277 844 1369 878 Nam
1388 840 1561 877 miscibilia
1581 841 1680 891 longa
1693 841 1765 886 fer-2

356 891 562 924 mentatione
572 891 731 925 minutius
741 890 959 926 conciduntur
968 919 978 934 ,
992 895 1027 927 &
1038 893 1217 926 accuratius
1231 891 1478 940 permiscentur.

397 939 484 988 Opp.
498 953 533 985 4.
545 951 659 976 contra
668 939 890 989 posteriorem>
902 938 1114 976 conclusionis
1126 951 1254 989 partem
1268 968 1279 984 ,
1289 953 1354 989 qua
1371 941 1507 977 diximus
1519 941 1688 976 elementa
1699 939 1775 977 esser

358 1000 482 1024 tantum
501 990 660 1038 potestate
671 992 702 1026 in
713 991 818 1026 mixto
829 990 1002 1025 secundum
1016 989 1080 1025 esse
1093 989 1238 1026 sensibile
1247 1018 1257 1035 ,
1269 995 1304 1028 &
1313 989 1478 1040 physicum
1490 1020 1500 1034 ,
1510 990 1684 1038 qualitates
1696 990 1775 1025 ele--

357 1051 544 1074 mentorum
558 1037 620 1075 esse
639 1042 673 1076 in
681 1042 790 1076 mino
799 1038 961 1077 sensibiles
974 1053 1074 1090 :ergo
1090 1046 1124 1078 &
1143 1040 1326 1085 elementa3
1343 1053 1413 1076 non
1428 1042 1516 1076 enim
1529 1039 1662 1075 aliunde
1672 1039 1764 1075 calot

356 1090 459 1123 oritur
467 1101 568 1136 quam
590 1088 632 1124 ab
648 1092 735 1140 igne.
764 1090 896 1127 Deinde
912 1088 933 1125 fi
946 1090 1186 1126 elementorum
1202 1090 1318 1127 formae
1328 1102 1398 1126 non
1411 1086 1504 1125 insint
1525 1091 1632 1125 mixto
1649 1102 1658 1125 ε
1680 1101 1762 1139 ergo

355 1149 420 1172 una
431 1140 493 1173 erit
510 1144 544 1175 δε
559 1137 691 1187 simplex
709 1141 805 1175 mixti
829 1140 941 1176 forma
957 1152 1086 1184 ‚unum
1106 1141 1221 1175 itidem
1242 1138 1377 1189 simplex
1403 1152 1518 1188 corpus
1541 1138 1688 1174 futurum
1707 1139 1762 1175 est.

354 1188 522 1222 Postremo
537 1199 576 1222 ex
586 1190 624 1223 iis
634 1191 775 1225 mixtum
783 1190 913 1225 constat
923 1218 933 1233 ‚
943 1191 977 1226 in
991 1202 1065 1238 quae
1081 1189 1252 1227 resolvitur
1266 1204 1274 1226 :
1295 1191 1348 1225 sed
1361 1191 1437 1226 adiu
1450 1188 1622 1226 resolvitur
1641 1190 1674 1224 in
1693 1187 1762 1224 ele-

356 1248 466 1271 menta
478 1251 486 1273 ε
500 1249 578 1285 ergo
591 1250 631 1271 ex
643 1239 681 1271 iis
693 1241 768 1274 actu
777 1238 949 1274 conflatur.
1770 1252 1772 1256 ’

390 1287 481 1334 Refp.
492 1286 539 1321 his
555 1291 589 1323 &
601 1286 673 1321 aliis
689 1300 761 1336 quae
775 1286 917 1324 afferunt
931 1315 942 1331 ,
955 1299 1024 1322 non
1034 1285 1120 1321 aliud
1129 1284 1262 1335 probari
1274 1316 1284 1331 ‚
1299 1299 1401 1336 quam
1420 1288 1453 1323 id
1471 1286 1574 1337 ipsum
1590 1286 1680 1334 quod
1697 1294 1762 1322 voi

355 1334 458 1370 lumus
473 1364 482 1378 ,
507 1335 670 1372 elementa
683 1339 838 1373 nimirum
855 1339 891 1373 in
905 1340 1011 1374 mixto
1030 1349 1210 1372 remanere.
1235 1337 1400 1384 Qamvis
1419 1340 1454 1373 in
1479 1351 1520 1373 eo
1548 1339 1593 1372 ita
1609 1349 1679 1371 non
1701 1335 1774 1372 sint·

353 1386 448 1429 atstu,
463 1397 497 1419 ut
512 1384 599 1421 sensu
615 1389 742 1437 percipi
755 1386 875 1436 poffint
891 1401 899 1424 :
917 1387 1005 1423 unde
1020 1388 1141 1423 virtute
1159 1398 1216 1421 aut
1230 1389 1381 1436 porentia
1401 1386 1499 1424 inesse
1512 1388 1675 1422 dicuntur.
1707 1386 1774 1422 Ad.

353 1437 495 1482 primum
503 1436 616 1483 itaque
626 1436 858 1486 respondemus
873 1466 884 1481 ,
894 1436 1070 1486 qualitates
1089 1436 1330 1473 elementorum
1339 1440 1372 1472 in
1381 1439 1486 1472 mixto
1497 1436 1575 1472 aCku
1590 1433 1707 1481 inesse,
1725 1436 1776 1473 &2

354 1483 493 1520 sensibus
513 1487 657 1535 percipi,
671 1498 704 1522 ut
717 1487 864 1523 refractae
874 1486 966 1532 sunt,
977 1483 1193 1530 autremissae,
1206 1499 1274 1522 non
1291 1499 1328 1522 ut
1354 1486 1504 1531 intensae,
1527 1491 1563 1524 &
1584 1484 1760 1522 elementis

353 1536 513 1583 propriae:
531 1534 618 1570 calor
633 1538 724 1573 enim
740 1537 881 1573 summus
900 1537 948 1572 est
957 1539 1041 1586 ignis
1056 1536 1197 1585 qualitas
1208 1564 1218 1581 ,
1229 1549 1298 1573 non
1307 1535 1461 1572 remissus.

414 1584 464 1619 Ad
479 1585 512 1619 id
523 1585 614 1632 quod
624 1584 765 1623 secundo
775 1586 851 1622 loco
860 1585 998 1622 afferunt
1012 1587 1124 1635 ‚Rcfih
1136 1588 1274 1621 mixtum
1292 1599 1360 1622 non
1377 1598 1416 1621 ex
1432 1587 1538 1635 prima
1557 1582 1661 1620 solum
1674 1613 1686 1629 ‚
1700 1583 1756 1619 sed

353 1645 393 1669 ex
411 1632 548 1669 secunda
567 1637 668 1671 etiam
680 1638 818 1673 materia
832 1637 978 1673 constare
990 1664 1000 1681 ,
1012 1647 1122 1684 neque
1140 1635 1224 1671 adeo
1239 1633 1300 1671 esse
1319 1648 1435 1684 corpus
1453 1633 1589 1684 simplex
1603 1650 1613 1677 ;
1632 1632 1761 1671 tametsi

352 1696 417 1719 una
436 1684 478 1718 est
488 1683 576 1720 illius
590 1684 718 1724 forma:
735 1688 804 1722 haec
813 1689 902 1722 enim
917 1685 1052 1721 resultat
1063 1698 1102 1720 ex
1113 1685 1356 1721 elementorum
1368 1687 1496 1723 formis.
1508 1684 1680 1721 Elementa
1692 1686 1759 1719 ita-

353 1746 420 1780 que
436 1732 492 1768 sub
508 1733 584 1768 adiu
594 1737 689 1770 mixti
702 1735 809 1770 insunt
820 1764 830 1778 ‚
843 1741 879 1773 &
895 1734 952 1769 sub
966 1734 1051 1769 illius
1062 1732 1141 1769 effe:
1160 1745 1198 1767 ac
1211 1736 1299 1768 vices
1314 1736 1425 1783 potius
1444 1735 1588 1769 materiae
1599 1732 1757 1777 obeunt,

353 1794 452 1829 quam
464 1782 577 1817 formae
589 1795 668 1827 3nec
682 1782 737 1818 sub
751 1786 828 1820 actu
846 1795 918 1828 ‚aut
936 1782 997 1819 esse
1010 1784 1163 1832 proximo
1176 1784 1293 1831 vigent
1306 1811 1315 1825 ,
1326 1783 1484 1830 nusquam
1504 1784 1593 1817 enim
1618 1783 1703 1816 ionis
1722 1784 1757 1817 in

353 1830 443 1879 ligno
455 1860 465 1875 ,
481 1832 603 1867 nedum
616 1833 651 1869 in
667 1845 830 1868 marmore
842 1863 852 1878 ‚
866 1836 1005 1868 autnive
1026 1832 1056 1868 se
1074 1832 1195 1881 prodit.
1220 1833 1332 1867 Atomi
1346 1833 1480 1880 quidem
1501 1834 1584 1880 ignis
1604 1812 1680 1867 affin
1704 1833 1758 1866 in-

353 1880 422 1915 sunt
436 1883 523 1925 nivi‚
543 1881 685 1918 calorem
696 1882 784 1919 suum
797 1882 1038 1919 intenfiffimtim
1049 1880 1264 1917 servantzsed
1285 1881 1408 1917 nullam
1427 1881 1552 1917 habent
1575 1883 1645 1915 vim
1667 1880 1757 1915 cale-

353 1930 516 1975 faciendi,
533 1944 641 1979 neque
653 1933 736 1967 adeo
750 1933 883 1968 calorin
897 1935 973 1969 nive
986 1931 1125 1980 qualitas
1137 1930 1263 1980 physica
1279 1937 1312 1969 ὃς
1332 1930 1485 1967 sensibilis
1499 1932 1564 1966 dici
1581 1929 1696 1979 potest.

390 1980 493 2027 Qiod
512 1994 685 2029 opponunt
703 1987 735 2017 in
750 1995 787 2018 ea
805 1982 923 2018 resolvi
942 1994 1061 2031 corpus
1075 2011 1084 2025 ,
1110 1993 1149 2015 ex
1161 1981 1280 2029 quibus
1293 1983 1368 2018 astu
1380 1982 1591 2029 componitur
1605 2009 1618 2029 ³,
1625 1984 1694 2028 Jam
1708 1978 1758 2015 su-

352 2043 409 2080 pra
424 2030 611 2079 responsum
623 2031 670 2067 est
682 2062 691 2077 ‚
700 2033 732 2067 id
748 2046 817 2069 non
828 2035 919 2069 omni
933 2046 973 2069 ex
988 2043 1080 2081 parte
1089 2043 1204 2066 verum
1216 2029 1278 2067 esse
1290 2041 1300 2063 ἓ
1312 2044 1386 2067 cum
1400 2043 1439 2067 ex
1449 2030 1548 2066 melle
1556 2040 1611 2065 aut
1628 2029 1772 2065 saccha-v

353 2094 389 2116 ro
407 2079 443 2116 fit
454 2092 581 2116 acetum
595 2085 786 2118 acerrimum
797 2113 806 2127 ‚
823 2095 890 2119 non
899 2085 1058 2118 continuo
1069 2080 1232 2129 liquorem
1246 2083 1374 2118 acidum
1390 2084 1425 2117 in
1445 2080 1545 2116 melle
1566 2078 1755 2115 adruineffe

353 2130 462 2178 colligi
481 2132 571 2166 teoke
597 2132 720 2180 potest:
738 2135 788 2168 uti
807 2133 895 2168 forte
917 2144 979 2168 nec
995 2134 1029 2167 in
1052 2133 1154 2175 virm,
1174 2144 1235 2167 nec
1262 2134 1297 2167 in
1312 2131 1475 2180 sulphure.
1498 2131 1563 2166 Sed
1580 2127 1660 2163 illud
1685 2130 1756 2163 veri

354 2182 540 2228 proximum
555 2181 599 2216 est
622 2181 719 2218 salem
733 2185 769 2218 vi
782 2185 866 2233 ignis
879 2183 1012 2218 fluidum
1024 2180 1109 2217 effici
1129 2199 1137 2225 3
1154 2181 1236 2216 illius
1254 2181 1426 2231 particulas
1451 2191 1610 2227 tanquam
1631 2175 1757 2226 gladio-

353 2231 401 2265 los
418 2233 528 2266 exacui
544 2231 647 2267 :unde
672 2237 706 2270 ὃς
721 2233 786 2268 alia
805 2245 941 2282 corpora
967 2232 1021 2267 sua
1047 2231 1212 2267 soliditate
1232 2262 1241 2276 ‚
1263 2237 1297 2269 &
1312 2231 1414 2281 figura
1443 2228 1563 2264 secant.
1591 2229 1666 2264 Nec
1683 2239 1755 2274 quae

354 2283 437 2328 ignis
457 2281 564 2315 calore
581 2282 747 2333 &corpore
759 2286 865 2319 mixto
878 2283 1094 2319 extrahuntur
1107 2312 1118 2326 ,
1136 2282 1251 2317 eadem
1271 2284 1346 2318 adiu
1365 2291 1455 2315 eraut
1477 2282 1509 2314 in
1537 2278 1645 2314 mixto
1662 2304 1673 2321 ,
1699 2276 1756 2312 sed

355 2331 513 2377 potestate
538 2343 677 2370 tantum.

393 2379 513 2420 Inflant
527 2409 537 2423 ‚
552 2382 718 2419 elementa
732 2397 800 2419 non
816 2382 946 2433 possunt
966 2382 1025 2418 csse
1037 2386 1069 2419 in
1090 2386 1193 2419 mixto
1205 2393 1261 2432 per
1272 2381 1381 2415 astum
1395 2411 1404 2425 ,
1416 2391 1472 2415 aut
1482 2376 1543 2414 esse
1556 2379 1651 2414 mixti
1673 2391 1680 2413 z
1700 2379 1751 2412 ni-

358 2428 403 2464 hil
418 2431 505 2464 enim
517 2431 623 2465 existit
636 2446 694 2481 per
706 2435 908 2470 existentiam
927 2433 1063 2469 alterius.
