1878 2724
400 123 470 157 :242
746 107 1038 149 ,ΡΗΥΞῘΕἏΕ
1093 107 1427 149 GENERALIS··

412 172 446 194 re
464 157 529 208 ipsa
542 156 734 194 diffentiunt.
751 157 877 192 Medici
891 169 931 191 ex
949 155 1072 192 diversa
1086 161 1339 206 temperamenti
1363 165 1398 197 &
1413 158 1554 195 materiae
1569 157 1800 207 permistione,-

400 209 556 257 Juniores
570 203 751 255 philosophi
764 218 803 241 ex
819 206 1014 242 mechanicis
1027 204 1256 242 affectionibus
1269 236 1279 252 ,
1290 208 1432 258 chymici
1445 208 1498 244 vel
1516 221 1556 244 ex
1569 209 1695 246 diverso
1707 213 1799 260 prin-

411 259 571 305 cipiorum
584 256 687 298 statu,
710 255 764 291 vel
779 267 817 290 ex
836 253 898 291 sale
911 255 1006 289 acido
1018 260 1051 292 δε
1061 254 1157 290 alcali
1173 267 1297 292 tantam
1323 258 1515 305 qualitatum
1530 259 1724 299 varietatem
1746 259 1802 295 soa

413 306 482 342 lent
498 316 645 351 repetere
656 316 777 352 :atq—ue
791 316 825 340 ur
846 304 931 340 mihi
944 305 1074 340 videtur
1086 333 1096 349 ,
1123 303 1238 354 smguli
1253 318 1315 341 nec
1335 309 1446 348 omnia
1459 337 1470 352 ,
1491 319 1552 343 nec
1568 308 1651 343 nihil
1671 309 1799 345 dicunt.

410 357 498 392 Nam
509 355 614 401 plures
631 363 806 403 corporum
821 356 905 390 vites
922 354 963 389 ad
986 354 1129 391 diversos
1146 346 1324 403 primarum
1344 356 1538 403 qualitatum
1552 358 1670 406 gradus
1683 357 1802 393 referri

411 401 575 452 polsenon
588 402 736 440 inficior:
758 416 872 440 omnes
889 415 1002 439 tamen
1017 406 1109 441 exiis
1126 417 1196 441 non
1240 404 1390 440 rofluunt.
1421 408 1476 440 Sic
1491 405 1601 442 multae
1626 419 1803 456 corporum

408 451 600 488 affectiones
617 465 656 487 ex
670 452 732 488 sale
742 453 836 488 alcali
845 459 878 491 δε
890 454 984 489 acido
1000 454 1169 490 dimanant
1185 468 1195 490 z
1211 417 1266 489 ἑά
1278 466 1317 489 ex
1330 456 1366 488 iis
1376 467 1490 490 ornnes
1504 458 1651 499 oriri,aut
1660 468 1699 492 ex
1709 457 1805 505 prin⁴s

408 503 500 550 cipiis
514 501 750 549 Chymicorum
761 516 828 538 non
840 502 1043 539 crediderim.
1055 502 1465 539 Mechanicaeaffefflones
1481 502 1552 540 sunt
1568 504 1652 542 forte
1670 507 1708 540 iis
1722 506 1801 540 viri-

410 549 468 587 bus
485 551 683 600 explicandis
697 552 970 596 accommodatae3
990 551 1042 588 sed
1053 565 1121 600 quae
1132 551 1252 602 figura,
1276 554 1335 600 qui
1355 564 1461 588 motus
1474 564 1596 590 certam
1609 553 1803 601 qualitatem

407 612 559 649 procreet
569 630 579 643 ,
595 599 756 649 explicatu
767 601 902 637 arduum
912 601 966 637 est.
979 602 1093 649 Qare
1105 601 1186 637 illud
1195 604 1294 637 tutius
1305 602 1392 638 mihi
1405 603 1533 638 videtur
1543 605 1690 640 omnium
1699 602 1803 640 sceta-

407 661 480 685 rum
498 652 545 684 uti
556 647 710 694 sublidio,
728 650 853 686 nullam
871 649 1052 700 aspernari,
1074 650 1131 686 nifi
1148 651 1222 686 c'um
1233 650 1311 686 alias
1330 651 1484 688 excludit.
1634 689 1639 692 ,
1799 678 1801 680 v

445 701 562 746 Itaque
577 699 610 734 id
623 699 772 735 Fetnelio
785 705 826 737 ⁴&
845 699 916 734 aliis
931 700 1065 735 medicis
1078 699 1175 736 facile
1194 699 1402 735 concedimus
1417 728 1426 743 ,
1451 699 1624 748 qualitates
1648 700 1804 740 secundas

407 759 448 782 ex
466 750 577 796 primis
590 760 662 783 cum
674 751 809 785 materia
821 747 888 796 ipsa
901 750 991 783 varie
1005 749 1160 797 permistis
1170 750 1261 784 oriri.
1281 750 1372 784 Nam
1385 760 1422 784 ut
1435 752 1503 795 ejus
1517 749 1709 785 methodum
1727 748 1803 785 infi-

409 797 523 832 stamus
535 826 545 842 ‚
571 796 720 845 cujusque
732 800 879 847 corporis·
890 809 1002 846 partes
1015 809 1069 833 aut
1085 809 1196 834 tenues
1205 797 1294 842 sunt,
1308 808 1365 833 aut
1388 797 1518 843 craffae„
1535 810 1589 834 aut
1605 798 1805 843 mediocres,

407 858 520 894 eaeque
537 860 612 882 cum
625 849 734 896 primis
748 846 961 895 qualitatibus
970 849 1060 882 varie
1073 857 1306 894 temperantur.
1502 874 1512 880 ,
1713 875 1717 879 .

399 893 401 896 ’
442 895 533 931 Cum
550 898 809 936 materiattenuis,
825 895 891 939 est,
904 898 1050 944 corporis
1073 908 1194 932 meatus
1208 923 1220 939 ,
1238 901 1271 932 δέ
1296 895 1446 932 humores
1461 895 1609 934 citiffime
1633 896 1807 944 pervadit}

400 943 503 979 craffa
518 944 597 980 vero
611 951 646 986 ὃς
656 945 743 980 lenta
752 945 849 981 haeret
864 974 876 988 ,
895 950 930 981 δε
948 944 1087 981 obstruit
1103 961 1113 988 ς
1133 957 1173 980 ex
1190 943 1299 985 calore
1316 946 1366 980 vis
1379 946 1497 993 agendi
1510 947 1655 983 materiae
1663 945 1802 990 accedit,

407 1003 445 1027 ut
458 992 558 1042 frigus
573 1000 606 1031 &
617 994 796 1030 humiditas
806 1004 975 1043 torporem
985 993 1091 1031 solent
1107 1023 1118 1038 ,
1137 992 1350 1042 &segnitiem
1368 993 1489 1029 inferre
1503 993 1705 1042 corporibus.
1753 988 1762 994 ⁴

409 1068 419 1085 3
448 1043 536 1078 Cum
555 1045 650 1092 igitur
664 1046 769 1079 tenuis
782 1044 824 1078 est
837 1045 974 1079 materia
992 1048 1032 1081 δε-
1042 1043 1146 1078 calida
1161 1071 1170 1087 ‚
1191 1053 1260 1077 tum
1280 1041 1392 1077 crassbs
1411 1041 1588 1085 humores,
1606 1043 1729 1089 quique
1744 1041 1805 1076 fri-‘

405 1103 486 1138 gore
503 1092 670 1136 coaluere,
684 1104 854 1136 attenuat,
867 1090 981 1128 incidit
997 1120 1006 1135 ‚
1023 1093 1142 1140 digerit
1151 1121 1161 1135 ,
1177 1090 1232 1126 seu
1243 1091 1402 1126 inhalitus
1411 1088 1542 1139 difflpat
1556 1108 1566 1135 3
1582 1093 1716 1139 exiguos
1727 1102 1803 1125 cot-

406 1142 494 1186 poris
511 1143 775 1190 meatus'aperit„
789 1140 966 1184 rarefacit,
983 1140 1136 1177 humores
1146 1142 1290 1187 denique
1303 1139 1458 1183 attrahit,
1483 1139 1561 1175 dum
1578 1151 1633 1175 eos
1657 1137 1802 1177 resolvit.

451 1189 516 1223 Sed
525 1188 585 1224 ubi
597 1189 686 1230 calor
705 1192 738 1225 in
749 1192 841 1226 tenui
854 1192 992 1226 materia
1002 1190 1186 1238 ‘intenditur
1195 1217 1206 1233 ‚
1225 1200 1295 1224 tum
1309 1190 1372 1224 urit
1383 1193 1417 1225 &
1427 1188 1589 1229 exulcerat
1601 1205 1610 1232 ς
1622 1186 1680 1228 ubi
1690 1187 1804 1224 temis-

397 1235 468 1271 ·sior
485 1238 528 1280 est
537 1266 547 1281 ,
564 1249 634 1274 tum
643 1241 746 1274 minus
756 1239 866 1277 valide
880 1240 1006 1287 aperit:
1017 1238 1076 1273 ubi
1088 1239 1191 1287 frigus
1203 1238 1405 1282 dominatur,
1422 1248 1491 1279 tum
1501 1237 1631 1287 repellit
1640 1265 1658 1284 ,
1675 1250 1744 1275 uon
1751 1245 1805 1279 req*

409 1284 517 1320 solvit.
632 1321 636 1326 Δ
734 1306 738 1308 -
757 1313 759 1318 Α
782 1308 785 1309 ⁷
856 1309 876 1317 a
1061 1293 1063 1295 ’

356 1336 360 1338 ’
437 1333 545 1384 Jamfi
557 1335 715 1370 mediocri
727 1339 867 1372 matetiae
883 1338 1044 1373 nectenui
1059 1334 1182 1385 prorsus
1196 1363 1207 1378 ,
1228 1345 1290 1368 nec
1305 1333 1406 1370 craffix
1417 1364 1427 1379 ,
1450 1334 1501 1370 sed
1521 1336 1606 1370 inter
1626 1344 1802 1382 utrumque

410 1395 593 1418 extremum
612 1383 745 1432 positae,
778 1385 865 1422 calor
887 1386 1002 1421 itidem
1024 1386 1209 1420 moderatus
1231 1383 1364 1418 accedat
1377 1412 1387 1427 ‚
1414 1397 1482 1420 tum
1501 1383 1556 1419 illa
1572 1383 1724 1418 humores
1743 1384 1801 1419 fri.-

409 1433 665 1480 goreinduratos
677 1434 824 1478 emollit,
840 1435 1015 1471 colledstam
1024 1436 1059 1468 in
1070 1444 1198 1469 tumore
1208 1434 1378 1467 materiam
1390 1444 1525 1468 evacuat
1535 1461 1546 1476 ,
1563 1444 1748 1481 pusmovet
1764 1437 1801 1470 &

411 1493 552 1521 maturat
563 1510 577 1525 „
595 1483 628 1523 id
647 1483 714 1528 est,
725 1484 899 1519 humorem
911 1496 1019 1521 acrem
1040 1485 1073 1517 in
1098 1481 1325 1529 benigniorem
1343 1480 1547 1518 substantiam
1565 1483 1751 1527 convertit,
1763 1487 1801 1522 δε

411 1529 563 1565 efferatos
581 1530 734 1572 humores
746 1534 888 1581 mitigat.
906 1533 993 1568 Cum
1012 1535 1115 1580 major
1127 1531 1172 1565 est
1183 1528 1296 1564 caloris
1311 1532 1378 1573 vis,
1396 1543 1465 1565 tum
1480 1530 1624 1578 detergit
1639 1553 1657 1573 ‚-.
1679 1535 1714 1570 ὃς
1734 1530 1801 1565 ob-

414 1579 606 1615 strufflones
621 1582 765 1628 expedit.
780 1581 907 1620 Contra
926 1580 982 1615 ubi
1002 1582 1174 1615 mediocris
1199 1579 1333 1612 materia
1351 1591 1426 1616 cum
1439 1579 1560 1627 frigore
1575 1581 1774 1628 conjungitur
1782 1603 1807 1624 ‚‚.

413 1639 482 1662 tum
497 1628 643 1676 repellit,
664 1629 974 1678 adstringit,ficcat,
992 1631 1101 1665 omnia
1113 1639 1222 1663 tamen
1240 1626 1456 1663 mediocriter.
1477 1626 1585 1663 Craffit
1604 1639 1805 1675 terrenaque,

409 1675 578 1712 substantia
589 1676 645 1712 ubi
656 1677 756 1713 calori
767 1678 957 1714 vehementi
972 1679 1188 1726 conjungitur,
1199 1687 1266 1710 tum
1281 1676 1348 1710 vim
1367 1676 1468 1712 habet
1480 1677 1661 1720 causticam,
1673 1676 1797 1713 &adu-

410 1738 550 1762 rentem.
568 1726 726 1774 Siftigida
741 1726 778 1771 fit
791 1755 802 1770 ,
823 1739 948 1768 meatus
965 1726 1109 1771 occludit
1121 1755 1136 1770 ‚,
1149 1731 1302 1773 &cutem
1320 1724 1430 1761 densat
1443 1741 1451 1762 :
1465 1737 1643 1774 temperata
1657 1724 1798 1760 obstruit

411 1785 537 1808 meatus
551 1801 560 1815 ,
575 1780 608 1809 &
619 1777 686 1809 vim
701 1775 801 1809 habet
813 1776 1046 1821 emplasticam.

445 1823 530 1857 Cum
541 1824 654 1870 itaque
672 1822 789 1858 humor
798 1822 910 1863 craffus
926 1829 959 1860 ὃς
971 1823 1102 1871 frigidus
1120 1825 1204 1869 parti
1222 1822 1315 1857 alicui
1330 1822 1445 1858 insidet
1459 1849 1470 1865 ,
1494 1823 1518 1854 is
1534 1821 1673 1869 primum
1690 1822 1795 1857 emol-

411 1871 482 1914 liri,
499 1882 566 1905 tum
586 1874 769 1915 extenuari,
791 1870 925 1907 tandem
945 1872 1064 1907 attrahi
1081 1871 1172 1907 solet.
1194 1868 1277 1915 Qie
1296 1872 1487 1913 emolliunt,
1504 1870 1670 1905 moderate
1687 1870 1794 1905 humi-

410 1921 493 1955 da&
507 1919 608 1954 calida
618 1922 690 1955 cum
700 1919 775 1964 fint,
792 1925 937 1956 concreti
949 1921 1089 1955 humoris
1106 1932 1210 1969 partes
1233 1920 1352 1956 firmius
1370 1921 1567 1957 cohaerentes
1582 1918 1719 1956 solvunt.
1740 1922 1798 1955 Sic

410 1968 520 2002 oleum
536 1968 685 2013 emollit,
697 1975 737 2006 ·&
755 1969 818 2004 alia
836 1983 921 2018 pene
938 1969 1076 2006 infinita.
1797 1982 1800 1987 ’

442 2016 612 2052 Emollitus
634 2019 751 2055 humor
769 2030 953 2077 attepuatur
966 2046 976 2061 ‚
994 2021 1031 2052 iis
1045 2018 1162 2053 scilicet
1173 2018 1266 2054 rebus
1276 2032 1344 2066 quae
1355 2020 1454 2053 acutis
1471 2017 1613 2066 partibus
1624 2017 1769 2053 constant
1780 2031 1796 2053 >t

378 2099 382 2102 .
409 2079 449 2112 ea
461 2067 585 2113 quippe
600 2066 1111 2116 compaffioshumores,incidunt
1122 2073 1153 2104 &
1166 2071 1390 2104 comminuunt
1403 2096 1413 2111 ,
1423 2079 1458 2102 ut
1467 2068 1673 2116 hypericum,
1690 2063 1792 2114 vulgo

409 2115 638 2163 millepertuis‚
662 2117 905 2156 &ferociorum
921 2115 1110 2152 animalium
1120 2118 1241 2166 adipes.
1251 2116 1497 2160 Emollientibus
1511 2113 1712 2152 incraffantia
1727 2127 1792 2162 op-

410 2174 571 2212 ponuntur
583 2177 682 2212 ,-quae
704 2164 810 2200 craffis
830 2171 863 2203 δε
882 2163 1001 2200 obtusis
1019 2167 1161 2201 constant
1176 2167 1321 2212 partibus
1335 2195 1344 2211 ,
1365 2177 1499 2214 quaeque
1519 2164 1563 2206 sui
1586 2164 1790 2212 permistione

411 2224 523 2248 tenues
545 2212 695 2249 humores
720 2216 819 2263 magis
835 2213 964 2248 stabiles
991 2218 1029 2250 δε.
1046 2213 1126 2249 fixos
1140 2214 1302 2261 efficiunt,
1336 2228 1372 2251 ut
1395 2214 1488 2250 bolus
1512 2224 1642 2248 armena
1659 2215 1790 2262 ,Amy-

411 2262 476 2297 lum
500 2267 563 2299 &cz
656 2276 660 2278 ’
1264 2279 1268 2293 -·

444 2311 696 2357 Attenuantibus
712 2312 850 2350 finitima
873 2313 943 2348 sunt
956 2316 1132 2361 aperientia
1145 2343 1154 2357 ‚
1167 2326 1203 2349 ut
1212 2310 1448 2355 incralsantibus
1459 2311 1670 2347 occludentia.
1686 2310 1741 2346 illa
1755 2313 1788 2348 in

401 2360 563 2396 renuivcl
577 2363 732 2407 mediocri
746 2364 885 2409 *materia
897 2374 1002 2398 acutas
1019 2363 1140 2399 habent
1153 2363 1344 2412 particulae·³
1363 2361 1428 2405 alte
1444 2373 1616 2409 penetrant
1627 2389 1638 2406 ‚
1657 2366 1789 2402 &mea-
