1878 2724
445 129 517 166 ΤΚ
533 125 817 164 ACTATUS
864 126 1171 165 SECUNDUS.

673 226 819 261 Secunda
835 224 1005 271 Conclufio.

132 340 135 343 ’
154 332 191 364 ln
207 326 329 376 punCm
344 324 525 361 reflexionis
541 324 733 374 plerumque
751 322 837 360 nulla
856 327 945 371 quies
962 322 1143 358 intercedit.

147 376 241 413 Prob.
251 375 348 411 concl.
364 374 463 411 Nulla
478 375 555 422 saepe
567 374 613 408 est
632 373 723 409 causa
731 385 804 421 qtiae
814 374 1032 421 interruptum
1044 385 1172 407 motum
1186 368 1279 420 possit
1291 371 1492 404 continuare.

60 424 63 426 ’
108 430 197 466 Nam
227 425 373 460 extineto
397 423 495 459 semel
516 426 642 471 impetu
664 434 719 457 aut
743 420 936 469 viimpressa
959 451 968 465 ,
987 422 1073 456 unde
1102 434 1207 457 novus
1230 420 1332 468 potest
1357 421 1495 466 impetus

108 476 284 526 procreari?
299 473 362 508 Sed
379 471 399 507 fi
411 475 445 508 in
466 474 590 520 Ρυηᾶο
610 471 795 506 reflexionis
807 473 899 516 quies
910 469 1019 517 aliqua
1029 472 1260 512 intercederet,
1271 479 1378 503 motus
1389 470 1497 501 omni-

110 539 156 562 no
183 528 489 570 interrumperetur:
514 533 592 569 ergo
611 522 702 568 quies
724 519 780 554 illa
794 520 964 566 interjecta
994 521 1130 554 minime
1155 520 1197 554 est
1214 516 1384 553 neceffaria
1399 544 1408 558 ,
1432 519 1498 549 imo

111 573 201 610 nulla
214 577 339 607 ratione
350 570 490 620 intelligi
504 569 616 618 potest.

153 621 311 667 Confirm.
339 619 426 654 Cum
444 618 553 667 epede
570 616 649 652 mali
671 615 788 652 sursum
811 614 922 666 sagitta
943 617 1125 665 projicitur,
1139 617 1214 651 licet
1225 617 1314 650 navis
1331 613 1500 648 celerrimo

113 683 208 707 motu
219 671 364 717 agitetur
377 695 387 710 ,
412 668 452 702 ad
463 667 580 716 pedem
598 665 678 702 mali
694 667 808 701 recidit
821 694 831 709 ‚
855 677 891 700 ut
918 663 1092 701 Gass'endus
1120 664 1272 701 Maffiliae
1292 675 1403 698 coram
1425 661 1503 696 Illu-

114 719 199 756 striff.
219 717 383 753 Praefeflm
400 719 577 765 provinciae
593 718 691 752 variis
712 717 944 763 experimentis
963 714 1195 763 comprobavit
1217 731 1224 752 :
1243 727 1311 749 tum
1334 711 1405 747 sane
1425 710 1504 758 lapis

115 768 206 805 nullo
220 766 319 803 modo
333 768 444 812 potuit
462 777 591 802 motum
605 765 624 801 ξι
636 766 714 801 navi
734 766 1010 800 communicatum
1022 766 1267 814 interrumpere.

165 818 251 866 Opp.
266 829 292 850 1.
316 815 446 850 Tandiu
461 814 541 864 lapis
559 814 725 857 ascendit,
745 814 890 861 quandiu
910 814 957 847 vis
978 811 1126 862 impreisa
1145 816 1244 849 vincit
1263 812 1347 847 illius
1363 813 1505 859 gravita-

117 879 203 905 tem:
216 877 291 900 cum
308 866 406 912 igitur
424 864 463 898 ad
477 863 699 911 aequalitatem
720 865 936 913 pervenient,
951 874 1019 898 tum
1034 865 1126 910 quies
1136 862 1242 910 aliqua
1259 860 1439 897 intercedat
1450 871 1506 894 ne-

117 914 197 952 ceffe
215 914 269 950 est.
287 912 451 960 Qorsum
469 916 559 948 enim
581 912 733 949 ascendet
745 924 874 962 potius,
892 925 991 960 quam
1005 910 1199 955 descendat,
1217 925 1290 946 cum
1303 920 1442 955 utraque
1459 920 1507 942 vis

120 960 266 1014 impressa
277 991 287 1006 ,
302 968 336 998 &
348 964 460 997 innata
469 960 528 997 fint
542 965 574 997 in
587 961 791 1010 aequilibrio?
807 963 917 1009 Atque
929 961 1044 997 eadem
1067 961 1113 995 est
1129 964 1212 996 tatio
1225 962 1333 996 omnis
1353 957 1508 993 reflexio-

120 1017 168 1051 uis
186 1028 194 1048 :
213 1013 324 1047 omnis
341 1013 430 1046 enim
442 1010 612 1047 resistentia
624 1012 664 1046 ad
680 1011 905 1058 aequalitatem
923 1011 1090 1059 quandam
1109 1009 1162 1045 vel
1177 1008 1396 1058 aequilibrium
1420 1009 1507 1056 prius

119 1063 280 1098 reducitur
293 1090 302 1104 ‚
313 1073 413 1108 quarn
426 1062 496 1095 vim
517 1058 697 1109 impressam
709 1061 835 1109 superet
847 1088 858 1104 ,
880 1064 915 1097 &
942 1072 1057 1108 corpus
1073 1058 1212 1107 repellat
1226 1074 1234 1096 :
1260 1056 1434 1108 praesertirn
1450 1055 1510 1091 ubi

118 1121 236 1159 corpus
249 1110 338 1156 quod
350 1108 473 1152 resistit,
489 1109 733 1157 aliquantulum
751 1110 838 1144 cedit
851 1137 861 1152 ,
872 1120 909 1143 ut
923 1110 955 1144 in
970 1111 1008 1143 iis
1027 1108 1180 1144 omnibus
1199 1109 1319 1142 accidit
1330 1136 1339 1150 ‚
1354 1118 1426 1152 quae
1440 1107 1510 1139 vim

122 1159 248 1197 habent
259 1158 428 1194 elasticam.
444 1159 490 1193 Ac
502 1158 606 1194 multo
625 1162 727 1207 magis
738 1158 794 1193 fiet
806 1157 861 1193 illa
875 1157 1041 1205 :equalitas
1054 1186 1064 1202 ,
1074 1169 1146 1192 cum
1160 1156 1274 1191 mollia
1288 1165 1383 1191 erunt
1395 1166 1511 1202 corpo-

123 1221 157 1244 ra
172 1238 182 1253 ,
196 1214 229 1245 &
241 1206 379 1241 multum
393 1208 536 1244 cedent.-

123 1294 134 1301 ‚
160 1257 251 1306 Resp.
271 1255 362 1290 illam
375 1255 595 1303 aqualitatem
608 1255 663 1290 vel
678 1256 802 1291 nullam
812 1254 872 1291 effe
885 1282 895 1297 ,
918 1266 955 1289 ut
968 1256 1000 1289 in
1018 1254 1192 1303 projectis:
1216 1258 1226 1297 (
1244 1265 1322 1288 nam
1339 1248 1433 1285 cessat
1448 1251 1510 1283 im.

125 1317 220 1355 petus
231 1302 395 1353 impressus
409 1317 450 1339 eo
463 1303 531 1352 ipso
541 1305 631 1352 quod
641 1307 772 1340 vincere
789 1307 984 1353 gravitatem
1001 1316 1067 1339 non
1080 1302 1172 1352 poffit
1187 1305 1218 1347 ;)
1237 1301 1290 1337 vel
1307 1311 1393 1334 certe
1407 1298 1427 1334 si
1439 1310 1511 1346 qum

124 1354 231 1396 sit,vix
247 1366 304 1402 per
320 1353 441 1389 instans
454 1352 622 1402 phyficum
632 1353 832 1402 perseverat:
843 1353 933 1390 nullo
946 1364 1026 1387 vero
1047 1364 1195 1401 ternpore
1210 1349 1382 1398 interjecto
1399 1349 1512 1383 durare

133 1403 253 1453 potest.
272 1405 316 1438 Ex
327 1414 394 1449 quo
408 1405 496 1437 enim
508 1415 617 1438 motus
629 1404 768 1438 diffictus
780 1403 904 1445 definit,
920 1400 1056 1437 reflexus
1069 1404 1194 1450 incipit.
1215 1402 1292 1436 Huc
1305 1398 1389 1432 adde
1399 1407 1513 1443 corpus

128 1453 314 1501 proje&um
352 1450 373 1486 :a
405 1453 569 1500 gravitate
592 1450 644 1486 sua
670 1462 738 1487 turn
768 1454 800 1487 in
824 1450 950 1486 ascensu
969 1480 978 1494 ,
1013 1461 1080 1485 tum
1119 1453 1151 1485 in
1184 1446 1335 1484 descensu
1362 1445 1513 1481 deorsum

128 1501 236 1550 saepius
248 1499 370 1535 inflecti
383 1527 393 1542 ‚
404 1500 489 1534 adeo
508 1512 543 1535 ut
555 1502 678 1536 recham
693 1500 812 1536 lineam
833 1500 902 1536 fere
913 1512 1080 1547 nunquam
1099 1497 1258 1534 describat
1271 1525 1280 1539 ,
1297 1495 1350 1531 sed
1369 1506 1514 1536 curvam,

129 1562 230 1598 quam
240 1551 427 1584 Geometrae
440 1548 633 1596 parabolam
650 1561 782 1585 vocant.
802 1550 902 1586 Unde
915 1562 982 1584 non
1000 1551 1117 1583 mirum
1129 1550 1171 1583 est
1188 1546 1208 1582 fi
1219 1546 1298 1594 lapis
1309 1543 1427 1580 sursum
1438 1555 1515 1590 pro-

129 1599 230 1647 jedhis
242 1609 296 1632 aut
311 1609 480 1643 nunquam
492 1608 565 1638 ,aut
584 1610 640 1645 per
653 1599 768 1634 instans
781 1598 939 1632 duntaxat
949 1595 1114 1644 physicum
1126 1594 1288 1643 quiescat:
1305 1605 1342 1628 ut
1353 1605 1426 1628 cum
1440 1604 1514 1640 per-

133 1645 385 1696 pendiculariter
405 1643 571 1689 emiffum,
591 1646 728 1681 eandem
745 1647 865 1682 lineam
879 1645 1104 1680 descendendo
1119 1644 1284 1692 percurrit.

168 1696 254 1744 Opp.
265 1709 290 1730 2·
303 1695 335 1728 Si
348 1692 435 1728 nulla
444 1691 481 1728 sit
493 1696 582 1741 quies
593 1697 627 1729 in
643 1697 768 1743 punem
778 1695 960 1730 reflexionis
973 1723 982 1737 ‚
1001 1694 1088 1728 idern
1102 1706 1212 1728 motus
1229 1692 1291 1725 erit
1303 1688 1360 1725 fibi
1384 1699 1517 1724 contra-

132 1745 220 1779 rius:
235 1755 313 1778 nam
329 1742 418 1777 idem
446 1745 509 1777 erit
525 1754 632 1778 motus
653 1743 796 1780 ascensus
813 1773 823 1788 ,
848 1749 881 1782 &
897 1741 1060 1779 descensus
1075 1759 1084 1786 3
1101 1743 1189 1778 idem
1213 1742 1273 1775 erit
1292 1739 1431 1774 directus
1459 1740 1517 1785 qui

134 1791 285 1828 reflexus.

171 1842 262 1890 Resp.
281 1838 351 1884 dist.
362 1850 430 1876 ant.
450 1841 540 1877 Idem
551 1843 613 1876 erit
627 1852 733 1877 motus
748 1871 757 1886 ‚
770 1841 832 1876 hoc
844 1842 901 1878 est.
916 1854 982 1876 non
1000 1843 1194 1889 interruptus
1206 1870 1215 1884 ,
1228 1841 1264 1875 C.
1285 1838 1374 1873 idem
1395 1837 1457 1870 erit
1471 1847 1519 1870 ra-

136 1891 228 1925 tione
243 1890 523 1925 determinationis
547 1918 557 1933 ,
574 1891 622 1926 N.
642 1892 695 1925 Sic
713 1903 821 1928 motus
842 1891 1003 1926 circularis
1023 1891 1111 1926 idem
1132 1899 1263 1932 manet,
1279 1887 1428 1938 quamvis
1454 1889 1518 1933 ejus

137 1939 366 1974 determinatio
376 1942 535 1976 continuo
545 1949 693 1975 mutetur.

634 2038 665 2073 C
690 2038 719 2072 A
742 2039 767 2073 P
792 2036 825 2074 U
847 2037 878 2072 T
942 2040 974 2070 V
995 2040 1021 2074 1.

567 2134 622 2169 De
632 2137 791 2184 praecipuis
810 2138 938 2173 elaterii
953 2134 1065 2183 caufis.

146 2234 322 2321 NUnc
333 2246 406 2281 quae
421 2233 480 2270 sint
493 2232 586 2281 hujus
601 2231 725 2267 elaterii
733 2234 831 2269 causae
844 2263 853 2278 ,
866 2235 964 2271 nobis
977 2234 1072 2282 paulo
1091 2233 1276 2282 diligentius
1287 2230 1524 2276 inquirendum.

249 2287 296 2321 Ac
306 2286 445 2332 primum
458 2283 492 2318 id
501 2282 625 2317 constat
647 2293 720 2316 eam
740 2284 807 2317 vim
825 2285 858 2317 in
873 2282 938 2318 sola
959 2283 1176 2318 rarefac'rione
1199 2293 1268 2316 non
1286 2277 1346 2314 esse
1369 2275 1523 2326 pofitam:

146 2345 221 2370 narn
241 2336 276 2368 in
293 2345 367 2368 arcu
381 2332 470 2368 tenso
484 2331 570 2367 nulla
587 2331 631 2366 est
646 2329 819 2366 rarefaffio
832 2331 962 2380 proprie
973 2333 1072 2367 dieta.
1093 2334 1147 2366 Sic
1159 2343 1244 2377 aqua
1257 2331 1290 2364 in
1303 2327 1439 2376 aeolipila
1449 2357 1460 2371 ‚
1473 2327 1525 2363 seu

147 2384 182 2418 in
195 2381 268 2419 vase
282 2386 368 2464 msss
381 2382 552 2430 angustum
568 2381 743 2417 admodum
755 2380 802 2416 est
817 2379 965 2418 foramen
975 2409 985 2425 ,
995 2382 1062 2429 igni
1073 2380 1203 2416 admota
1214 2407 1225 2423 ,
1249 2390 1284 2415 m
1297 2388 1433 2426 vapores
1451 2389 1526 2413 cum

347 2445 407 2467 om.
433 2434 452 2466 I
465 2433 493 2467 I.
1341 2429 1362 2461 S
