1878 2724
338 165 405 193 700
882 140 906 175 1>
927 139 961 173 H
975 139 1006 173 Y
1020 138 1064 173 Sl
1082 136 1112 172 C
1127 138 1165 171 AE

337 200 484 234 :tudinem
498 195 642 231 excrevit
652 221 660 235 ,
683 196 748 240 jam
762 200 868 236 partes
878 200 993 223 omnes
1005 186 1060 221 sub
1072 186 1158 235 pelle
1173 185 1327 220 formatas
1344 185 1459 219 intueri
1473 182 1566 222 licet:
1580 197 1653 221 curn
1663 186 1730 235 pel.

340 248 404 282 lem
414 248 501 280 exuit
518 272 525 285 ,
539 255 644 291 partes
663 251 777 275 omnes
791 240 823 273 in
840 237 1046 286 conspeetum
1061 238 1216 278 veniunt,
1245 234 1296 269 sed
1321 232 1426 268 fluidae
1448 233 1540 268 instar
1558 247 1647 282 aquae
1660 264 1670 279 ,
1695 240 1731 272 &

339 295 479 330 candidae
498 307 505 328 ι
521 292 651 326 tandem
665 292 697 324 in
714 287 895 337 perfestam
904 286 974 321 abit
989 285 1130 321 formam
1141 313 1150 328 ‚
1165 289 1198 320 δε
1211 283 1304 332 pellis
1317 284 1400 318 adeo
1417 281 1524 317 mollis
1537 285 1621 318 intra
1649 297 1731 333 pau-

341 357 395 379 cos
410 344 479 377 dies
498 341 533 376 fit
546 340 644 374 solida
655 369 664 383 ‚
682 344 715 375 &
727 349 843 371 cornea
855 337 956 380 ‚adeo
967 347 1002 370 ut
1011 337 1063 368 vix
1077 333 1230 368 lanceolae
1246 344 1399 368 mucrone
1418 332 1639 380 pertundatur,
1661 336 1733 369 Ro.

339 394 434 427 strum
448 393 591 425 munitur
601 387 726 423 duobus
740 386 893 421 dentibus
904 396 992 419 extra
1004 382 1262 432 prominulis,qui
1277 383 1371 416 variis
1382 380 1519 416 incisuris
1534 382 1730 418 dividuntur.

340 445 501 478 Antennae
520 438 575 474 sub
590 437 691 472 oculis
701 435 905 484 proferuntur
920 464 929 477 ‚
947 432 1117 481 &singulae
1132 445 1163 468 12
1181 432 1324 466 constant
1341 429 1482 479 partibus
1499 431 1585 464 inter
1600 429 1630 465 se
1651 445 1733 467 con·

341 493 440 527 nexis.
459 493 494 524 In
506 489 565 523 hac
577 487 712 522 formica
727 497 799 533 quae
809 483 969 519 laboriosa
982 483 1045 517 dici
1056 481 1293 529 potest,nullum
1306 491 1441 528 apparet
1451 478 1539 514 sexus
1553 478 1732 516 discrimen.

341 543 414 576 Mas
428 538 482 573 alis
497 535 813 578 instruitur,foernina
830 545 865 567 ut
877 535 910 568 in
922 531 1038 581 apibus
1049 532 1226 570 innumeris
1245 531 1317 563 ovis
1331 529 1459 571 foeta‚&
1472 530 1599 577 turgido
1611 542 1736 574 ventre3

341 601 402 625 nec
414 588 536 636 semper
551 598 620 621 mas
634 598 709 620 curn
721 583 791 618 aliis
803 581 992 631 conspicitur
1006 595 1013 616 :
1033 581 1116 615 adeo
1130 591 1165 615 ut
1181 579 1250 614 satis
1264 578 1299 614 sit
1310 576 1478 613 verisimile
1496 590 1571 614 eum
1583 577 1604 614 ὲ.
1618 579 1735 614 formi-

342 642 384 673 cis
399 639 523 680 necari,
541 648 612 670 cum
625 635 843 683 generationis
853 632 946 666 aestus
957 629 1135 666 deferbuit.

380 688 429 722 Ad
443 690 576 721 tertium
590 696 691 733 genus
708 694 745 717 ea
757 693 887 729 quoque
903 680 1022 715 inserita
1042 678 1156 714 referri
1173 675 1298 726 poffimt
1316 705 1326 721 ,
1346 688 1483 725 quorum
1497 676 1645 712 membra
1666 676 1737 726 plus

344 735 416 772 fluis
429 737 522 771 aucta
536 734 655 782 pellem
673 743 737 780 qua
749 731 961 766 involvuntur
975 758 985 772 ,
1005 730 1137 763 tandem
1150 727 1368 775 disrumpunt,
1386 731 1420 763 ὅ(
1438 727 1593 775 nymphae
1611 739 1715 761 aureae
1726 755 1738 770 ‚

344 785 398 821 seu
415 781 667 826 chrvsilidi5,vel
680 780 806 816 aureliae
814 779 956 814 formam
968 790 1032 826 prae
1044 776 1074 812 se
1092 777 1212 812 ferunt.
1227 779 1264 810 In
1276 788 1340 822 qua
1354 776 1488 823 quidem
1505 787 1609 823 partes
1621 788 1736 811 omnes

343 848 410 870 non
424 828 507 868 adeo
525 832 680 867 distinctae
695 840 881 872 cernuntur,
893 840 995 875 atque
1005 829 1037 862 in
1052 840 1127 876 nyn·
1135 826 1197 875 pha
1217 824 1352 873 fimplici
1362 854 1372 868 ,
1384 830 1468 872 cujus
1482 825 1635 860 hactenus
1649 837 1739 859 rnen-

347 887 472 918 tionem
483 882 619 917 fecimus
637 894 644 915 :
662 880 714 914 sed
725 891 834 913 tamen
848 880 883 912 in
896 890 935 911 ea
945 879 1080 911 omnino
1098 878 1319 912 continentur,
1329 876 1418 910 Nam
1436 873 1551 922 singula
1566 874 1740 921 papilionis

344 931 492 967 membra
502 933 533 965 in
545 928 610 978 ipsa
622 940 716 963 eruca
729 938 882 976 apparere
897 925 1029 960 testatur
1041 926 1144 959 Auror
1159 923 1306 958 laudatus
1319 950 1329 966 ‚
1351 925 1406 970 qui
1419 923 1488 958 haec
1505 923 1544 956 ad
1561 926 1672 957 vivum
1687 935 1741 957 re-

346 982 455 1017 secuit.

373 1032 451 1078 Jam
464 1039 627 1063 erucarum
639 1032 672 1063 δε
682 1024 882 1074 papilionum
901 1021 1019 1070 species
1035 1034 1148 1056 omnes
1164 1022 1236 1069 quis
1248 1032 1418 1056 enumeret
1433 1022 1447 1053 ἕ
1469 1020 1540 1055 satis
1554 1020 1585 1054 id
1607 1020 1706 1056 fuerit
1719 1018 1740 1054 fi

346 1082 386 1115 ad
404 1078 525 1113 summa
538 1076 686 1124 quaedam
703 1076 807 1122 capita
825 1071 1162 1118 referantur.Qiidam
1181 1070 1405 1113 de-no&e,alii
1418 1069 1518 1103 dedic
1531 1069 1744 1113 volitant3alii

346 1128 440 1164 celeri
454 1133 486 1164 &
500 1125 814 1172 concitato,quidam
825 1123 915 1156 lento
929 1121 1104 1155 admodum
1119 1131 1210 1154 motu
1228 1119 1386 1155 feruntur.
1398 1121 1526 1155 Omnes
1538 1117 1595 1153 ubi
1611 1119 1649 1153 ad
1669 1131 1742 1153 eam

348 1187 567 1227 pervenerunt
583 1185 712 1209 :etatem
726 1175 759 1209 in
773 1184 837 1219 qua
853 1182 953 1219 genus
971 1181 1148 1218 propagare
1166 1168 1284 1218 poffint
1298 1199 1307 1211 ,
1326 1180 1394 1204 tum
1408 1170 1463 1204 uni
1474 1169 1678 1216 generationi
1694 1169 1744 1203 in-

348 1225 518 1262 cumbunt.
535 1225 618 1268 Qae
630 1225 717 1257 enim
731 1221 853 1256 insecta
866 1219 961 1254 foetus
979 1233 1045 1254 non
1065 1219 1176 1262 alunt,
1196 1219 1299 1253 statim
1314 1221 1491 1253 moriuntur
1502 1246 1511 1260 ,
1530 1230 1601 1252 cum
1618 1219 1746 1265 generis

349 1275 393 1311 sui
403 1272 795 1324 propagationidederunt
805 1281 950 1318 operam.
967 1269 1001 1302 ld
1014 1268 1118 1316 ipsum
1128 1269 1160 1302 in
1176 1267 1290 1316 apibus
1300 1265 1463 1301 observari
1474 1267 1590 1315 potest,
1602 1265 1658 1300 ubi
1673 1266 1746 1301 nul-

350 1325 398 1360 lus
416 1325 459 1359 est
472 1324 666 1372 principatus
680 1350 689 1363 ,
704 1320 791 1355 nulla
808 1318 1058 1361 administratio,
1074 1329 1130 1351 aut
1143 1320 1288 1365 regimen
1303 1317 1484 1364 politicum,
1501 1315 1549 1350 sed
1563 1328 1602 1350 eo
1620 1327 1745 1351 tantum

350 1377 478 1421 impetu
493 1373 512 1408 a
527 1383 638 1407 natura
652 1369 799 1405 feruntur
815 1397 824 1411 ‚
840 1380 907 1415 quo
926 1367 1022 1402 foetus
1035 1366 1124 1401 alant
1136 1396 1144 1410 ‚
1161 1372 1193 1403 &
1210 1366 1348 1414 speciem
1367 1365 1572 1401 conservent.

386 1424 533 1471 Qidam
552 1433 591 1455 ex
605 1422 641 1453 iis
652 1421 708 1466 qui
719 1421 819 1454 nodhi
833 1417 973 1451 volitant
988 1445 997 1458 ,
1014 1429 1053 1451 ex
1077 1418 1115 1450 iis
1131 1415 1315 1450 vermiculis
1340 1417 1397 1463 qui
1418 1427 1560 1463 pannum
1573 1443 1581 1457 ‚
1601 1414 1747 1449 chartam

351 1479 384 1510 &
401 1474 479 1508 folia
501 1471 642 1506 exedunt
656 1475 689 1506 &
702 1471 797 1503 tineae
812 1467 875 1501 dici
893 1464 1015 1508 solent,
1044 1464 1129 1500 suam
1147 1466 1270 1500 ducunt
1285 1467 1452 1512 originem·
1470 1463 1630 1499 Nonnulli
1647 1475 1686 1498 ex
1707 1466 1747 1498 iis

352 1521 534 1557 vermiculis
546 1518 755 1553 domunculas
773 1515 838 1552 suas
856 1516 953 1550 instar
969 1515 1163 1550 testudinum
1173 1514 1276 1549 secum
1289 1514 1424 1548 vehunt.
1441 1513 1551 1560 Atque
1563 1512 1594 1547 hi
1606 1512 1748 1561 papilio-

353 1584 410 1607 nes
420 1571 462 1606 ab
480 1570 550 1605 aliis
562 1566 710 1604 diffident
726 1596 736 1611 ,
756 1566 843 1614 quod
856 1578 921 1600 non
937 1577 1003 1599 uno
1016 1567 1140 1612 impetu
1161 1563 1323 1612 prosiliant
1340 1565 1373 1598 in
1386 1560 1575 1607 aeman-sed
1586 1563 1670 1610 prius
1682 1561 1747 1596 alas

354 1621 492 1656 tremulo
503 1629 594 1654 motu
608 1616 756 1659 vibrent,
771 1614 871 1663 quarn
885 1613 997 1648 sursum
1016 1613 1197 1650 effirantur.

391 1671 593 1718 Papilionem
604 1679 641 1700 ex
653 1669 739 1700 tinea
754 1665 931 1699 formatum
946 1663 1077 1712 pulchre
1090 1661 1245 1711 descripsit
1263 1666 1304 1699 D.
1323 1663 1436 1696 Hooite
1450 1663 1480 1695 in
1498 1661 1754 1708 MicrographiaL

356 1719 443 1756 Albo
457 1719 566 1753 colore
591 1719 673 1751 nitet
684 1745 692 1758 ,
711 1714 796 1749 unde
809 1719 841 1750 ὅ(
856 1715 944 1748 tinea
961 1724 1114 1760 argentea
1131 1715 1302 1749 vocitatur.
1319 1712 1471 1758 Qatuor
1494 1711 1551 1744 alis
1572 1711 1728 1744 instruitur
1739 1737 1750 1753 ‚

355 1781 487 1815 quarum
507 1769 626 1815 priores
646 1765 717 1799 sunt
745 1763 887 1798 latiores,
919 1764 957 1796 In
970 1762 1027 1795 alis
1047 1761 1178 1796 velutin
1197 1761 1340 1796 anserum
1351 1760 1468 1807 plumis
1478 1759 1618 1794 calamus
1632 1761 1664 1793 in
1680 1771 1751 1793 me-

356 1820 411 1853 dio
422 1817 536 1866 politus
547 1815 636 1849 velut
652 1813 734 1861 pllos
751 1811 867 1847 sursum
878 1824 913 1845 ac
929 1811 1075 1845 deorsum
1088 1813 1211 1846 emittit
1223 1825 1287 1846 non
1307 1809 1446 1845 dissimili
1462 1809 1562 1843 modo
1576 1837 1585 1850 ‚
1607 1819 1660 1841 ant
1676 1819 1752 1855 pro-

356 1869 508 1916 portione
519 1878 557 1913 ap
565 1876 656 1899 tatOS.
669 1862 799 1896 Calami
811 1860 945 1908 ip[i‚imo
965 1871 1072 1894 totum
1085 1872 1200 1906 corpus
1213 1866 1246 1897 δε
1261 1871 1378 1894 corr-rua
1393 1857 1542 1903 plumulis
1557 1856 1750 1902 quibusdam

356 1917 620 1959 vestiuntur‚quae
636 1913 798 1956 tangentis
812 1911 932 1957 digitos
952 1908 1113 1942 inficiunt.
1133 1911 1213 1942 Sunt
1224 1920 1331 1942 autem
1344 1907 1390 1941 hae
1414 1905 1566 1952 plumulae
1593 1917 1751 1954 tanquam

355 1977 453 2013 parva
465 1962 614 2010 quaedarn
625 1961 748 1995 vimina
759 1960 845 1992 varie
857 1956 998 2005 implexa
1012 1985 1021 1998 ‚
1040 1962 1073 1992 &
1086 1959 1116 1990 in
1132 1957 1236 2005 plures
1251 1955 1392 1991 ramulos
1404 1953 1512 1990 divisa.

394 2013 597 2061 Papilionum
614 2010 716 2044 varias
726 2004 1004 2054 metamorphoses
1020 2009 1062 2041 D.
1082 2006 1321 2038 vaamcrdam
1335 2003 1485 2051 explicat.
1498 2002 1690 2051 Exemplum
1704 2000 1755 2037 suss

357 2067 417 2098 mit
427 2075 469 2098 ex
483 2060 649 2109 papilione
659 2058 817 2092 ηοέὶιπηο
838 2071 843 2087 :
862 2067 964 2090 mares
978 2055 1079 2090 nodku
1097 2053 1237 2089 volitant
1251 2083 1260 2097 ,
1276 2053 1421 2088 foeminre
1440 2052 1496 2086 alis
1524 2046 1750 2086 destitudnffir.

358 2116 470 2149 Ovum
489 2114 524 2144 in
533 2111 637 2143 varios
649 2106 784 2141 annulos
797 2105 1000 2147 distinffixm,
1016 2110 1049 2141 &
1068 2106 1100 2138 in
1131 2104 1242 2138 medio
1256 2105 1459 2138 incurvatum
1476 2103 1614 2136 videtur.
1644 2102 1753 2146 Atque

358 2161 404 2196 ibi
425 2161 515 2195 velut
538 2170 594 2206 per
623 2167 770 2204 apertum
792 2154 943 2189 foramen
965 2153 1157 2187 vermiculus
1189 2151 1324 2188 inclusus
1356 2154 1467 2186 vivere
1491 2150 1754 2198 deprehenditur.

359 2214 476 2247 Ovum
490 2211 523 2243 in
535 2208 644 2241 matris
663 2207 777 2239 ovatio
794 2203 895 2238 molle
909 2203 951 2237 est
961 2232 970 2245 ,
982 2201 1129 2237 flexibile
1143 2209 1175 2239 ὃ(
1190 2199 1470 2242 membranosum3
1489 2199 1538 2233 sed
1552 2212 1625 2234 cum
1636 2199 1753 2232 vermis

359 2272 478 2302 organa
499 2257 569 2292 sunt
585 2255 724 2290 formata
737 2283 746 2297 ‚
771 2265 805 2287 ut
819 2252 944 2301 gallinae
963 2264 1081 2287 ovum,
1098 2250 1136 2286 fic
1147 2252 1260 2285 durum
1279 2250 1325 2285 est
1341 2280 1350 2294 ‚
1376 2255 1409 2284 δε
1428 2248 1552 2289 fragile.

391 2302 478 2345 cum
489 2317 582 2341 eruca
598 2304 756 2345 adolevit,
769 2310 802 2338 16
814 2301 951 2350 pedibus
964 2301 1115 2335 instructa
1125 2300 1244 2335 incedit
1257 2317 1265 2343 3
1279 2313 1316 2334 ex
1331 2309 1466 2344 utroque
1481 2298 1578 2331 latere
1592 2296 1677 2330 velut
1688 2295 1754 2329 duo

359 2361 438 2393 remi
449 2358 601 2401 utrinque
618 2355 765 2388 eminent
782 2369 790 2394 3
812 2354 847 2386 in
864 2352 967 2399 capite
979 2351 1046 2384 duze
1062 2349 1128 2384 sunt
1147 2348 1230 2396 quasi
1241 2347 1389 2395 plumulae
1402 2344 1605 2380 versicolores
1619 2347 1668 2388 -‚in
1680 2344 1755 2378 dor-

360 2408 391 2443 so
410 2417 519 2443 extant
536 2415 673 2452 quatuor
685 2402 773 2438 velut
790 2400 890 2450 scopae
905 2429 914 2444 ‚
928 2398 1005 2448 quib
1013 2412 1045 2434 us
1062 2399 1161 2435 vestes
1177 2401 1300 2446 extergi
1323 2397 1434 2432 solent.
1449 2398 1534 2431 Tum
1548 2407 1584 2429 ea
1599 2393 1628 2428 se
1647 2392 1757 2430 invol-
