1878 2724
412 126 473 159 268
959 117 985 153 P
1000 118 1035 153 H
1047 118 1077 153 Y
1087 119 1108 153 S
1119 118 1134 152 1
1148 118 1225 155 CAE

408 173 510 206 strum
521 171 653 220 propius
674 167 800 202 accedit
810 179 817 203 ι
827 176 861 201 ut
874 177 948 201 cum
959 167 1049 202 estin
1062 169 1086 202 E
1095 195 1104 210 ‚
1115 178 1184 202 turn
1197 166 1288 202 enim
1304 165 1444 201 horizon
1462 166 1491 200 C
1505 168 1536 201 D
1558 164 1643 202 secat
1654 167 1795 216 parallea

411 220 478 255 lum
496 220 665 266 aequatoris
679 217 704 251 A
715 219 737 251 E
749 218 782 251 in
793 227 899 264 partes
916 215 1099 263 inaequaleS,
1110 221 1256 263 &major
1265 215 1310 250 est
1327 227 1500 264 pars‚quae
1519 216 1565 250 est
1590 214 1681 263 supra
1694 216 1797 256 -hotif

411 280 554 306 zontem.
575 263 710 302 Umbrae
728 266 836 300 nostrae
855 267 888 298 in
906 265 1044 299 meridie
1062 263 1166 299 versus
1179 263 1292 312 polum
1306 265 1341 307 1³,
1354 263 1477 312 semper
1489 267 1712 313 projiciuntur.
1736 280 1739 284 ¹

446 318 515 363 Qi
529 317 687 350 verticem
703 313 827 349 habent
844 316 877 348 in
893 314 1013 349 circulo
1024 312 1129 362 polari
1147 342 1157 356 ,
1171 312 1228 348 ubi
1245 312 1289 347 sol
1302 314 1343 347 ad
1362 315 1523 361 tropicum
1542 315 1660 348 Cancri
1677 325 1796 363 perve-

408 368 476 408 nit,
488 361 558 398 tum
575 364 662 398 diem
675 375 710 398 ut
720 374 839 398 vocant
854 361 1056 398 artificialem
1069 391 1078 406 ‚
1090 365 1147 410 qui
1158 362 1278 397 scilicet
1288 362 1329 397 est
1344 373 1434 397 mora
1451 360 1522 397 solis
1542 361 1629 411 super
1643 359 1808 400 horizon:

410 424 536 461 tem,24
548 413 700 448 horarum
712 411 877 448 obtinent.
901 412 989 446 Cum
1002 413 1091 447 enim
1118 412 1207 446 idem
1224 410 1340 446 [itillis
1360 411 1526 455 horizon,.
1537 415 1595 459 qui
1612 413 1797 458 Zodiacus5

412 466 425 506 (
439 475 515 497 nam
524 460 566 497 ab
585 462 704 497 eodem
718 461 796 510 polo
810 460 1030 496 describuntur
1048 474 1055 495 :
1072 465 1083 505 )
1102 460 1159 495 ubi
1172 460 1216 495 sol
1231 459 1552 509 principium-Cancri
1576 464 1684 510 attigit
1700 490 1709 504 ,
1729 473 1798 497 tro-

407 513 500 560 picus
518 512 648 555 Cancri,
668 523 765 559 quem
778 523 845 546 tum
868 521 959 545 motu
977 511 1093 545 diurno
1106 509 1151 544 sol
1182 508 1343 553 describit,
1358 521 1444 544 totus
1464 507 1556 557 super
1572 521 1684 545 eorum
1708 511 1798 546 hori..

402 572 544 596 'zontem
556 572 664 603 extat3
679 572 740 595 nec
748 560 811 595 ulla
828 559 872 594 sui
883 571 974 607 parte
986 558 1042 594 sub
1056 560 1228 594 horizonte
1238 558 1404 595 delitescit.
1420 558 1470 592 Ut
1487 560 1546 605 qui
1557 559 1710 606 punitum
1724 572 1797 595 ver-

409 610 504 644 ticale
527 608 651 645 habent
662 611 695 645 in
710 611 751 653 K,
762 612 784 643 ii
799 609 981 644 Zodiacum
998 611 1032 645 N
1045 611 1068 644 E
1078 607 1202 649 habent
1215 620 1274 657 pro
1287 609 1472 648 horizonte.
1491 608 1685 656 Cum-igitur
1695 606 1739 643 sol
1750 609 1799 647 est

408 660 444 693 in
464 661 591 708 tropico
612 660 732 702 cancri,
747 670 782 692 ut
796 662 830 693 in
844 661 950 702 E‚tum
966 670 1023 706 per
1032 671 1075 702 24
1087 658 1181 693 horas
1193 658 1360 698 continuas
1374 657 1459 692 lucet
1474 684 1486 699 ,
1506 669 1573 691 non
1595 659 1734 696 enimeo
1745 658 1799 695 die

407 706 464 742 sub
490 721 602 743 eorum
620 707 828 742 horizontem
842 708 915 743 NE
928 707 1127 754 deprimitur.

437 759 514 806 Jam
534 756 554 791 si
571 758 628 804 qui
639 755 698 792 (int
708 785 719 800 ‚
731 759 788 804 qui
805 757 963 792 verticem
975 754 1116 791 habeant
1130 754 1363 803 sub-aequatoris
1375 753 1453 802 polo
1464 756 1489 790 P
1504 784 1514 798 ,
1536 757 1558 793 ii
1579 756 1669 792 diem
1689 759 1801 794 contiss

407 819 508 841 nuum
519 806 569 840 sex
583 805 736 840 mensium
753 804 895 840 habeant
912 803 1035 840 necelse
1050 805 1097 839 est
1111 820 1119 841 :
1139 817 1214 840 cum
1243 804 1331 839 idem
1355 802 1391 838 iit
1402 803 1466 839 illis
1480 804 1614 840 circulus
1632 818 1797 854 raequator,

406 860 445 892 ⁷&
460 855 608 890 horizon.
631 854 789 902 Qandiu
802 856 897 902 igitur
915 853 1008 888 folin
1020 853 1071 888 sex
1087 853 1180 902 signis
1198 865 1270 901 quae
1289 854 1328 887 ad
1350 851 1606 901 septentrionem
1624 854 1797 900 declinant,

411 903 553 939 versatur
563 933 572 947 ‚
586 905 706 938 tamdiu
718 902 836 938 abillis
849 901 1042 950 conspicitur
1051 931 1061 946 ,
1076 915 1137 940 nec
1150 914 1295 950 unquam
1308 900 1374 939 nisi.
1385 912 1457 936 toto
1477 914 1628 941 vertente
1644 902 1799 949 semestri,

399 951 468 990 sub
495 965 607 987 eorum
627 953 801 988 horizonte
815 952 1019 1000 deprimitur.
1482 985 1485 987 ,

446 1002 539 1038 Nihil
552 1003 626 1036 dico
641 1003 682 1036 de
697 1004 734 1035 iis
746 1003 801 1049 qui
809 1004 892 1037 inter
906 1000 1019 1049 polum
1038 1000 1186 1044 zodiaci,
1201 1005 1236 1037 ὃς
1249 1000 1361 1050 polum
1377 1004 1559 1050 AEquatoris
1570 1001 1744 1039 versantur:
1759 1014 1799 1040 ex

411 1051 504 1086 distis
518 1053 605 1086 enim
617 1050 722 1098 liquet
737 1051 825 1086 diem
843 1052 952 1093 unius,
964 1061 1019 1084 aut
1036 1050 1177 1098 plurium
1195 1049 1353 1085 mensium
1370 1053 1407 1084 iis
1426 1054 1627 1100 contingere,
1644 1062 1679 1085 ut
1691 1050 1800 1086 alteri-

398 1099 491 1147 ‚polo
509 1099 580 1135 sunt
601 1101 782 1135 viciniores.
798 1099 964 1134 Interdum
982 1099 1048 1134 dies
1066 1099 1113 1132 est
1133 1098 1295 1133 trimestris
1312 1128 1322 1143 ,
1347 1112 1421 1133 cum
1444 1099 1564 1135 scilicet
1585 1101 1646 1135 tria
1665 1101 1801 1139 Zodiaci

400 1147 495 1197 ligna
508 1147 598 1198 supra
617 1160 729 1183 eorum
752 1148 960 1183 horizontem
974 1149 1023 1182 ita
1041 1158 1153 1183 extant
1169 1177 1180 1193 ,
1202 1158 1237 1183 ut
1249 1159 1418 1195 nunquam
1437 1147 1493 1185 sub
1512 1161 1553 1185 eo
1572 1149 1713 1196 deprimi
1729 1148 1800 1197 pos-

411 1196 491 1232 sint:
507 1198 670 1232 interdum
683 1197 920 1244 quadrimestris
933 1224 942 1238 ‚
965 1208 1037 1231 cum
1058 1199 1158 1243 magis
1180 1197 1220 1231 ad
1234 1196 1349 1244 polum
1368 1197 1480 1232 mundi
1496 1198 1668 1232 accedunt.
1688 1199 1737 1234 Ac
1757 1198 1800 1233 de

399 1245 536 1293 iphaetae
555 1245 678 1281 circulis
690 1272 700 1287 ‚
715 1246 931 1293 &rpraecipuis
944 1244 1207 1293 Cosmographiae
1227 1244 1399 1283 elementis
1424 1244 1493 1280 satis
1506 1247 1665 1282 diximus:
1683 1249 1733 1281 cui
1751 1258 1800 1282 ta-

412 1305 491 1330 rnen
500 1293 701 1342 reiplerique
713 1293 1033 1328 nonlibrostantum
1045 1322 1056 1337 ,
1081 1293 1135 1328 sed
1166 1295 1307 1342 ingentia
1332 1292 1480 1328 tribuunt
1491 1295 1670 1331 volumina.
1698 1297 1798 1331 Nunc

411 1344 453 1377 ad
467 1355 505 1377 ea
517 1355 590 1390 quae
612 1344 714 1391 magis
729 1341 801 1377 funt
822 1340 1029 1377 controversa
1041 1343 1219 1377 redeamus.
1243 1342 1388 1388 Qihaec
1398 1347 1572 1378 accuratius
1590 1344 1726 1379 metata
1744 1346 1798 1379 vi-

411 1392 488 1426 dere
504 1394 613 1439 cupit,
628 1393 652 1425 is
680 1391 824 1427 consulat
846 1391 1066 1429 Institutiones
1088 1392 1325 1426 Astronomicas
1347 1393 1438 1427 Petri
1461 1391 1610 1428 Galsendi
1625 1421 1635 1436 ,
1666 1405 1745 1440 quas
1765 1395 1799 1429 in

400 1440 567 1489 ¹linguam
576 1439 736 1475 Gallicam
749 1439 914 1488 eleganter
924 1442 1088 1475 convertit
1099 1442 1243 1488 optimus
1259 1445 1293 1476 &
1308 1439 1428 1476 doctus.
1438 1442 1614 1477 Bernerius.
1639 1443 1700 1476 Sed
1712 1444 1800 1489 prius·

413 1500 525 1524 tamen
534 1501 633 1536 quam
647 1489 687 1523 de
698 1487 793 1524 rebus
814 1487 1024 1524 controversis
1049 1490 1354 1537 agamus‚praecipua
1371 1491 1444 1523 artis
1467 1492 1669 1537 gnomonicae
1684 1490 1800 1525 funda-

398 1569 401 1574 ,
414 1550 525 1574 menta
541 1537 611 1573 sunt
627 1537 814 1586 explicanda
827 1552 835 1574 ε
861 1539 949 1586 quod
958 1537 978 1572 si
988 1537 1074 1573 forte
1087 1549 1124 1572 ea
1136 1549 1204 1586 quae
1217 1538 1334 1573 dicturi
1344 1536 1457 1582 sumuS,
1467 1535 1650 1579 difficiliora
1663 1539 1798 1575 videan,

399 1614 404 1627 2
414 1598 465 1625 rur
475 1616 486 1632 ‚
499 1589 700 1636 praetermitti
711 1620 715 1624 .
725 1588 861 1636 impune
870 1598 1037 1637 poterunt.

915 1654 946 1689 C
970 1656 999 1697 A
1016 1657 1051 1691 Ῥ
1075 1653 1110 1691 U
1134 1656 1165 1690 T
1226 1654 1298 1692 IV.

798 1724 876 1771 Qae
892 1721 958 1767 fint
972 1722 1053 1756 artis
1067 1724 1253 1768 gnomonicae
1268 1723 1436 1770 principia.

440 1805 443 1808 >
512 1788 559 1820 Rs
582 1789 689 1822 omnis
713 1800 785 1835 quae
801 1789 1001 1836 gnomonica
1028 1799 1179 1830 vocatur,
1206 1786 1259 1822 seu
1275 1787 1446 1835 horologia
1463 1786 1574 1824 solatia
1594 1790 1625 1821 in
1647 1786 1797 1834 quolibet

514 1835 609 1882 plano
621 1837 820 1879 delineandi,
832 1849 870 1870 ex
880 1839 989 1884 paucis
1003 1834 1055 1870 sed
1069 1836 1237 1871 intellectu
1249 1836 1351 1870 arduis
1362 1837 1485 1870 ducitur
1497 1838 1673 1883 principiis.
1693 1837 1796 1885 Qod

416 1884 436 1919 [i
451 1883 586 1933 globum
604 1885 807 1920 artificialem
818 1888 851 1921 in
867 1884 979 1920 debita
990 1884 1148 1932 positione
1161 1886 1341 1927 constituas,
1357 1885 1439 1919 adeo
1448 1897 1481 1919 ut
1499 1884 1631 1919 circulus
1646 1887 1797 1920 meridia-

416 1946 475 1969 nus
488 1933 580 1981 globi
593 1935 773 1969 meridiano
784 1935 842 1968 loci
858 1946 934 1982 apte
948 1934 1156 1983 respondeat,
1171 1940 1204 1970 δ(
1218 1935 1309 1983 polus
1320 1932 1412 1982 globi
1429 1946 1482 1968 aut
1495 1933 1615 1982 sphaerae
1632 1935 1671 1968 ad
1685 1933 1797 1982 polum

418 1984 529 2017 mundi
548 1983 712 2029 dirigatur3
726 1982 846 2019 Parisiis
860 1996 888 2015 v.
907 1996 955 2032 gr.
972 1983 1140 2018 attollatur
1160 1987 1202 2028 48
1219 1983 1370 2032 gradibus
1386 1987 1420 2019 &
1432 1997 1464 2028 52
1482 1985 1631 2017 minutis:
1652 1983 1705 2019 hic
1722 1982 1796 2030 glo-

404 2031 477 2065 -bus
490 2034 532 2065 ita
545 2031 708 2079 dispositus
722 2032 814 2067 horas
831 2033 973 2067 indicare
990 2034 1120 2080 poterit.
1141 2035 1229 2068 Nam
1245 2031 1289 2067 sol
1301 2032 1468 2067 dimidiam
1487 2031 1569 2066 illius
1583 2043 1707 2079 partem
1721 2032 1796 2066 illu-

417 2079 704 2123 strabit‚&umbra
716 2083 749 2115 in
768 2092 859 2130 parte
874 2079 930 2115 soli
946 2079 1090 2129 oppoiita
1108 2080 1278 2129 apparebit
1296 2095 1303 2117 :
1323 2083 1366 2115 ita
1382 2092 1416 2115 ut
1431 2082 1521 2115 unius
1540 2081 1624 2115 horae
1640 2079 1742 2128 spatio
1763 2093 1795 2126 ¹5

412 2130 532 2178 *gradus
555 2131 588 2163 in
613 2141 776 2177 aequatore
789 2158 798 2172 ,
810 2132 868 2177 qui
881 2141 1006 2164 motum
1028 2131 1176 2165 diurnum
1194 2131 1362 2165 dimetitur
1376 2159 1386 2173 ,
1398 2131 1532 2164 omnino
1545 2140 1716 2176 percurrat.
1730 2129 1795 2174 Sed

418 2191 482 2226 qua
492 2180 617 2213 ratione
633 2180 666 2213 in
685 2178 781 2227 plano
798 2177 950 2226 quolibet
968 2191 998 2215 v,
1011 2191 1057 2227 gr.
1081 2181 1115 2214 in
1137 2182 1259 2228 pariete
1275 2180 1361 2215 horae
1380 2177 1533 2225 designari
1559 2176 1796 2223 poffint‚ante-

412 2240 518 2274 quam
530 2227 689 2274 explicare
700 2228 872 2277 ingrediar,
883 2227 997 2276 quibus
1011 2241 1058 2263 ars
1070 2228 1123 2262 illa
1133 2231 1285 2264 innitatur
1299 2228 1461 2276 principiis
1471 2255 1480 2269 ,
1492 2230 1523 2262 ὃ(
1536 2225 1618 2260 illius
1636 2227 1795 2262 theoriam

420 2289 458 2311 ex
471 2276 583 2324 insigni
596 2288 765 2324 geometra
775 2281 817 2313 D.
827 2277 905 2311 dela
919 2279 1004 2310 Hire
1020 2275 1201 2312 summatim
1213 2289 1384 2325 exponam.

459 2339 488 2359 1·
500 2326 603 2372 Qod
620 2326 640 2360 si
656 2356 665 2370 ‚
683 2339 717 2360 ut
728 2327 851 2361 dictum
866 2326 911 2360 est
927 2354 937 2368 ‚
963 2339 995 2360 ιι.
1010 2329 1167 2361 maximos
1179 2326 1322 2367 circulos,
1332 2325 1387 2370 qui
1403 2334 1459 2370 pei·
1468 2322 1559 2369 polos
1571 2324 1682 2358 mundi
1694 2324 1796 2359 trans-

413 2385 514 2418 ifiant,
533 2377 653 2424 quique
666 2388 864 2424 aequatorem
874 2377 906 2411 in
924 2386 1029 2423 partes
1050 2375 1187 2424 aequales
1205 2374 1353 2410 dividant
1364 2399 1376 2416 ‚2
1391 2374 1431 2411 ,in
1447 2371 1563 2420 spliaera
1576 2385 1630 2410 ant
1645 2375 1676 2408 in
1695 2373 1796 2421 globo

1862 454 1875 494 {l
